<?xml version="1.0" encoding="UTF-8"?>
<!DOCTYPE html PUBLIC "-//W3C//DTD XHTML 1.0 Transitional//EN"
    "http://www.w3.org/TR/xhtml1/DTD/xhtml1-transitional.dtd">
<html xmlns="http://www.w3.org/1999/xhtml" xml:lang="en" lang="en">
 <head>
  <title>
</title>
<meta http-equiv="Content-Type" content="text/html;charset=utf-8" />
  <meta name='ocr-system' content='tesseract 3.04.00' />
  <meta name='ocr-capabilities' content='ocr_page ocr_carea ocr_par ocr_line ocrx_word'/>
</head>
<body>
  <div class='ocr_page' id='page_1' title='image "./corpusscriptoru06theogoog/corpusscriptoru06theogoog_0291.png"; bbox 0 0 3017 4892; ppageno 0'>
   <div class='ocr_carea' id='block_1_1' title="bbox 85 315 1396 2393">
    <p class='ocr_par' dir='ltr' id='par_1_1' title="bbox 160 315 1267 880">
     <span class='ocr_line' id='line_1_1' title="bbox 563 315 1264 414; baseline -0.001 -18"><span class='ocrx_word' id='word_1_1' title='bbox 563 349 593 361; x_wconf 90' lang='grc'><strong>’“</strong></span> <span class='ocrx_word' id='word_1_2' title='bbox 620 325 829 414; x_wconf 69' lang='lat' dir='ltr'><strong>HlSTORlA·</strong></span> <span class='ocrx_word' id='word_1_3' title='bbox 1192 315 1264 396; x_wconf 65' lang='grc'><strong>941</strong></span> 
     </span>
     <span class='ocr_line' id='line_1_2' title="bbox 162 483 1267 581; baseline 0.001 -23"><span class='ocrx_word' id='word_1_4' title='bbox 162 495 200 560; x_wconf 79' lang='grc' dir='ltr'><strong>δὲ</strong></span> <span class='ocrx_word' id='word_1_5' title='bbox 222 496 296 558; x_wconf 84' lang='grc' dir='ltr'><strong><em>θεία</em></strong></span> <span class='ocrx_word' id='word_1_6' title='bbox 319 492 488 578; x_wconf 78' lang='grc' dir='ltr'><strong><em>ἀντίληψις</em></strong></span> <span class='ocrx_word' id='word_1_7' title='bbox 508 483 613 571; x_wconf 81' lang='grc' dir='ltr'><strong><em>άλλως</em></strong></span> <span class='ocrx_word' id='word_1_8' title='bbox 634 495 740 572; x_wconf 75' lang='grc' dir='ltr'><strong><em>αὐτοῖς</em></strong></span> <span class='ocrx_word' id='word_1_9' title='bbox 764 499 898 562; x_wconf 75' lang='grc' dir='ltr'><strong>διετίθει</strong></span> <span class='ocrx_word' id='word_1_10' title='bbox 919 494 977 581; x_wconf 76' lang='grc' dir='ltr'><strong><em>την</em></strong></span> <span class='ocrx_word' id='word_1_11' title='bbox 998 495 1146 580; x_wconf 75' lang='grc' dir='ltr'><strong><em>ἔκβασιν·</em></strong></span> <span class='ocrx_word' id='word_1_12' title='bbox 1187 518 1267 581; x_wconf 90' lang='grc' dir='ltr'><strong><em>προ-</em></strong></span> 
     </span>
     <span class='ocr_line' id='line_1_3' title="bbox 161 593 1267 687; baseline 0 -27"><span class='ocrx_word' id='word_1_13' title='bbox 161 595 320 680; x_wconf 78' lang='grc' dir='ltr'><strong><em>σήρχοντο</em></strong></span> <span class='ocrx_word' id='word_1_14' title='bbox 342 593 404 680; x_wconf 77' lang='grc' dir='ltr'><strong>γάρ</strong></span> <span class='ocrx_word' id='word_1_15' title='bbox 424 600 547 678; x_wconf 78' lang='grc' dir='ltr'><strong><em>μᾶλλον</em></strong></span> <span class='ocrx_word' id='word_1_16' title='bbox 568 599 612 684; x_wconf 68' lang='lat' dir='ltr'><strong>rogi</strong></span> <span class='ocrx_word' id='word_1_17' title='bbox 625 597 833 687; x_wconf 83' lang='grc' dir='ltr'><strong><em>Βοτανειάτη,</em></strong></span> <span class='ocrx_word' id='word_1_18' title='bbox 853 596 977 684; x_wconf 77' lang='grc' dir='ltr'><strong><em>κοίτην</em></strong></span> <span class='ocrx_word' id='word_1_19' title='bbox 996 596 1155 664; x_wconf 74' lang='grc' dir='ltr'><strong><em>δούλωσιν</em></strong></span> <span class='ocrx_word' id='word_1_20' title='bbox 1167 597 1267 681; x_wconf 61' lang='lat' dir='ltr'><strong>bruay-3</strong></span> 
     </span>
     <span class='ocr_line' id='line_1_4' title="bbox 160 695 1265 787; baseline 0 -27"><span class='ocrx_word' id='word_1_21' title='bbox 160 699 316 779; x_wconf 71' lang='lat' dir='ltr'><strong>ys&#39;iiomo,</strong></span> <span class='ocrx_word' id='word_1_22' title='bbox 335 698 390 760; x_wconf 79' lang='grc' dir='ltr'><strong><em>καί</em></strong></span> <span class='ocrx_word' id='word_1_23' title='bbox 410 704 594 779; x_wconf 80' lang='grc' dir='ltr'><em>συμμαχεῖν</em></span> <span class='ocrx_word' id='word_1_24' title='bbox 616 696 843 780; x_wconf 75' lang='grc' dir='ltr'><strong><em>ὑπισχνοῦντο,</em></strong></span> <span class='ocrx_word' id='word_1_25' title='bbox 872 703 926 763; x_wconf 85' lang='grc' dir='ltr'><strong><em>καί</em></strong></span> <span class='ocrx_word' id='word_1_26' title='bbox 946 703 996 787; x_wconf 77' lang='grc' dir='ltr'><strong>’τῇ</strong></span> <span class='ocrx_word' id='word_1_27' title='bbox 1022 695 1120 786; x_wconf 79' lang='grc' dir='ltr'><strong><em>μοι’ρρ</em></strong></span> <span class='ocrx_word' id='word_1_28' title='bbox 1151 695 1265 762; x_wconf 78' lang='grc' dir='ltr'><strong><em>τούτου</em></strong></span> 
     </span>
     <span class='ocr_line' id='line_1_5' title="bbox 160 789 1267 880; baseline 0 -22"><span class='ocrx_word' id='word_1_29' title='bbox 160 799 349 862; x_wconf 80' lang='grc' dir='ltr'><strong><em>συνέταττον</em></strong></span> <span class='ocrx_word' id='word_1_30' title='bbox 381 789 527 872; x_wconf 76' lang='grc' dir='ltr'><strong><em>ἑαυτούς.</em></strong></span> <span class='ocrx_word' id='word_1_31' title='bbox 570 789 639 860; x_wconf 77' lang='grc' dir='ltr'><strong><em>ὅσοι</em></strong></span> <span class='ocrx_word' id='word_1_32' title='bbox 661 799 696 862; x_wconf 82' lang='grc' dir='ltr'><strong>δὲ</strong></span> <span class='ocrx_word' id='word_1_33' title='bbox 716 795 796 880; x_wconf 88' lang='grc' dir='ltr'><strong><em>πράς</em></strong></span> <span class='ocrx_word' id='word_1_34' title='bbox 816 795 1093 874; x_wconf 76' lang='grc' dir='ltr'><strong><em>ἄντι-καταστάσεις</em></strong></span> <span class='ocrx_word' id='word_1_35' title='bbox 1126 799 1181 860; x_wconf 85' lang='grc' dir='ltr'><strong><em>καί</em></strong></span> <span class='ocrx_word' id='word_1_36' title='bbox 1198 791 1267 878; x_wconf 86' lang='grc' dir='ltr'><strong>μά-</strong></span> 
     </span>
    </p>

    <p class='ocr_par' dir='ltr' id='par_1_2' title="bbox 130 892 1325 1385">
     <span class='ocr_line' id='line_1_6' title="bbox 130 892 1325 984; baseline 0.007 -31"><span class='ocrx_word' id='word_1_37' title='bbox 130 902 150 953; x_wconf 85' lang='grc'>5</span> <span class='ocrx_word' id='word_1_38' title='bbox 161 919 224 979; x_wconf 86' lang='grc' dir='ltr'><strong><em>χας</em></strong></span> <span class='ocrx_word' id='word_1_39' title='bbox 247 892 430 978; x_wconf 80' lang='grc' dir='ltr'><strong><em>ἐτράποντο,</em></strong></span> <span class='ocrx_word' id='word_1_40' title='bbox 455 896 529 978; x_wconf 88' lang='grc' dir='ltr'><strong><em>παρ’</em></strong></span> <span class='ocrx_word' id='word_1_41' title='bbox 552 895 654 960; x_wconf 74' lang='grc' dir='ltr'><strong><em>αὐτοῦ</em></strong></span> <span class='ocrx_word' id='word_1_42' title='bbox 675 897 728 961; x_wconf 83' lang='grc' dir='ltr'><strong><em>καί</em></strong></span> <span class='ocrx_word' id='word_1_43' title='bbox 754 899 816 964; x_wconf 76' lang='grc' dir='ltr'><strong><em>τεάν</em></strong></span> <span class='ocrx_word' id='word_1_44' title='bbox 835 899 927 964; x_wconf 79' lang='grc' dir='ltr'><strong><em>ι’δίων</em></strong></span> <span class='ocrx_word' id='word_1_45' title='bbox 957 900 1160 984; x_wconf 76' lang='grc' dir='ltr'><strong><em>στρατιωτῶν</em></strong></span> <span class='ocrx_word' id='word_1_46' title='bbox 1193 893 1267 975; x_wconf 78' lang='grc' dir='ltr'><strong><em>ἐξά·</em></strong></span> <span class='ocrx_word' id='word_1_47' title='bbox 1320 904 1325 910; x_wconf 79' lang='grc'>’</span> 
     </span>
     <span class='ocr_line' id='line_1_7' title="bbox 161 991 1266 1082; baseline 0.002 -22"><span class='ocrx_word' id='word_1_48' title='bbox 161 991 426 1079; x_wconf 72' lang='grc' dir='ltr'><strong><em>κως-ἡττώμενοι</em></strong></span> <span class='ocrx_word' id='word_1_49' title='bbox 441 992 578 1071; x_wconf 83' lang='grc' dir='ltr'><strong><em>πολλοάς</em></strong></span> <span class='ocrx_word' id='word_1_50' title='bbox 599 1001 658 1076; x_wconf 83' lang='grc' dir='ltr'><strong>μὲν</strong></span> <span class='ocrx_word' id='word_1_51' title='bbox 680 1001 744 1062; x_wconf 75' lang='grc' dir='ltr'><strong><em>τῶν</em></strong></span> <span class='ocrx_word' id='word_1_52' title='bbox 767 1001 890 1064; x_wconf 79' lang='grc' dir='ltr'><strong><em>οἰκείων</em></strong></span> <span class='ocrx_word' id='word_1_53' title='bbox 913 1001 1091 1082; x_wconf 76' lang='grc' dir='ltr'><strong><em>ἀπέβαλον,</em></strong></span> <span class='ocrx_word' id='word_1_54' title='bbox 1115 991 1206 1063; x_wconf 82' lang='grc' dir='ltr'><strong><em>άλλοι</em></strong></span> <span class='ocrx_word' id='word_1_55' title='bbox 1230 999 1266 1062; x_wconf 78' lang='grc' dir='ltr'><strong>δὲ</strong></span> 
     </span>
     <span class='ocr_line' id='line_1_8' title="bbox 165 1096 1264 1186; baseline 0.007 -26"><span class='ocrx_word' id='word_1_56' title='bbox 165 1096 257 1186; x_wconf 81' lang='grc' dir='ltr'><strong><em>φάβρι</em></strong></span> <span class='ocrx_word' id='word_1_57' title='bbox 275 1099 446 1181; x_wconf 77' lang='grc' dir='ltr'><strong><em>βληθέντες</em></strong></span> <span class='ocrx_word' id='word_1_58' title='bbox 472 1099 559 1185; x_wconf 76' lang='grc' dir='ltr'><strong>φυγῇ</strong></span> <span class='ocrx_word' id='word_1_59' title='bbox 582 1100 823 1186; x_wconf 71' lang='grc' dir='ltr'><strong><em>τηνσωτηρίαν</em></strong></span> <span class='ocrx_word' id='word_1_60' title='bbox 847 1098 953 1167; x_wconf 78' lang='grc' dir='ltr'><strong><em>αάτοὸν</em></strong></span> <span class='ocrx_word' id='word_1_61' title='bbox 981 1096 1264 1185; x_wconf 79' lang='grc' dir='ltr'><strong><em>ε’πραγμαιεάοντο.</em></strong></span> 
     </span>
     <span class='ocr_line' id='line_1_9' title="bbox 161 1194 1266 1291; baseline 0.003 -30"><span class='ocrx_word' id='word_1_62' title='bbox 161 1197 274 1262; x_wconf 76' lang='grc' dir='ltr'><strong><em>πολλοὶ</em></strong></span> <span class='ocrx_word' id='word_1_63' title='bbox 298 1199 333 1262; x_wconf 84' lang='grc' dir='ltr'><strong>δὲ</strong></span> <span class='ocrx_word' id='word_1_64' title='bbox 352 1201 417 1262; x_wconf 76' lang='grc' dir='ltr'><strong><em>τῶν</em></strong></span> <span class='ocrx_word' id='word_1_65' title='bbox 435 1194 602 1281; x_wconf 86' lang='grc' dir='ltr'><strong><em>Ῥωμαίων</em></strong></span> <span class='ocrx_word' id='word_1_66' title='bbox 621 1200 849 1288; x_wconf 76' lang='grc' dir='ltr'><strong><em>άντικαστῆναι</em></strong></span> <span class='ocrx_word' id='word_1_67' title='bbox 866 1202 968 1291; x_wconf 77' lang='grc' dir='ltr'><strong><em>τούτῳ</em></strong></span> <span class='ocrx_word' id='word_1_68' title='bbox 989 1205 1178 1286; x_wconf 78' lang='grc' dir='ltr'><strong><em>θελήσαντες</em></strong></span> <span class='ocrx_word' id='word_1_69' title='bbox 1203 1198 1266 1266; x_wconf 83' lang='grc' dir='ltr'><strong><em>ου’-</em></strong></span> 
     </span>
     <span class='ocr_line' id='line_1_10' title="bbox 161 1294 594 1385; baseline 0.005 -22"><span class='ocrx_word' id='word_1_70' title='bbox 161 1307 226 1374; x_wconf 87' lang='grc' dir='ltr'><strong>τοῖς</strong></span> <span class='ocrx_word' id='word_1_71' title='bbox 251 1303 417 1385; x_wconf 77' lang='grc' dir='ltr'><strong><em>φρουρίοις</em></strong></span> <span class='ocrx_word' id='word_1_72' title='bbox 439 1294 594 1365; x_wconf 71' lang='grc' dir='ltr'><strong><em>ἑάλωσαν.</em></strong></span> 
     </span>
    </p>

    <p class='ocr_par' dir='ltr' id='par_1_3' title="bbox 114 1394 1396 1689">
     <span class='ocr_line' id='line_1_11' title="bbox 114 1394 1396 1498; baseline 0.009 -39"><span class='ocrx_word' id='word_1_73' title='bbox 114 1407 152 1462; x_wconf 88' lang='lat' dir='ltr'><strong>to</strong></span> <span class='ocrx_word' id='word_1_74' title='bbox 252 1399 382 1487; x_wconf 65' lang='grc' dir='ltr'><strong><em>’Τρίτην</em></strong></span> <span class='ocrx_word' id='word_1_75' title='bbox 405 1403 440 1465; x_wconf 84' lang='grc' dir='ltr'><strong>δὲ</strong></span> <span class='ocrx_word' id='word_1_76' title='bbox 463 1394 589 1486; x_wconf 72' lang='grc' dir='ltr'><strong><em>ἄγοντος</em></strong></span> <span class='ocrx_word' id='word_1_77' title='bbox 612 1405 669 1467; x_wconf 75' lang='grc' dir='ltr'><strong><em>τοῦ</em></strong></span> <span class='ocrx_word' id='word_1_78' title='bbox 697 1403 875 1498; x_wconf 79' lang='grc' dir='ltr'><strong><em>άκτωβρίου</em></strong></span> <span class='ocrx_word' id='word_1_79' title='bbox 894 1403 1001 1490; x_wconf 87' lang='grc' dir='ltr'><strong><em>μηνός,</em></strong></span> <span class='ocrx_word' id='word_1_80' title='bbox 1023 1408 1079 1470; x_wconf 82' lang='grc' dir='ltr'><strong><em>καί</em></strong></span> <span class='ocrx_word' id='word_1_81' title='bbox 1097 1407 1265 1487; x_wconf 80' lang='grc' dir='ltr'><strong><em>μέλλοντος</em></strong></span> <span class='ocrx_word' id='word_1_82' title='bbox 1275 1413 1295 1468; x_wconf 86' lang='lat' dir='ltr'><strong>l.</strong></span> <span class='ocrx_word' id='word_1_83' title='bbox 1305 1414 1396 1472; x_wconf 75' lang='lat' dir='ltr'><strong>219s.</strong></span> 
     </span>
     <span class='ocr_line' id='line_1_12' title="bbox 158 1500 1266 1590; baseline 0.001 -23"><span class='ocrx_word' id='word_1_84' title='bbox 158 1505 217 1567; x_wconf 80' lang='grc' dir='ltr'><strong><em>τοῦ</em></strong></span> <span class='ocrx_word' id='word_1_85' title='bbox 240 1500 457 1568; x_wconf 87' lang='grc' dir='ltr'><strong><em>Βοτανειάτου</em></strong></span> <span class='ocrx_word' id='word_1_86' title='bbox 478 1504 533 1586; x_wconf 75' lang='grc' dir='ltr'><strong><em>τὴν</em></strong></span> <span class='ocrx_word' id='word_1_87' title='bbox 556 1505 726 1587; x_wconf 65' lang='grc' dir='ltr'><strong><em>βασιλικήν</em></strong></span> <span class='ocrx_word' id='word_1_88' title='bbox 759 1508 930 1590; x_wconf 77' lang='grc' dir='ltr'><strong><em>ἐπιστῆσαι</em></strong></span> <span class='ocrx_word' id='word_1_89' title='bbox 952 1502 1085 1590; x_wconf 81' lang='grc' dir='ltr'><strong><em>σκηνήν,</em></strong></span> <span class='ocrx_word' id='word_1_90' title='bbox 1109 1503 1165 1568; x_wconf 81' lang='grc' dir='ltr'><strong><em>καί</em></strong></span> <span class='ocrx_word' id='word_1_91' title='bbox 1184 1501 1266 1568; x_wconf 81' lang='grc' dir='ltr'><strong><em>ταά·</em></strong></span> 
     </span>
     <span class='ocr_line' id='line_1_13' title="bbox 159 1600 1267 1689; baseline 0.004 -22"><span class='ocrx_word' id='word_1_92' title='bbox 159 1627 216 1686; x_wconf 91' lang='grc' dir='ltr'><strong><em>της</em></strong></span> <span class='ocrx_word' id='word_1_93' title='bbox 239 1605 450 1689; x_wconf 73' lang='grc' dir='ltr'><strong><em>σκηνοπηγίαν</em></strong></span> <span class='ocrx_word' id='word_1_94' title='bbox 471 1607 738 1688; x_wconf 77' lang='grc' dir='ltr'><strong><em>προτρεψαμένου</em></strong></span> <span class='ocrx_word' id='word_1_95' title='bbox 763 1607 911 1686; x_wconf 80' lang='grc' dir='ltr'><strong><em>γενέσθαι</em></strong></span> <span class='ocrx_word' id='word_1_96' title='bbox 932 1604 987 1667; x_wconf 87' lang='grc' dir='ltr'><strong>διά</strong></span> <span class='ocrx_word' id='word_1_97' title='bbox 1006 1605 1062 1688; x_wconf 75' lang='grc' dir='ltr'><strong><em>την</em></strong></span> <span class='ocrx_word' id='word_1_98' title='bbox 1081 1600 1190 1680; x_wconf 74' lang='grc' dir='ltr'><strong><em>ἔξοδον</em></strong></span> <span class='ocrx_word' id='word_1_99' title='bbox 1210 1607 1267 1671; x_wconf 85' lang='grc' dir='ltr'><strong><em>καί</em></strong></span> 
     </span>
    </p>

    <p class='ocr_par' dir='ltr' id='par_1_4' title="bbox 85 1695 1265 1893">
     <span class='ocr_line' id='line_1_14' title="bbox 85 1695 1265 1789; baseline 0.002 -22"><span class='ocrx_word' id='word_1_100' title='bbox 85 1732 92 1740; x_wconf 94' lang='grc'><em>·</em></span> <span class='ocrx_word' id='word_1_101' title='bbox 159 1702 217 1787; x_wconf 73' lang='grc' dir='ltr'><strong><em>τήν</em></strong></span> <span class='ocrx_word' id='word_1_102' title='bbox 238 1705 285 1777; x_wconf 88' lang='grc' dir='ltr'><strong>είς</strong></span> <span class='ocrx_word' id='word_1_103' title='bbox 306 1700 365 1786; x_wconf 71' lang='grc' dir='ltr'><strong><em>την</em></strong></span> <span class='ocrx_word' id='word_1_104' title='bbox 382 1701 618 1784; x_wconf 80' lang='grc' dir='ltr'><strong><em>βασιλεύουσαν</em></strong></span> <span class='ocrx_word' id='word_1_105' title='bbox 638 1701 775 1786; x_wconf 81' lang='grc' dir='ltr'><strong><em>πρόοδον</em></strong></span> <span class='ocrx_word' id='word_1_106' title='bbox 798 1701 847 1788; x_wconf 80' lang='grc' dir='ltr'><strong>(ἐν</strong></span> <span class='ocrx_word' id='word_1_107' title='bbox 868 1701 1056 1785; x_wconf 66' lang='grc' dir='ltr'><strong><em>πεποιθήσει</em></strong></span> <span class='ocrx_word' id='word_1_108' title='bbox 1078 1702 1138 1789; x_wconf 75' lang='grc' dir='ltr'><strong>γάρ</strong></span> <span class='ocrx_word' id='word_1_109' title='bbox 1161 1695 1199 1788; x_wconf 77' lang='grc' dir='ltr'><strong>ἦν</strong></span> <span class='ocrx_word' id='word_1_110' title='bbox 1222 1703 1265 1781; x_wconf 76' lang='grc' dir='ltr'><strong>ὥς</strong></span> 
     </span>
     <span class='ocr_line' id='line_1_15' title="bbox 161 1801 1265 1893; baseline 0.004 -27"><span class='ocrx_word' id='word_1_111' title='bbox 161 1801 324 1885; x_wconf 85' lang='grc' dir='ltr'><strong><em>δρομαίως</em></strong></span> <span class='ocrx_word' id='word_1_112' title='bbox 357 1804 411 1882; x_wconf 77' lang='grc' dir='ltr'><strong><em>τῆς</em></strong></span> <span class='ocrx_word' id='word_1_113' title='bbox 444 1803 678 1888; x_wconf 76' lang='grc' dir='ltr'><strong><em>βασιλευούσης</em></strong></span> <span class='ocrx_word' id='word_1_114' title='bbox 707 1805 881 1885; x_wconf 77' lang='grc' dir='ltr'><strong><em>βασιλικῶς</em></strong></span> <span class='ocrx_word' id='word_1_115' title='bbox 911 1801 1128 1893; x_wconf 70' lang='grc' dir='ltr'><strong><em>ἐπιβήσεται),</em></strong></span> <span class='ocrx_word' id='word_1_116' title='bbox 1151 1807 1265 1887; x_wconf 72' lang='grc' dir='ltr'><strong><em>θαῦμά</em></strong></span> 
     </span>
    </p>

    <p class='ocr_par' dir='ltr' id='par_1_5' title="bbox 115 1899 1362 2393">
     <span class='ocr_line' id='line_1_16' title="bbox 115 1899 1265 1990; baseline 0.009 -30"><span class='ocrx_word' id='word_1_117' title='bbox 115 1910 150 1963; x_wconf 85' lang='grc'><strong>15</strong></span> <span class='ocrx_word' id='word_1_118' title='bbox 162 1927 193 1967; x_wconf 88' lang='grc' dir='ltr'><strong><em>τι</em></strong></span> <span class='ocrx_word' id='word_1_119' title='bbox 215 1906 270 1966; x_wconf 82' lang='grc' dir='ltr'><strong><em>καί</em></strong></span> <span class='ocrx_word' id='word_1_120' title='bbox 291 1903 386 1984; x_wconf 79' lang='grc' dir='ltr'><strong><em>τέρας</em></strong></span> <span class='ocrx_word' id='word_1_121' title='bbox 407 1905 544 1979; x_wconf 81' lang='grc' dir='ltr'><strong><em>ἐξαίσιον</em></strong></span> <span class='ocrx_word' id='word_1_122' title='bbox 565 1900 599 1968; x_wconf 75' lang='grc' dir='ltr'><strong>ἐν</strong></span> <span class='ocrx_word' id='word_1_123' title='bbox 616 1904 798 1990; x_wconf 80' lang='grc' dir='ltr'><strong><em>ὀφθαλμοῖς</em></strong></span> <span class='ocrx_word' id='word_1_124' title='bbox 820 1902 1000 1988; x_wconf 87' lang='grc' dir='ltr'><strong><em>καθωράθη</em></strong></span> <span class='ocrx_word' id='word_1_125' title='bbox 1022 1907 1156 1971; x_wconf 92' lang='grc' dir='ltr'><strong><em>πάντων.</em></strong></span> <span class='ocrx_word' id='word_1_126' title='bbox 1201 1899 1265 1970; x_wconf 77' lang='grc' dir='ltr'><strong><em>αὕ-</em></strong></span> 
     </span>
     <span class='ocr_line' id='line_1_17' title="bbox 160 2000 1264 2092; baseline -0.003 -23"><span class='ocrx_word' id='word_1_127' title='bbox 160 2012 214 2070; x_wconf 91' lang='grc' dir='ltr'><strong>λον</strong></span> <span class='ocrx_word' id='word_1_128' title='bbox 234 2000 296 2088; x_wconf 76' lang='grc' dir='ltr'><strong>γάρ</strong></span> <span class='ocrx_word' id='word_1_129' title='bbox 319 2007 407 2087; x_wconf 76' lang='grc' dir='ltr'><strong><em>πάρ,</em></strong></span> <span class='ocrx_word' id='word_1_130' title='bbox 437 2002 479 2079; x_wconf 76' lang='grc' dir='ltr'><strong>ὥς</strong></span> <span class='ocrx_word' id='word_1_131' title='bbox 499 2001 560 2070; x_wconf 88' lang='grc' dir='ltr'><strong>άπό</strong></span> <span class='ocrx_word' id='word_1_132' title='bbox 585 2007 685 2088; x_wconf 77' lang='grc' dir='ltr'><strong><em>πηγῆς</em></strong></span> <span class='ocrx_word' id='word_1_133' title='bbox 707 2004 885 2088; x_wconf 84' lang='grc' dir='ltr'><strong><em>α’ναβλάζον</em></strong></span> <span class='ocrx_word' id='word_1_134' title='bbox 911 2006 967 2071; x_wconf 74' lang='grc' dir='ltr'><strong><em>κατ’</em></strong></span> <span class='ocrx_word' id='word_1_135' title='bbox 987 2005 1067 2088; x_wconf 78' lang='grc' dir='ltr'><strong><em>πρὸς</em></strong></span> <span class='ocrx_word' id='word_1_136' title='bbox 1090 2009 1170 2092; x_wconf 82' lang='grc' dir='ltr'><strong><em>α’ἐρα</em></strong></span> <span class='ocrx_word' id='word_1_137' title='bbox 1188 2008 1264 2091; x_wconf 85' lang='grc' dir='ltr'><strong><em>χεά.</em></strong></span> 
     </span>
     <span class='ocr_line' id='line_1_18' title="bbox 158 2097 1264 2193; baseline 0.005 -26"><span class='ocrx_word' id='word_1_138' title='bbox 158 2128 261 2188; x_wconf 86' lang='grc' dir='ltr'><strong><em>μενον,</em></strong></span> <span class='ocrx_word' id='word_1_139' title='bbox 274 2099 362 2187; x_wconf 83' lang='grc' dir='ltr'><strong><em>,πράς</em></strong></span> <span class='ocrx_word' id='word_1_140' title='bbox 383 2101 439 2187; x_wconf 73' lang='grc' dir='ltr'><strong><em>τὴν</em></strong></span> <span class='ocrx_word' id='word_1_141' title='bbox 460 2097 542 2168; x_wconf 73' lang='grc' dir='ltr'><strong><em>ἐάαν</em></strong></span> <span class='ocrx_word' id='word_1_142' title='bbox 565 2103 724 2190; x_wconf 82' lang='grc' dir='ltr'><strong><em>κατεφάνη</em></strong></span> <span class='ocrx_word' id='word_1_143' title='bbox 745 2105 821 2189; x_wconf 78' lang='grc' dir='ltr'><strong><em>περί</em></strong></span> <span class='ocrx_word' id='word_1_144' title='bbox 836 2107 966 2188; x_wconf 79' lang='grc' dir='ltr'><strong><em>πρώτας</em></strong></span> <span class='ocrx_word' id='word_1_145' title='bbox 987 2106 1095 2181; x_wconf 84' lang='grc' dir='ltr'><strong><em>νυκτὸς</em></strong></span> <span class='ocrx_word' id='word_1_146' title='bbox 1108 2109 1264 2193; x_wconf 85' lang='grc' dir='ltr'><strong><em>φυλακάς.</em></strong></span> 
     </span>
     <span class='ocr_line' id='line_1_19' title="bbox 160 2196 1362 2292; baseline 0.002 -22"><span class='ocrx_word' id='word_1_147' title='bbox 160 2209 215 2270; x_wconf 83' lang='grc' dir='ltr'><strong><em>καί</em></strong></span> <span class='ocrx_word' id='word_1_148' title='bbox 235 2196 274 2288; x_wconf 80' lang='grc' dir='ltr'><strong>ἦν</strong></span> <span class='ocrx_word' id='word_1_149' title='bbox 306 2204 322 2269; x_wconf 84' lang='grc' dir='ltr'>ὁ</span> <span class='ocrx_word' id='word_1_150' title='bbox 351 2196 415 2287; x_wconf 67' lang='lat' dir='ltr'><strong>abin</strong></span> <span class='ocrx_word' id='word_1_151' title='bbox 438 2207 552 2292; x_wconf 80' lang='grc' dir='ltr'><strong><em>φλογὸς</em></strong></span> <span class='ocrx_word' id='word_1_152' title='bbox 581 2209 728 2289; x_wconf 81' lang='grc' dir='ltr'><strong><em>καθαράς</em></strong></span> <span class='ocrx_word' id='word_1_153' title='bbox 761 2212 999 2290; x_wconf 76' lang='grc' dir='ltr'><strong><em>πεπλησμένας,</em></strong></span> <span class='ocrx_word' id='word_1_154' title='bbox 1025 2210 1080 2272; x_wconf 85' lang='grc' dir='ltr'><strong><em>καί</em></strong></span> <span class='ocrx_word' id='word_1_155' title='bbox 1100 2205 1261 2292; x_wconf 79' lang='grc' dir='ltr'><strong><em>φίρωντά</em></strong></span> <span class='ocrx_word' id='word_1_156' title='bbox 1359 2242 1362 2248; x_wconf 91' lang='grc'><strong><em>·</em></strong></span> 
     </span>
     <span class='ocr_line' id='line_1_20' title="bbox 159 2297 1264 2393; baseline 0.001 -22"><span class='ocrx_word' id='word_1_157' title='bbox 159 2311 217 2371; x_wconf 76' lang='grc' dir='ltr'><strong><em>τοῦ</em></strong></span> <span class='ocrx_word' id='word_1_158' title='bbox 240 2303 342 2390; x_wconf 83' lang='grc' dir='ltr'><strong><em>πυράς</em></strong></span> <span class='ocrx_word' id='word_1_159' title='bbox 367 2304 472 2389; x_wconf 76' lang='grc' dir='ltr'><strong><em>ῥεῦμα</em></strong></span> <span class='ocrx_word' id='word_1_160' title='bbox 494 2310 591 2393; x_wconf 79' lang='grc' dir='ltr'><strong><em>μέχρι</em></strong></span> <span class='ocrx_word' id='word_1_161' title='bbox 615 2297 821 2390; x_wconf 78' lang='grc' dir='ltr'><strong><em>Χαλκηδόνος</em></strong></span> <span class='ocrx_word' id='word_1_162' title='bbox 845 2307 901 2371; x_wconf 82' lang='grc' dir='ltr'><strong><em>καί</em></strong></span> <span class='ocrx_word' id='word_1_163' title='bbox 911 2305 1148 2389; x_wconf 82' lang='grc' dir='ltr'><strong><em>Χρυσοπόλεως</em></strong></span> <span class='ocrx_word' id='word_1_164' title='bbox 1161 2332 1264 2372; x_wconf 89' lang='grc' dir='ltr'><strong><em>κατα-</em></strong></span> 
     </span>
    </p>
   </div>
   <div class='ocr_carea' id='block_1_2' title="bbox 114 2397 1348 2795">
    <p class='ocr_par' dir='ltr' id='par_1_6' title="bbox 114 2397 1348 2795">
     <span class='ocr_line' id='line_1_21' title="bbox 114 2397 1348 2494; baseline 0.002 -23"><span class='ocrx_word' id='word_1_165' title='bbox 114 2404 325 2492; x_wconf 75' lang='grc' dir='ltr'><strong><em>λθπληκτικάν</em></strong></span> <span class='ocrx_word' id='word_1_166' title='bbox 346 2409 401 2470; x_wconf 87' lang='grc' dir='ltr'><strong><em>καί</em></strong></span> <span class='ocrx_word' id='word_1_167' title='bbox 418 2405 489 2472; x_wconf 88' lang='grc' dir='ltr'><strong><em>λίαν</em></strong></span> <span class='ocrx_word' id='word_1_168' title='bbox 513 2403 696 2491; x_wconf 76' lang='grc' dir='ltr'><strong><em>ὑπερφυές·</em></strong></span> <span class='ocrx_word' id='word_1_169' title='bbox 741 2405 868 2480; x_wconf 81' lang='grc' dir='ltr'><strong><em>οάδέπω</em></strong></span> <span class='ocrx_word' id='word_1_170' title='bbox 888 2403 950 2490; x_wconf 78' lang='grc' dir='ltr'><strong>γάρ</strong></span> <span class='ocrx_word' id='word_1_171' title='bbox 974 2408 1080 2482; x_wconf 81' lang='grc' dir='ltr'><strong><em>οάδείς</em></strong></span> <span class='ocrx_word' id='word_1_172' title='bbox 1110 2403 1174 2474; x_wconf 81' lang='grc' dir='ltr'><strong><em>εἶδε</em></strong></span> <span class='ocrx_word' id='word_1_173' title='bbox 1198 2411 1263 2494; x_wconf 79' lang='grc' dir='ltr'><strong>πάρ</strong></span> <span class='ocrx_word' id='word_1_174' title='bbox 1341 2397 1348 2407; x_wconf 54' lang='lat'><strong>⁴</strong></span> 
     </span>
     <span class='ocr_line' id='line_1_22' title="bbox 159 2502 1262 2593; baseline -0.001 -18"><span class='ocrx_word' id='word_1_175' title='bbox 159 2502 255 2575; x_wconf 79' lang='grc' dir='ltr'><strong><em>αάλον</em></strong></span> <span class='ocrx_word' id='word_1_176' title='bbox 275 2507 329 2573; x_wconf 80' lang='grc' dir='ltr'><strong><em>ε’πί</em></strong></span> <span class='ocrx_word' id='word_1_177' title='bbox 347 2509 404 2592; x_wconf 77' lang='grc' dir='ltr'><strong>γῆς</strong></span> <span class='ocrx_word' id='word_1_178' title='bbox 425 2503 469 2584; x_wconf 81' lang='grc' dir='ltr'><strong>άς</strong></span> <span class='ocrx_word' id='word_1_179' title='bbox 493 2505 554 2572; x_wconf 85' lang='grc' dir='ltr'><strong>άπά</strong></span> <span class='ocrx_word' id='word_1_180' title='bbox 573 2509 672 2592; x_wconf 72' lang='grc' dir='ltr'><strong><em>πηγῆς</em></strong></span> <span class='ocrx_word' id='word_1_181' title='bbox 696 2507 875 2589; x_wconf 86' lang='grc' dir='ltr'><strong><em>άναβλάζον</em></strong></span> <span class='ocrx_word' id='word_1_182' title='bbox 890 2506 945 2574; x_wconf 83' lang='grc' dir='ltr'><strong><em>καί</em></strong></span> <span class='ocrx_word' id='word_1_183' title='bbox 956 2507 991 2573; x_wconf 86' lang='grc' dir='ltr'><strong><em>τὸ</em></strong></span> <span class='ocrx_word' id='word_1_184' title='bbox 1006 2513 1153 2593; x_wconf 82' lang='grc' dir='ltr'><strong><em>περιέχον</em></strong></span> <span class='ocrx_word' id='word_1_185' title='bbox 1175 2507 1262 2575; x_wconf 87' lang='grc' dir='ltr'><strong><em>άπαν</em></strong></span> 
     </span>
     <span class='ocr_line' id='line_1_23' title="bbox 157 2603 1261 2696; baseline 0 -22"><span class='ocrx_word' id='word_1_186' title='bbox 157 2612 315 2696; x_wconf 74' lang='grc' dir='ltr'><strong><em>ἐκπυροῦν</em></strong></span> <span class='ocrx_word' id='word_1_187' title='bbox 344 2613 398 2674; x_wconf 80' lang='grc' dir='ltr'><strong><em>καί</em></strong></span> <span class='ocrx_word' id='word_1_188' title='bbox 419 2611 691 2694; x_wconf 83' lang='grc' dir='ltr'><strong><em>άποσπινθηρίζον</em></strong></span> <span class='ocrx_word' id='word_1_189' title='bbox 721 2607 783 2690; x_wconf 81' lang='grc' dir='ltr'><strong>οάχ</strong></span> <span class='ocrx_word' id='word_1_190' title='bbox 809 2603 933 2691; x_wconf 76' lang='grc' dir='ltr'><strong><em>ἥκιστα.</em></strong></span> <span class='ocrx_word' id='word_1_191' title='bbox 987 2608 1049 2673; x_wconf 86' lang='grc' dir='ltr'><strong>άπὸ</strong></span> <span class='ocrx_word' id='word_1_192' title='bbox 1072 2613 1107 2674; x_wconf 81' lang='grc' dir='ltr'><strong>δὲ</strong></span> <span class='ocrx_word' id='word_1_193' title='bbox 1129 2614 1261 2694; x_wconf 88' lang='grc' dir='ltr'><strong><em>Χρυσο-</em></strong></span> 
     </span>
     <span class='ocr_line' id='line_1_24' title="bbox 159 2706 1261 2795; baseline 0.003 -21"><span class='ocrx_word' id='word_1_194' title='bbox 159 2706 279 2787; x_wconf 84' lang='grc' dir='ltr'><strong><em>πόλεως</em></strong></span> <span class='ocrx_word' id='word_1_195' title='bbox 300 2710 357 2775; x_wconf 85' lang='grc' dir='ltr'><strong><em>τὸν</em></strong></span> <span class='ocrx_word' id='word_1_196' title='bbox 387 2711 444 2774; x_wconf 80' lang='grc' dir='ltr'><strong><em>τοῦ</em></strong></span> <span class='ocrx_word' id='word_1_197' title='bbox 467 2712 575 2773; x_wconf 79' lang='grc' dir='ltr'><strong><em>στενοῦ</em></strong></span> <span class='ocrx_word' id='word_1_198' title='bbox 595 2706 741 2791; x_wconf 83' lang='grc' dir='ltr'><strong><em>πορθμὸν</em></strong></span> <span class='ocrx_word' id='word_1_199' title='bbox 771 2707 986 2794; x_wconf 76' lang='grc' dir='ltr'><strong><em>ὑπερβεβηκὸς</em></strong></span> <span class='ocrx_word' id='word_1_200' title='bbox 1015 2708 1059 2795; x_wconf 76' lang='grc' dir='ltr'><strong>πῇ</strong></span> <span class='ocrx_word' id='word_1_201' title='bbox 1079 2713 1140 2791; x_wconf 82' lang='grc' dir='ltr'><strong>μὲν</strong></span> <span class='ocrx_word' id='word_1_202' title='bbox 1161 2706 1202 2774; x_wconf 85' lang='grc' dir='ltr'><strong><em>τά</em></strong></span> <span class='ocrx_word' id='word_1_203' title='bbox 1226 2713 1261 2777; x_wconf 81' lang='grc' dir='ltr'><strong>ἒν</strong></span> 
     </span>
    </p>
   </div>
   <div class='ocr_carea' id='block_1_3' title="bbox 231 2869 341 2926">
    <p class='ocr_par' dir='ltr' id='par_1_7' title="bbox 231 2869 341 2926">
     <span class='ocr_line' id='line_1_25' title="bbox 231 2869 341 2926; baseline -0.036 -1"><span class='ocrx_word' id='word_1_204' title='bbox 231 2869 293 2926; x_wconf 75' lang='grc' dir='ltr'><strong><em>οἶδε</em></strong></span> <span class='ocrx_word' id='word_1_205' title='bbox 311 2869 341 2924; x_wconf 83' lang='lat' dir='ltr'><strong>G.</strong></span> 
     </span>
    </p>
   </div>
   <div class='ocr_carea' id='block_1_4' title="bbox 156 3015 1261 3514">
    <p class='ocr_par' dir='ltr' id='par_1_8' title="bbox 156 3015 1261 3514">
     <span class='ocr_line' id='line_1_26' title="bbox 158 3015 1259 3089; baseline 0.001 -16"><span class='ocrx_word' id='word_1_206' title='bbox 158 3029 255 3089; x_wconf 86' lang='lat' dir='ltr'><strong>tnrqna</strong></span> <span class='ocrx_word' id='word_1_207' title='bbox 272 3017 383 3082; x_wconf 73' lang='lat' dir='ltr'><strong>iurene,</strong></span> <span class='ocrx_word' id='word_1_208' title='bbox 403 3017 521 3070; x_wconf 81' lang='lat' dir='ltr'><strong>diuinum</strong></span> <span class='ocrx_word' id='word_1_209' title='bbox 541 3023 630 3069; x_wconf 89' lang='lat' dir='ltr'><strong>autem</strong></span> <span class='ocrx_word' id='word_1_210' title='bbox 648 3017 809 3083; x_wconf 87' lang='lat' dir='ltr'><strong>praesidium</strong></span> <span class='ocrx_word' id='word_1_211' title='bbox 825 3015 904 3069; x_wconf 90' lang='lat' dir='ltr'><strong>aliter</strong></span> <span class='ocrx_word' id='word_1_212' title='bbox 921 3018 956 3070; x_wconf 88' lang='lat' dir='ltr'><strong>iis</strong></span> <span class='ocrx_word' id='word_1_213' title='bbox 974 3017 1132 3086; x_wconf 74' lang='lat' dir='ltr'><strong>disponebat</strong></span> <span class='ocrx_word' id='word_1_214' title='bbox 1150 3021 1259 3074; x_wconf 84' lang='lat' dir='ltr'><strong>exitum.</strong></span> 
     </span>
     <span class='ocr_line' id='line_1_27' title="bbox 160 3089 1259 3157; baseline -0.004 -13"><span class='ocrx_word' id='word_1_215' title='bbox 160 3091 323 3145; x_wconf 77' lang='lat' dir='ltr'><strong>accedebant</strong></span> <span class='ocrx_word' id='word_1_216' title='bbox 354 3090 424 3141; x_wconf 90' lang='lat' dir='ltr'><strong>enim</strong></span> <span class='ocrx_word' id='word_1_217' title='bbox 443 3089 527 3156; x_wconf 77' lang='lat' dir='ltr'><strong>magis</strong></span> <span class='ocrx_word' id='word_1_218' title='bbox 547 3089 703 3143; x_wconf 87' lang='lat' dir='ltr'><strong>Botaniatae</strong></span> <span class='ocrx_word' id='word_1_219' title='bbox 730 3097 758 3141; x_wconf 89' lang='lat' dir='ltr'><strong>et</strong></span> <span class='ocrx_word' id='word_1_220' title='bbox 783 3091 941 3141; x_wconf 81' lang='lat' dir='ltr'><strong>servitutem</strong></span> <span class='ocrx_word' id='word_1_221' title='bbox 959 3091 1149 3157; x_wconf 78' lang='lat' dir='ltr'><strong>promittebant</strong></span> <span class='ocrx_word' id='word_1_222' title='bbox 1167 3100 1194 3143; x_wconf 89' lang='lat' dir='ltr'><strong>et</strong></span> <span class='ocrx_word' id='word_1_223' title='bbox 1210 3107 1259 3144; x_wconf 93' lang='lat' dir='ltr'><strong>so.</strong></span> 
     </span>
     <span class='ocr_line' id='line_1_28' title="bbox 160 3160 1260 3232; baseline -0.006 -15"><span class='ocrx_word' id='word_1_224' title='bbox 160 3167 282 3217; x_wconf 89' lang='lat' dir='ltr'><strong>cietatem</strong></span> <span class='ocrx_word' id='word_1_225' title='bbox 301 3177 408 3230; x_wconf 77' lang='lat' dir='ltr'>pugnae</span> <span class='ocrx_word' id='word_1_226' title='bbox 426 3160 623 3228; x_wconf 83' lang='lat' dir='ltr'><strong>pollicebantur</strong></span> <span class='ocrx_word' id='word_1_227' title='bbox 642 3168 669 3211; x_wconf 90' lang='lat' dir='ltr'><strong>et</strong></span> <span class='ocrx_word' id='word_1_228' title='bbox 687 3160 765 3226; x_wconf 85' lang='lat' dir='ltr'><strong>huius</strong></span> <span class='ocrx_word' id='word_1_229' title='bbox 784 3163 852 3228; x_wconf 88' lang='lat' dir='ltr'><strong>parti</strong></span> <span class='ocrx_word' id='word_1_230' title='bbox 870 3177 901 3213; x_wconf 89' lang='lat' dir='ltr'><strong>se</strong></span> <span class='ocrx_word' id='word_1_231' title='bbox 920 3160 1107 3232; x_wconf 78' lang='lat' dir='ltr'><strong>adiungebant.</strong></span> <span class='ocrx_word' id='word_1_232' title='bbox 1144 3164 1260 3231; x_wconf 78' lang='lat' dir='ltr'><strong>quicun-</strong></span> 
     </span>
     <span class='ocr_line' id='line_1_29' title="bbox 159 3232 1260 3306; baseline -0.005 -18"><span class='ocrx_word' id='word_1_233' title='bbox 159 3252 210 3306; x_wconf 88' lang='lat' dir='ltr'><strong>que</strong></span> <span class='ocrx_word' id='word_1_234' title='bbox 229 3243 316 3288; x_wconf 85' lang='lat' dir='ltr'><strong>autern</strong></span> <span class='ocrx_word' id='word_1_235' title='bbox 342 3235 375 3286; x_wconf 90' lang='lat' dir='ltr'><strong>ad</strong></span> <span class='ocrx_word' id='word_1_236' title='bbox 402 3235 487 3290; x_wconf 87' lang='lat' dir='ltr'><strong>aciem</strong></span> <span class='ocrx_word' id='word_1_237' title='bbox 508 3241 535 3284; x_wconf 88' lang='lat' dir='ltr'><strong>et</strong></span> <span class='ocrx_word' id='word_1_238' title='bbox 555 3248 657 3301; x_wconf 84' lang='lat' dir='ltr'><strong>pugnas</strong></span> <span class='ocrx_word' id='word_1_239' title='bbox 681 3233 886 3298; x_wconf 75' lang='lat' dir='ltr'><strong>revertebant,</strong></span> <span class='ocrx_word' id='word_1_240' title='bbox 908 3232 942 3285; x_wconf 90' lang='lat' dir='ltr'><strong>ab</strong></span> <span class='ocrx_word' id='word_1_241' title='bbox 970 3249 1002 3284; x_wconf 92' lang='lat' dir='ltr'><strong>eo</strong></span> <span class='ocrx_word' id='word_1_242' title='bbox 1023 3241 1049 3284; x_wconf 90' lang='lat' dir='ltr'><strong>et</strong></span> <span class='ocrx_word' id='word_1_243' title='bbox 1068 3234 1123 3285; x_wconf 90' lang='lat' dir='ltr'><strong>suis</strong></span> <span class='ocrx_word' id='word_1_244' title='bbox 1141 3235 1260 3301; x_wconf 87' lang='lat' dir='ltr'><strong>ipsorum</strong></span> 
     </span>
     <span class='ocr_line' id='line_1_30' title="bbox 157 3303 1261 3361; baseline -0.003 -3"><span class='ocrx_word' id='word_1_245' title='bbox 157 3307 284 3361; x_wconf 88' lang='lat' dir='ltr'><strong>militibus</strong></span> <span class='ocrx_word' id='word_1_246' title='bbox 305 3307 403 3358; x_wconf 75' lang='lat' dir='ltr'><strong>eximie</strong></span> <span class='ocrx_word' id='word_1_247' title='bbox 421 3305 520 3358; x_wconf 87' lang='lat' dir='ltr'><strong>devicti</strong></span> <span class='ocrx_word' id='word_1_248' title='bbox 539 3303 637 3356; x_wconf 91' lang='lat' dir='ltr'><strong>multos</strong></span> <span class='ocrx_word' id='word_1_249' title='bbox 650 3318 757 3356; x_wconf 87' lang='lat' dir='ltr'><strong>suorum</strong></span> <span class='ocrx_word' id='word_1_250' title='bbox 771 3306 929 3356; x_wconf 84' lang='lat' dir='ltr'><strong>amiserunt:</strong></span> <span class='ocrx_word' id='word_1_251' title='bbox 949 3305 997 3358; x_wconf 92' lang='lat' dir='ltr'><strong>alii</strong></span> <span class='ocrx_word' id='word_1_252' title='bbox 1016 3314 1104 3356; x_wconf 88' lang='lat' dir='ltr'><strong>autem</strong></span> <span class='ocrx_word' id='word_1_253' title='bbox 1122 3313 1195 3357; x_wconf 90' lang='lat' dir='ltr'><strong>metu</strong></span> <span class='ocrx_word' id='word_1_254' title='bbox 1212 3305 1261 3357; x_wconf 86' lang='lat' dir='ltr'><strong>icti</strong></span> 
     </span>
     <span class='ocr_line' id='line_1_31' title="bbox 158 3374 1260 3448; baseline -0.004 -18"><span class='ocrx_word' id='word_1_255' title='bbox 158 3379 220 3448; x_wconf 79' lang='lat' dir='ltr'><strong>iuga</strong></span> <span class='ocrx_word' id='word_1_256' title='bbox 239 3379 351 3430; x_wconf 84' lang='lat' dir='ltr'><strong>salutem</strong></span> <span class='ocrx_word' id='word_1_257' title='bbox 380 3393 452 3429; x_wconf 88' lang='lat' dir='ltr'><strong>suam</strong></span> <span class='ocrx_word' id='word_1_258' title='bbox 472 3377 613 3429; x_wconf 84' lang='lat' dir='ltr'><strong>curabant:</strong></span> <span class='ocrx_word' id='word_1_259' title='bbox 640 3374 716 3426; x_wconf 89' lang='lat' dir='ltr'><strong>multi</strong></span> <span class='ocrx_word' id='word_1_260' title='bbox 742 3384 830 3428; x_wconf 87' lang='lat' dir='ltr'><strong>autem</strong></span> <span class='ocrx_word' id='word_1_261' title='bbox 848 3377 960 3430; x_wconf 83' lang='lat' dir='ltr'><strong>Romani</strong></span> <span class='ocrx_word' id='word_1_262' title='bbox 978 3379 1106 3430; x_wconf 89' lang='lat' dir='ltr'><strong>resistere</strong></span> <span class='ocrx_word' id='word_1_263' title='bbox 1125 3376 1188 3429; x_wconf 84' lang='lat' dir='ltr'><strong>lruic</strong></span> <span class='ocrx_word' id='word_1_264' title='bbox 1207 3392 1260 3429; x_wconf 83' lang='lat' dir='ltr'><strong>vo.</strong></span> 
     </span>
     <span class='ocr_line' id='line_1_32' title="bbox 156 3446 752 3514; baseline -0.002 -16"><span class='ocrx_word' id='word_1_265' title='bbox 156 3448 242 3501; x_wconf 86' lang='lat' dir='ltr'><strong>lentes</strong></span> <span class='ocrx_word' id='word_1_266' title='bbox 262 3465 321 3498; x_wconf 92' lang='lat' dir='ltr'><strong>cum</strong></span> <span class='ocrx_word' id='word_1_267' title='bbox 339 3449 405 3514; x_wconf 81' lang='lat' dir='ltr'><strong>ipsis</strong></span> <span class='ocrx_word' id='word_1_268' title='bbox 425 3446 544 3499; x_wconf 79' lang='lat' dir='ltr'><strong>castellis</strong></span> <span class='ocrx_word' id='word_1_269' title='bbox 563 3448 634 3513; x_wconf 84' lang='lat' dir='ltr'><strong>capti</strong></span> <span class='ocrx_word' id='word_1_270' title='bbox 655 3456 724 3500; x_wconf 86' lang='lat' dir='ltr'><strong>sunt.</strong></span> <span class='ocrx_word' id='word_1_271' title='bbox 747 3463 752 3468; x_wconf 72' lang='grc'>’</span> 
     </span>
    </p>
   </div>
   <div class='ocr_carea' id='block_1_5' title="bbox 79 3529 1360 4323">
    <p class='ocr_par' dir='ltr' id='par_1_9' title="bbox 158 3529 1360 3817">
     <span class='ocr_line' id='line_1_33' title="bbox 255 3529 1300 3600; baseline -0.002 -12"><span class='ocrx_word' id='word_1_272' title='bbox 255 3536 371 3588; x_wconf 82' lang='lat' dir='ltr'><strong>Tertium</strong></span> <span class='ocrx_word' id='word_1_273' title='bbox 399 3543 487 3586; x_wconf 89' lang='lat' dir='ltr'><strong>autem</strong></span> <span class='ocrx_word' id='word_1_274' title='bbox 513 3535 583 3586; x_wconf 85' lang='lat' dir='ltr'><strong>diem</strong></span> <span class='ocrx_word' id='word_1_275' title='bbox 601 3543 698 3600; x_wconf 82' lang='lat' dir='ltr'><strong>agente</strong></span> <span class='ocrx_word' id='word_1_276' title='bbox 715 3534 826 3588; x_wconf 83' lang='lat' dir='ltr'><strong>Octobri</strong></span> <span class='ocrx_word' id='word_1_277' title='bbox 843 3552 935 3590; x_wconf 91' lang='lat' dir='ltr'><strong>mense</strong></span> <span class='ocrx_word' id='word_1_278' title='bbox 961 3555 1020 3590; x_wconf 91' lang='lat' dir='ltr'><strong>cum</strong></span> <span class='ocrx_word' id='word_1_279' title='bbox 1039 3538 1193 3590; x_wconf 81' lang='lat' dir='ltr'><strong>Bolaniates</strong></span> <span class='ocrx_word' id='word_1_280' title='bbox 1211 3553 1259 3589; x_wconf 87' lang='lat' dir='ltr'><strong>re.</strong></span> <span class='ocrx_word' id='word_1_281' title='bbox 1297 3529 1300 3534; x_wconf 75' lang='grc'><strong>’</strong></span> 
     </span>
     <span class='ocr_line' id='line_1_34' title="bbox 159 3603 1360 3678; baseline -0.002 -18"><span class='ocrx_word' id='word_1_282' title='bbox 159 3611 228 3678; x_wconf 76' lang='lat' dir='ltr'><strong>glum</strong></span> <span class='ocrx_word' id='word_1_283' title='bbox 257 3606 402 3658; x_wconf 85' lang='lat' dir='ltr'><strong>ascendere</strong></span> <span class='ocrx_word' id='word_1_284' title='bbox 430 3603 518 3656; x_wconf 86' lang='lat' dir='ltr'><strong>vellet</strong></span> <span class='ocrx_word' id='word_1_285' title='bbox 543 3605 686 3654; x_wconf 85' lang='lat' dir='ltr'><strong>tentorium</strong></span> <span class='ocrx_word' id='word_1_286' title='bbox 715 3613 741 3655; x_wconf 89' lang='lat' dir='ltr'><strong>et</strong></span> <span class='ocrx_word' id='word_1_287' title='bbox 765 3607 844 3658; x_wconf 91' lang='lat' dir='ltr'><strong>buius</strong></span> <span class='ocrx_word' id='word_1_288' title='bbox 876 3609 1073 3659; x_wconf 87' lang='lat' dir='ltr'><strong>conlectionem</strong></span> <span class='ocrx_word' id='word_1_289' title='bbox 1101 3611 1261 3674; x_wconf 87' lang='lat' dir='ltr'><strong>imperasset</strong></span> <span class='ocrx_word' id='word_1_290' title='bbox 1290 3635 1295 3644; x_wconf 91' lang='lat'>·</span> <span class='ocrx_word' id='word_1_291' title='bbox 1356 3613 1360 3618; x_wconf 86' lang='lat'>&#39;</span> 
     </span>
     <span class='ocr_line' id='line_1_35' title="bbox 158 3674 1260 3748; baseline -0.005 -18"><span class='ocrx_word' id='word_1_292' title='bbox 158 3688 266 3748; x_wconf 87' lang='lat' dir='ltr'><strong>propter</strong></span> <span class='ocrx_word' id='word_1_293' title='bbox 286 3677 384 3728; x_wconf 85' lang='lat' dir='ltr'><strong>exitum</strong></span> <span class='ocrx_word' id='word_1_294' title='bbox 403 3683 429 3725; x_wconf 93' lang='lat' dir='ltr'><strong>et</strong></span> <span class='ocrx_word' id='word_1_295' title='bbox 443 3675 659 3741; x_wconf 86' lang='lat' dir='ltr'><strong>prosecutionem</strong></span> <span class='ocrx_word' id='word_1_296' title='bbox 678 3674 710 3723; x_wconf 88' lang='lat' dir='ltr'><strong>ad</strong></span> <span class='ocrx_word' id='word_1_297' title='bbox 721 3677 824 3741; x_wconf 80' lang='lat' dir='ltr'><strong>regiam</strong></span> <span class='ocrx_word' id='word_1_298' title='bbox 837 3679 1002 3743; x_wconf 85' lang='lat' dir='ltr'><strong>(confidebat</strong></span> <span class='ocrx_word' id='word_1_299' title='bbox 1022 3679 1091 3728; x_wconf 88' lang='lat' dir='ltr'><strong>enirn</strong></span> <span class='ocrx_word' id='word_1_300' title='bbox 1109 3694 1139 3730; x_wconf 87' lang='lat' dir='ltr'><strong>se</strong></span> <span class='ocrx_word' id='word_1_301' title='bbox 1157 3678 1260 3730; x_wconf 87' lang='lat' dir='ltr'><strong>celeri.</strong></span> 
     </span>
     <span class='ocr_line' id='line_1_36' title="bbox 158 3744 1258 3817; baseline -0.006 -15"><span class='ocrx_word' id='word_1_302' title='bbox 158 3761 197 3803; x_wconf 93' lang='lat' dir='ltr'><strong>ter</strong></span> <span class='ocrx_word' id='word_1_303' title='bbox 216 3750 317 3817; x_wconf 79' lang='lat' dir='ltr'><strong>regiam</strong></span> <span class='ocrx_word' id='word_1_304' title='bbox 334 3747 411 3814; x_wconf 79' lang='lat' dir='ltr'><strong>regio</strong></span> <span class='ocrx_word' id='word_1_305' title='bbox 431 3745 509 3797; x_wconf 89' lang='lat' dir='ltr'><strong>modo</strong></span> <span class='ocrx_word' id='word_1_306' title='bbox 529 3744 711 3812; x_wconf 78' lang='lat' dir='ltr'><strong>ingressurum</strong></span> <span class='ocrx_word' id='word_1_307' title='bbox 728 3751 813 3812; x_wconf 86' lang='lat' dir='ltr'><strong>esse),</strong></span> <span class='ocrx_word' id='word_1_308' title='bbox 832 3747 988 3798; x_wconf 88' lang='lat' dir='ltr'><strong>miraculum</strong></span> <span class='ocrx_word' id='word_1_309' title='bbox 1008 3749 1195 3815; x_wconf 78' lang='lat' dir='ltr'><strong>etprodigium</strong></span> <span class='ocrx_word' id='word_1_310' title='bbox 1213 3749 1258 3798; x_wconf 90' lang='lat' dir='ltr'><strong>in.</strong></span> 
     </span>
    </p>

    <p class='ocr_par' dir='ltr' id='par_1_10' title="bbox 79 3815 1346 4323">
     <span class='ocr_line' id='line_1_37' title="bbox 79 3815 1259 3892; baseline -0.003 -19"><span class='ocrx_word' id='word_1_311' title='bbox 79 3830 90 3842; x_wconf 86' lang='lat'><em>·</em></span> <span class='ocrx_word' id='word_1_312' title='bbox 159 3836 223 3892; x_wconf 86' lang='lat' dir='ltr'><strong>gens</strong></span> <span class='ocrx_word' id='word_1_313' title='bbox 243 3819 329 3871; x_wconf 85' lang='lat' dir='ltr'><strong>oeulis</strong></span> <span class='ocrx_word' id='word_1_314' title='bbox 350 3815 564 3883; x_wconf 87' lang='lat' dir='ltr'><strong>conspiciebatur</strong></span> <span class='ocrx_word' id='word_1_315' title='bbox 584 3817 714 3866; x_wconf 87' lang='lat' dir='ltr'><strong>omnium:</strong></span> <span class='ocrx_word' id='word_1_316' title='bbox 734 3816 862 3868; x_wconf 87' lang='lat' dir='ltr'><strong>materiae</strong></span> <span class='ocrx_word' id='word_1_317' title='bbox 882 3819 951 3868; x_wconf 90' lang='lat' dir='ltr'><strong>enim</strong></span> <span class='ocrx_word' id='word_1_318' title='bbox 976 3833 1072 3885; x_wconf 85' lang='lat' dir='ltr'><strong>expers</strong></span> <span class='ocrx_word' id='word_1_319' title='bbox 1092 3819 1163 3886; x_wconf 78' lang='lat' dir='ltr'><strong>ignia</strong></span> <span class='ocrx_word' id='word_1_320' title='bbox 1183 3816 1259 3886; x_wconf 68' lang='lat' dir='ltr'><strong>quasi</strong></span> 
     </span>
     <span class='ocr_line' id='line_1_38' title="bbox 159 3887 1258 3956; baseline -0.003 -11"><span class='ocrx_word' id='word_1_321' title='bbox 159 3911 191 3945; x_wconf 87' lang='lat' dir='ltr'><strong>cx</strong></span> <span class='ocrx_word' id='word_1_322' title='bbox 211 3893 285 3944; x_wconf 84' lang='lat' dir='ltr'><strong>fonte</strong></span> <span class='ocrx_word' id='word_1_323' title='bbox 316 3888 459 3956; x_wconf 89' lang='lat' dir='ltr'><strong>prosiliens</strong></span> <span class='ocrx_word' id='word_1_324' title='bbox 484 3888 556 3938; x_wconf 90' lang='lat' dir='ltr'><strong>etin</strong></span> <span class='ocrx_word' id='word_1_325' title='bbox 576 3891 639 3938; x_wconf 75' lang='lat' dir='ltr'><strong>aira</strong></span> <span class='ocrx_word' id='word_1_326' title='bbox 660 3887 759 3939; x_wconf 87' lang='lat' dir='ltr'><strong>ellusus</strong></span> <span class='ocrx_word' id='word_1_327' title='bbox 776 3903 871 3940; x_wconf 90' lang='lat' dir='ltr'><strong>versus</strong></span> <span class='ocrx_word' id='word_1_328' title='bbox 891 3890 1022 3941; x_wconf 89' lang='lat' dir='ltr'><strong>orientem</strong></span> <span class='ocrx_word' id='word_1_329' title='bbox 1047 3890 1169 3956; x_wconf 87' lang='lat' dir='ltr'><strong>apparuit</strong></span> <span class='ocrx_word' id='word_1_330' title='bbox 1186 3891 1258 3942; x_wconf 89' lang='lat' dir='ltr'><strong>circa</strong></span> 
     </span>
     <span class='ocr_line' id='line_1_39' title="bbox 158 3957 1257 4032; baseline -0.006 -17"><span class='ocrx_word' id='word_1_331' title='bbox 158 3967 254 4032; x_wconf 87' lang='lat' dir='ltr'><strong>primas</strong></span> <span class='ocrx_word' id='word_1_332' title='bbox 272 3962 359 4014; x_wconf 77' lang='lat' dir='ltr'><strong>noctis</strong></span> <span class='ocrx_word' id='word_1_333' title='bbox 387 3957 495 4028; x_wconf 80' lang='lat' dir='ltr'><strong>vigilias</strong></span> <span class='ocrx_word' id='word_1_334' title='bbox 503 3976 510 4023; x_wconf 78' lang='lat'><em>3</em></span> <span class='ocrx_word' id='word_1_335' title='bbox 531 3965 609 4026; x_wconf 86' lang='lat' dir='ltr'><strong>atque</strong></span> <span class='ocrx_word' id='word_1_336' title='bbox 631 3965 687 4010; x_wconf 85' lang='lat' dir='ltr'><strong>erat</strong></span> <span class='ocrx_word' id='word_1_337' title='bbox 708 3964 753 4011; x_wconf 69' lang='lat' dir='ltr'><strong>aar</strong></span> <span class='ocrx_word' id='word_1_338' title='bbox 779 3958 880 4011; x_wconf 88' lang='lat' dir='ltr'><strong>llamma</strong></span> <span class='ocrx_word' id='word_1_339' title='bbox 906 3977 972 4028; x_wconf 90' lang='lat' dir='ltr'><strong>pura</strong></span> <span class='ocrx_word' id='word_1_340' title='bbox 990 3959 1114 4027; x_wconf 88' lang='lat' dir='ltr'><strong>impletus</strong></span> <span class='ocrx_word' id='word_1_341' title='bbox 1136 3967 1162 4012; x_wconf 85' lang='lat' dir='ltr'><strong>et</strong></span> <span class='ocrx_word' id='word_1_342' title='bbox 1182 3962 1257 4014; x_wconf 89' lang='lat' dir='ltr'><strong>lere.</strong></span> 
     </span>
     <span class='ocr_line' id='line_1_40' title="bbox 158 4029 1346 4104; baseline -0.002 -16"><span class='ocrx_word' id='word_1_343' title='bbox 158 4037 201 4089; x_wconf 91' lang='lat' dir='ltr'><strong>bat</strong></span> <span class='ocrx_word' id='word_1_344' title='bbox 219 4035 290 4104; x_wconf 80' lang='lat' dir='ltr'><strong>ignis</strong></span> <span class='ocrx_word' id='word_1_345' title='bbox 312 4047 414 4083; x_wconf 90' lang='lat' dir='ltr'><strong>amnem</strong></span> <span class='ocrx_word' id='word_1_346' title='bbox 433 4045 518 4099; x_wconf 88' lang='lat' dir='ltr'><strong>usque</strong></span> <span class='ocrx_word' id='word_1_347' title='bbox 544 4030 577 4082; x_wconf 87' lang='lat' dir='ltr'><strong>ad</strong></span> <span class='ocrx_word' id='word_1_348' title='bbox 595 4029 794 4084; x_wconf 70' lang='lat' dir='ltr'><strong>chalcedonem</strong></span> <span class='ocrx_word' id='word_1_349' title='bbox 820 4041 847 4083; x_wconf 93' lang='lat' dir='ltr'><strong>et</strong></span> <span class='ocrx_word' id='word_1_350' title='bbox 865 4031 1045 4098; x_wconf 75' lang='lat' dir='ltr'><strong>Chrysopolin</strong></span> <span class='ocrx_word' id='word_1_351' title='bbox 1064 4032 1209 4084; x_wconf 87' lang='lat' dir='ltr'><strong>terribilem</strong></span> <span class='ocrx_word' id='word_1_352' title='bbox 1230 4042 1257 4086; x_wconf 87' lang='lat' dir='ltr'><strong>et</strong></span> <span class='ocrx_word' id='word_1_353' title='bbox 1341 4047 1346 4052; x_wconf 90' lang='grc'><strong><em>’</em></strong></span> 
     </span>
     <span class='ocr_line' id='line_1_41' title="bbox 159 4102 1256 4173; baseline -0.006 -14"><span class='ocrx_word' id='word_1_354' title='bbox 159 4106 234 4160; x_wconf 87' lang='lat' dir='ltr'><strong>valde</strong></span> <span class='ocrx_word' id='word_1_355' title='bbox 253 4108 405 4173; x_wconf 78' lang='lat' dir='ltr'><strong>ingentem:</strong></span> <span class='ocrx_word' id='word_1_356' title='bbox 433 4102 549 4153; x_wconf 87' lang='lat' dir='ltr'><strong>nondum</strong></span> <span class='ocrx_word' id='word_1_357' title='bbox 575 4103 644 4152; x_wconf 84' lang='lat' dir='ltr'><strong>enim</strong></span> <span class='ocrx_word' id='word_1_358' title='bbox 664 4103 802 4170; x_wconf 90' lang='lat' dir='ltr'><strong>quisquam</strong></span> <span class='ocrx_word' id='word_1_359' title='bbox 823 4103 928 4154; x_wconf 83' lang='lat' dir='ltr'><strong>viderat</strong></span> <span class='ocrx_word' id='word_1_360' title='bbox 952 4104 1042 4172; x_wconf 75' lang='lat' dir='ltr'><strong>ignem</strong></span> <span class='ocrx_word' id='word_1_361' title='bbox 1060 4105 1186 4156; x_wconf 88' lang='lat' dir='ltr'><strong>materiae</strong></span> <span class='ocrx_word' id='word_1_362' title='bbox 1206 4121 1256 4155; x_wconf 85' lang='lat' dir='ltr'><strong>ex.</strong></span> 
     </span>
     <span class='ocr_line' id='line_1_42' title="bbox 158 4171 1257 4247; baseline -0.006 -15"><span class='ocrx_word' id='word_1_363' title='bbox 158 4187 257 4247; x_wconf 82' lang='lat' dir='ltr'><strong>partem</strong></span> <span class='ocrx_word' id='word_1_364' title='bbox 276 4178 304 4228; x_wconf 92' lang='lat' dir='ltr'><strong>in</strong></span> <span class='ocrx_word' id='word_1_365' title='bbox 323 4184 394 4227; x_wconf 90' lang='lat' dir='ltr'><strong>terra</strong></span> <span class='ocrx_word' id='word_1_366' title='bbox 413 4174 489 4242; x_wconf 83' lang='lat' dir='ltr'><strong>quasi</strong></span> <span class='ocrx_word' id='word_1_367' title='bbox 510 4171 630 4224; x_wconf 83' lang='lat' dir='ltr'><strong>exiente</strong></span> <span class='ocrx_word' id='word_1_368' title='bbox 647 4172 844 4240; x_wconf 86' lang='lat' dir='ltr'><strong>prosilientem,</strong></span> <span class='ocrx_word' id='word_1_369' title='bbox 866 4176 1076 4243; x_wconf 80' lang='lat' dir='ltr'><strong>etomniaquae</strong></span> <span class='ocrx_word' id='word_1_370' title='bbox 1087 4177 1160 4227; x_wconf 90' lang='lat' dir='ltr'><strong>circa</strong></span> <span class='ocrx_word' id='word_1_371' title='bbox 1180 4181 1257 4226; x_wconf 88' lang='lat' dir='ltr'><strong>erant</strong></span> 
     </span>
     <span class='ocr_line' id='line_1_43' title="bbox 157 4243 1256 4323; baseline -0.004 -21"><span class='ocrx_word' id='word_1_372' title='bbox 157 4251 341 4304; x_wconf 84' lang='lat' dir='ltr'><strong>incendentem</strong></span> <span class='ocrx_word' id='word_1_373' title='bbox 364 4254 445 4314; x_wconf 85' lang='lat' dir='ltr'><strong>atque</strong></span> <span class='ocrx_word' id='word_1_374' title='bbox 472 4243 605 4312; x_wconf 77' lang='lat' dir='ltr'><strong>igniculos</strong></span> <span class='ocrx_word' id='word_1_375' title='bbox 625 4253 792 4299; x_wconf 80' lang='lat' dir='ltr'><strong>evomentem</strong></span> <span class='ocrx_word' id='word_1_376' title='bbox 816 4261 871 4300; x_wconf 91' lang='lat' dir='ltr'><strong>non</strong></span> <span class='ocrx_word' id='word_1_377' title='bbox 893 4247 1009 4300; x_wconf 90' lang='lat' dir='ltr'><strong>minime.</strong></span> <span class='ocrx_word' id='word_1_378' title='bbox 1050 4263 1068 4323; x_wconf 70' lang='grc' dir='ltr'><strong><em>ρ</em></strong></span> <span class='ocrx_word' id='word_1_379' title='bbox 1094 4245 1256 4314; x_wconf 74' lang='lat' dir='ltr'><strong>chrysopoli</strong></span> 
     </span>
    </p>
   </div>
   <div class='ocr_carea' id='block_1_6' title="bbox 209 4341 1062 4402">
    <p class='ocr_par' dir='ltr' id='par_1_11' title="bbox 209 4341 1062 4402">
     <span class='ocr_line' id='line_1_44' title="bbox 209 4341 1062 4402; baseline -0.004 -3"><span class='ocrx_word' id='word_1_380' title='bbox 209 4345 291 4402; x_wconf 71' lang='lat' dir='ltr'><strong>utet.</strong></span> <span class='ocrx_word' id='word_1_381' title='bbox 309 4341 393 4397; x_wconf 79' lang='lat' dir='ltr'><strong>Anat.</strong></span> <span class='ocrx_word' id='word_1_382' title='bbox 412 4342 480 4398; x_wconf 81' lang='lat' dir='ltr'><strong>llt&#39;st.</strong></span> <span class='ocrx_word' id='word_1_383' title='bbox 1028 4343 1062 4396; x_wconf 84' lang='lat'><strong>16</strong></span> 
     </span>
    </p>
   </div>
   <div class='ocr_carea' id='block_1_7' title="bbox 0 0 1514 4892">
    <p class='ocr_par' dir='ltr' id='par_1_12' title="bbox 0 0 1514 4892">
     <span class='ocr_line' id='line_1_45' title="bbox 0 0 1514 4892; baseline 0 2"><span class='ocrx_word' id='word_1_384' title='bbox 0 0 1514 4892; x_wconf 95' lang='lat' dir='ltr'><strong> </strong></span> 
     </span>
    </p>
   </div>
  </div>
 </body>
</html>
