3017 4892
560 363 768 438 HISTORIA.
1143 360 1222 434 307

97 554 233 614 στερον
255 529 310 596 κατ’
330 523 537 614 ἰσχυρότερον
562 532 758 612 καταστῆσαι
777 523 962 601 σπουδάσας
984 529 1030 601 τίς
1050 525 1227 610 Χρυσόπο-

100 640 162 697 λιν
191 633 501 714 διαπορθμευθήναι
522 636 681 714 πεποίηκε.
711 627 779 694 ’καί
802 619 841 712 ήν
863 627 950 702 ἐλπίς
971 623 1130 711 ἑνωθήναι
1150 627 1227 692 τού-

100 757 191 808 τους
214 729 300 814 μετοὶ
321 736 383 797 τῶν
415 732 683 816 προηγησαμίνων
705 731 926 811 στρατιωτῶν,
958 733 1013 793 καί
1033 732 1078 803 είς
1103 733 1225 812 πλῆθος

104 837 267 920 ἀρθῆναι
283 837 377 916 μίγα,
399 837 454 898 καί
472 835 532 897 τάν
557 827 708 913 Τούρκων
728 830 785 915 τήν
807 827 890 894 ἕοόαν
911 833 1139 913 ἐλευθερῶσαι,
1171 829 1228 893 καί
1277 919 1281 924 .

69 934 193 1011 5τούς
227 938 479 1018 ταραττομένους
515 933 703 1008 ύποκλινείς·
730 937 861 1015 ποιήσαι
892 931 946 996 καί
971 929 1052 1014 πρός
1081 927 1225 1013 ὑπακοήν

107 1033 420 1122 μεθαρμόσασθαι,
446 1034 502 1100 καί
521 1036 716 1116 καταστῆσαι
742 1041 805 1109 τοῖς
825 1037 859 1098 ἐκ
882 1037 938 1098 τού
965 1034 1120 1115 βασιλέως
1153 1031 1227 1113 ήγι-

107 1143 264 1217 μανικοῖς
289 1135 344 1200 καί
369 1132 589 1219 μεγαλόφροσι
610 1134 854 1217 στρατηγήμασι
874 1130 910 1196 τό
932 1135 1112 1216 τηλικούτου
1132 1134 1228 1213 μόρας
1261 1213 1272 1227 ι

109 1241 175 1319 τῆς
201 1237 389 1321 οἰκουμένης
409 1240 464 1301 καί
486 1238 531 1312 τίς
548 1232 688 1322 γαλήνην
709 1235 765 1298 καί
785 1237 935 1318 νηνεμίαν
957 1235 1149 1316 περιστῆσαι
1174 1233 1227 1294 καί

111 1329 242 1402 ἄνυσιν.
286 1335 303 1401 ό
326 1340 362 1402 δὲ
386 1333 606 1411 Κωνστάντιος
631 1338 755 1404 ε’ναντία
775 1334 896 1400 τούτων
918 1331 1042 1399 πόντων
1064 1330 1228 1418 φρονήσας

57 1451 101 1504 10
113 1444 174 1502 κατ’
196 1441 447 1523 διανοησόμενος
459 1489 468 1518 ,
492 1442 545 1502 κατ’
563 1441 647 1522 μηδὲ
668 1435 725 1518 τήν
748 1436 840 1500 θείαν
865 1440 955 1518 δίκην
978 1435 1171 1517 εὐλαβηθείς
1200 1433 1229 1494 εί

113 1536 284 1604 τοσούτων
303 1542 407 1604 κακῶν
428 1542 470 1624 τῷ
491 1561 526 1602 τε
550 1535 655 1624 κόσμῳ
677 1537 731 1599 κατ’
752 1535 838 1622 αύτῷ
857 1540 988 1617 βασιλεῖ
1004 1537 1058 1598 καί
1084 1543 1146 1607 τοῖς
1168 1537 1357 1601 και-Μίδα

115 1643 183 1714 λαός
207 1643 470 1722 βασιλευομένοις
495 1639 643 1719 πρόξενος
671 1642 820 1721 γίνηται,
848 1640 902 1700 καί
920 1639 1002 1721 μηδὲ
1023 1633 1089 1717 τήνΙ
1110 1636 1230 1699 ἀποτυ-

118 1744 200 1820 χιάν
226 1738 407 1820 ὑποπτήξας
426 1741 485 1802 τού
507 1736 744 1822 ἐγχειρήματος,
764 1740 944 1820 νεωτερίζοι
967 1734 1044 1800 κατά
1063 1740 1122 1799 τού
1131 1741 1229 1818 βασι-

119 1842 222 1919 λέως,
245 1841 301 1902 καί
319 1841 374 1921 τῆς
395 1837 540 1922 κακίστης
564 1838 763 1912 ἀπασταοιάς
783 1846 848 1911 τοῖς
869 1838 1097 1920 στρατιώταις,
1118 1833 1143 1902 τό
1171 1842 1229 1918 τῆς

73 1957 110 2009 15
122 1938 321 2023 ἀποπληξίας
343 1943 398 2003 καί
416 1941 475 2002 τού
497 1937 807 2025 ἀνοσιουργήματος,
827 1940 1031 2017 μεταδίδωσι.
1075 1935 1229 2021 πρότερον
1277 1956 1282 1964 ·

121 2038 185 2123 γὰρ
210 2038 404 2121 συμβούλοις
423 2050 488 2115 τοϊς
509 2041 731 2126 πονηροτάτοις
750 2043 783 2104 s'rt
796 2040 919 2104 τούτων
939 2043 994 2103 καί
1015 2037 1118 2122 δήμου
1148 2037 1229 2102 ἀνοί-

123 2165 221 2215 πταις
243 2139 453 2226 χρησόμενος,
476 2137 610 2224 ύστιρον
634 2140 811 2225 ἀφίσταται
836 2137 915 2224 πρός
937 2139 1058 2217 αύτούς
1078 2145 1112 2206 όν
1135 2145 1230 2224 Χρυ-
1280 2158 1283 2167 “

124 2240 257 2306 σοπόλει
278 2238 335 2324 τήν
357 2239 560 2326 παρεμβολήν
584 2240 727 2323 ἔχοντας,
750 2244 806 2306 καί
824 2240 859 2307 τό
870 2245 992 2326 πλῆθος
1013 2243 1228 2324 ίνσοισαςβα-

125 2337 348 2429 σιλίατοῦτον
370 2344 584 2426 ἀναγορεῦσαι
607 2345 648 2406 δι’
668 2345 880 2426 ἀποστατικής
900 2345 1072 2424 μεθοδιίας
1101 2365 1225 2425 περιερ.
1302 2421 1313 2434 .

83 2438 267 2528 Ωθγοίζτται,
288 2446 349 2508 τού
371 2445 483 2508 λοιποῦ
508 2448 639 2530 στίφους
652 2445 715 2508 τῶν
736 2440 780 2525 μή
804 2445 1128 2529 συγκοινωνησόντοτν,
1142 2443 1228 2528 αύτῷ
1362 2436 1365 2443 ’

127 2548 181 2624 τής
204 2544 350 2625 ἀθέσμου
371 2548 491 2627 βονλής
515 2548 558 2631 τῷ
580 2541 749 2630 παραδόξῳ
782 2547 836 2627 τής
859 2545 954 2626 ἀκοῆς
980 2546 1227 2626 διαπορηθέντος

130 2646 181 2706 καί
200 2642 386 2727 ἀμφιβόλου
411 2649 592 2725 γινομένου.
638 2645 692 2706 καί
719 2639 798 2724 μήτε
823 2648 882 2706 τού
904 2645 1074 2722 διδομένου
1105 2642 1227 2719 τούτοις

107 2759 112 2770 ·
131 2741 275 2826 ἀρχηγοῦ
295 2742 535 2827 παρατυχόντος
550 2745 652 2806 τ’κιῖσε
670 2738 723 2808 διό
744 2744 778 2806 τό
801 2747 841 2830 τή
856 2743 1072 2833 βασιλευούσῃ
1094 2741 1140 2807 ἔτι
1156 2742 1227 2808 ἐπι-

133 2844 250 2927 όημείν,
272 2843 383 2922 στόσις
403 2843 557 2928 ἐμφύλιος
575 2848 691 2928 γέγονε,
715 2848 770 2909 καί
788 2839 977 2928 ήρξατοάπό
998 2849 1105 2931 τρίτης
1119 2851 1228 2932 φυλα-

202 2979 243 3033 10.
263 2979 301 3049 τί]
326 2981 366 3043 εἰς
383 2977 414 3034 (ί.
507 2979 549 3033 16.
572 2959 651 3054 δήμρν
669 2978 699 3034 Ο.

135 3119 286 3192 sperandum
302 3134 369 3191 erat,
384 3128 554 3179 coniunctum
566 3128 600 3180 iri
614 3128 663 3181 hos
677 3143 736 3179 enm
748 3130 916 3198 praegressis
930 3129 1059 3181 militibus
1072 3137 1100 3181 st
1112 3130 1145 3181 ad
1157 3131 1230 3183 mal.

134 3197 265 3250 titudinem
275 3196 335 3250 tolli
346 3212 467 3268 magnam
482 3208 509 3251 et
518 3199 609 3254 Turris
625 3201 755 3252 orientem
769 3199 896 3266 liberare,
912 3208 939 3252 ct
952 3202 1082 3253 excitatos
1092 3201 1229 3255 subiectos

137 3269 219 3320 lucere
240 3277 267 3322 et
285 3271 317 3322 ud
330 3271 509 3324 obedientiam
528 3285 708 3337 commorere,
729 3281 756 3324 et
777 3273 941 3324 constituere
959 3274 1032 3341 regis
1051 3274 1230 3340 imperatoriis

138 3348 162 3390 ct
176 3343 345 3408 magnanimis
364 3343 484 3409 imperiis
501 3344 582 3397 talem
602 3354 703 3412 partem
723 3347 813 3397 mundi
838 3346 870 3397 ad
889 3360 982 3411 pacem
1001 3353 1028 3396 et
1047 3346 1230 3414 tranquillita-

137 3418 185 3462 tem
203 3419 228 3462 et
244 3413 440 3464 remissionem.
478 3417 525 3467 sed
548 3416 737 3469 Constantinus
757 3426 850 3469 contra
870 3417 937 3469 baec
957 3418 1044 3468 omnia
1063 3419 1184 3468 sentiens
1204 3425 1231 3468 et

139 3479 249 3547 cogitans
268 3485 357 3549 noq'ue
374 3483 491 3535 divinam
509 3487 636 3538 iustitiam
656 3503 772 3552 cavens,
792 3490 814 3541 si
836 3497 967 3540 tantorum
985 3488 1115 3540 maloram
1132 3489 1229 3541 mundo

140 3552 227 3617 stipsi
245 3555 304 3619 regi
323 3560 349 3602 et
362 3552 431 3604 benc
451 3555 606 3620 gubernatis
618 3557 814 3609 administrator
824 3561 910 3624 lieret,
928 3576 1018 3629 neque
1030 3562 1162 3613 fortunam
1179 3575 1229 3626 pa.

140 3637 199 3674 rens
215 3623 325 3688 incepti,
345 3639 428 3675 novus
447 3640 490 3677 res
503 3625 611 3678 molitur
631 3636 723 3678 contra
744 3644 851 3696 regense
871 3637 899 3680 ct
917 3633 1057 3695 pessimam
1070 3633 1233 3682 seditionem

142 3709 193 3746 oum
205 3693 330 3746 militibus
342 3698 372 3762 (o
388 3695 516 3748 insoniam
528 3706 555 3748 et
564 3698 749 3767 sacrilegium)
765 3701 948 3752 communicat.
962 3709 1040 3752 autea
1052 3703 1122 3752 enim
1134 3710 1230 3753 uncto.

140 3765 204 3818 ribus
222 3765 385 3831 pravissimis
399 3783 433 3819 ex
452 3766 494 3820 bis
513 3776 540 3820 ct
554 3769 647 3835 populi
664 3771 852 3822 incitatoribus
871 3788 945 3836 usus,
965 3782 1058 3838 postea
1076 3774 1181 3825 desistit
1197 3774 1230 3826 ad

143 3851 183 3888 cos
200 3835 357 3903 chrysopoli
379 3845 466 3890 castra
485 3839 629 3905 habentes,
656 3849 683 3892 et
701 3841 894 3893 multitudinem
914 3846 1071 3896 concutiens
1089 3845 1229 3897 seditionis

142 3907 229 3962 ortibus
254 3908 361 3959 adducit
385 3917 414 3962 ut
437 3925 529 3979 regern
560 3912 630 3964 bunc
653 3915 855 3979 renuntiarent,
884 3914 990 3983 reliqua
1008 3930 1108 3967 corona
1128 3931 1229 3981 eorum,

144 3980 248 4048 quinon
272 3981 418 4048 participes
446 3983 471 4032 ei
492 3993 567 4035 erant
591 3985 684 4036 iniusti
710 3985 839 4050 consilii,
858 3987 1042 4054 inexspectata
1061 3987 1130 4038 laura
1150 3988 1230 4040 dubi.

143 4057 205 4104 lanto
222 4058 248 4101 et
267 4053 410 4118 aucipites.
429 4060 509 4122 atque
539 4070 598 4106 cum
620 4056 695 4108 datus
715 4055 758 4109 bis
777 4057 829 4107 dux
846 4073 900 4109 non
918 4059 1025 4111 adesset
1043 4058 1099 4123 ibi,
1122 4062 1184 4126 qnia
1201 4061 1230 4111 in

143 4123 207 4191 rogia
230 4124 365 4176 etiamtum
391 4125 565 4191 versabatur,
588 4128 685 4180 seditio
705 4135 821 4197 cognata
839 4128 910 4182 factu
937 4138 979 4182 est
995 4137 1077 4199 atque
1093 4131 1197 4197 incepit
1214 4146 1231 4180 a

144 4195 210 4247 tertia
226 4191 322 4262 vigilie
339 4196 427 4248 noctis
446 4211 532 4265 nsque
550 4199 583 4250 ad
601 4198 739 4252 meridiem
758 4201 859 4267 ipsum:
885 4201 981 4253 deinde
1000 4217 1059 4253 cum
1078 4203 1230 4270 coniunge-

143 4273 220 4320 rentur
245 4268 373 4334 apostatis
402 4269 432 4354 ri
456 4283 545 4338 aequa
564 4270 672 4326 suadela
699 4272 746 4340 qui
763 4279 843 4326 autes
868 4271 949 4328 aliter
965 4280 1117 4341 senserant,
1135 4288 1229 4342 passus
