3017 4892
245 305 270 366 x
373 357 374 360 γ
449 291 685 358 wernimar
716 290 893 358 raurnrr
923 297 978 358 nn
1005 294 1155 361 rursm
1237 384 1242 395 J

249 460 371 554 rerba,
397 485 491 558 quae
518 463 556 534 in
582 487 688 535 usum
716 488 839 536 meum
857 465 1012 536 contulit
1037 466 1091 535 vir
1103 465 1146 534 cl.
1175 475 1212 533 et
1234 487 1350 534 orna-

249 585 409 656 tissimus
435 585 641 684 eruditione
668 587 894 684 Laboulaye,
922 589 1135 684 conspirant
1160 612 1244 658 cum
1278 612 1348 658 co-

247 707 328 784 dice
345 711 530 805 Parisino,
554 712 622 785 nisi
637 712 750 808 'quod
775 713 1069 786 inEscoriacensi
1097 711 1200 784 deest
1216 713 1345 783 lolium

179 890 184 896 -
246 860 361 908 unum
388 836 494 909 initio
524 850 560 910 et
582 838 814 935 abrumpitur
838 863 958 912 sermo
985 851 1070 935 post
1079 839 1188 909 rerba
1212 838 1249 906 οἱ
1274 862 1346 906 πο-

244 958 367 1052 λέμιοι
392 955 455 1043 τῆς
482 955 773 1059 στρατοπεδείας
799 959 1062 1058 οἷπόσχονται,
1093 987 1188 1059 quae
1215 963 1345 1059 legun-

130 1107 132 1114 ’
245 1097 305 1159 tur
330 1085 370 1158 in
392 1085 475 1159 cod.
504 1063 732 1162 Coisliniano'
755 1088 817 1160 fot
845 1093 915 1160 211
944 1113 1072 1181 verso,
1100 1087 1212 1185 tertia
1238 1101 1344 1184 parte
1448 1123 1452 1130 ·

138 1223 141 1231 ’
245 1209 330 1285 libri
358 1224 395 1282 et
416 1213 572 1309 amplius
591 1214 732 1286 amissa.
775 1295 778 1300 ,

340 1336 451 1425 ¹Solus
477 1338 597 1434 igitur,
625 1337 728 1436 quod
751 1318 1128 1433 sciam,Coislinianus
1150 1332 1265 1407 codex
1282 1336 1343 1405 in·

244 1473 382 1557 tagram
410 1463 518 1534 nobis
543 1464 695 1536 servarit
719 1463 904 1534 Michaelis
921 1463 1112 1536 Attaliatae
1137 1460 1342 1531 historiam.

245 1583 372 1682 Neque
397 1586 458 1658 illa
485 1585 637 1684 quidem
664 1585 802 1658 diutius
835 1588 873 1657 in
906 1586 1213 1657 bibliothecarum
1254 1585 1345 1654 late-

201 1775 204 1786 .
246 1709 323 1798 bris
349 1710 561 1785 delitescere
588 1710 728 1807 debuit,
754 1685 1009 1808 quum'multa
1035 1711 1103 1782 alia
1118 1710 1251 1806 scripta
1273 1710 1346 1780 mi-

247 1837 348 1908 noris
374 1839 552 1912 momenti
578 1838 674 1935 typis
700 1862 868 1934 expressa
893 1838 975 1909 sint.
998 1835 1203 1908 Fatendum
1221 1850 1344 1907 tamen

247 1985 325 2034 non
351 1983 527 2058 apparere
554 1964 680 2034 omnia
704 1963 744 2033 in
771 1987 813 2059 ea
839 1986 933 2033 nova
961 1975 997 2032 et
1022 1961 1195 2034 inaudita.
1253 1958 1345 2032 Mul·

247 2093 306 2156 ta'e
327 2085 426 2158 enim
444 2086 640 2158 verborum
657 2086 1021 2183 comprehensiones,
1037 2085 1221 2158 interdum
1234 2086 1343 2156 etiam

249 2209 410 2306 integrae
432 2210 609 2307 paginae,
641 2210 767 2306 paucis
793 2211 939 2281 mutatis
964 2212 1133 2307 leguntur
1158 2212 1254 2280 inter
1279 2207 1346 2280 ad-

247 2332 451 2408 ditamenta
490 2360 585 2433 quae
620 2336 687 2408 sub
725 2313 877 2408 uomiire
908 2333 1054 2407 loannis
1084 2335 1258 2432 Scylitzae
1298 2332 1346 2406 ad

248 2459 384 2534 calcem
418 2457 575 2540 Cedreni
608 2460 705 2534 edita
738 2475 833 2533 sunt.
892 2461 994 2533 Unde
1026 2460 1068 2532 fit
1107 2475 1147 2533 ut
1180 2458 1359 2557 quaestio

221 2585 334 2695 satis
350 2585 548 2684 implicata,
574 2588 742 2686 quisnam
763 2587 809 2659 sit
834 2587 942 2659 huius
967 2587 1142 2658 historiae
1165 2587 1344 2683 legitimus
1375 2579 1378 2582 ⁴

251 2723 395 2808 auctor,
417 2736 550 2785 noram
578 2712 883 2808 disceptationem
909 2713 1083 2808 requirat.
1133 2708 1341 2799 ,cedrenum

251 2837 351 2940 euim
387 2839 467 2931 alii,
500 2839 560 2911 alii
589 2837 779 2937 Scylitzem
813 2838 898 2909 furti
938 2851 1212 2935 accusaverunt:
1248 2859 1344 2908 nunc

145 3041 148 3050 y
248 2961 376 3034 tertius
412 2963 452 3034 in
478 2961 655 3035 iudicium
696 2962 905 3059 supervenit
928 2961 1122 3034 Attaliates.
1181 2959 1257 3032 lam
1294 2961 1345 3032 rir
1385 2995 1389 3004 -

241 3062 484 3184 ¹doctissimus
511 3089 648 3181 llasins,
673 3089 846 3184 inspectis
867 3089 974 3160 rariis
997 3074 1169 3184 Scylitzae
1206 3085 1345 3159 codici·

248 3212 336 3306 bus,
362 3214 486 3286 statuit
501 3214 525 3301 ¹)
554 3212 742 3309 Scylitzem
769 3213 930 3310 primum
958 3215 1207 3310 composuisse
1225 3211 1344 3308 Syno-

248 3337 332 3434 psin
344 3338 579 3411 historiarum
598 3363 619 3410 a
633 3338 842 3434 Nicephoro
858 3333 941 3406 α’πὸ
953 3313 1102 3407 scalada
1129 3333 1344 3434 Augusto‘ad

247 3461 554 3540 turcicomneni
575 3465 771 3562 imperinm
794 3468 1021 3555 ann01057,
1048 3488 1159 3558 quam
1185 3463 1260 3534 fere
1289 3462 1344 3533 in·

250 3602 389 3686 tagram
404 3587 592 3664 Cedrenus
616 3591 798 3664 transtulit
824 3592 862 3662 in
890 3587 1154 3686 compendium
1173 3614 1278 3660 suum
1293 3587 1346 3658 hi-

251 3713 438 3786 storicum.
500 3717 629 3787 Postea
661 3738 747 3787 vero
788 3713 888 3785 idem
922 3713 1118 3810 Scylitzes,
1152 3713 1198 3783 ab
1225 3711 1344 3782 hlexio

251 3834 444 3946 Comneno
467 3842 698 3938 curopalatae
726 3864 879 3913 munere
897 3840 1234 3933 auctus,historiam
1247 3861 1345 3910 suam

353 4112 382 4178 1)
401 4106 433 4160 ln
452 4107 598 4192 Commeat.
621 4110 654 4161 do
675 4107 861 4175 loanuebydo
884 4109 954 4175 p.33
974 4109 1002 4160 in
1013 4107 1083 4167 libro
1098 4108 1173 4162 loan.
1189 4107 1268 4162 Laut.
1286 4102 1348 4174 tyri

253 4205 286 4259 de
304 4204 519 4275 llagirtratibus,
537 4203 645 4258 Parisiis
659 4204 736 4259 1812.
