3017 4892
587 334 798 405 nrsnonrt.
1118 319 1124 327 “
1177 333 1251 407 ιιι

148 506 327 589 δραγαάίας
343 504 399 567 καί
418 498 507 584 δόξης
528 490 599 565 όσοό
621 491 713 575 οὗτος
735 498 990 587 ὑπερηκόντισεν,
1013 498 1056 576 ῶς
1073 496 1155 583 μήτε
1176 503 1256 566 τοὺ-

144 626 198 670 τον
220 598 309 682 άξισν
339 596 426 667 εἶναι·
452 602 624 685 προγόνους
656 596 787 682 ἑτέρους
807 597 892 684 ἔχειν
922 594 944 685 ή
971 603 1108 677 ἐκείνους
1127 597 1253 685 μόνους,

143 696 220 793 ’μήτ’
243 702 382 777 ἐκείνους
401 701 557 785 άπόγσνον
574 703 682 785 ἕτερον
703 700 725 785 ἢ
747 699 804 766 τόν
823 704 880 767 νῶν
899 700 1151 788 εὑρημοόμενυν.
1175 696 1253 786 ὅπερ

149 803 187 891 δή
212 807 316 879 καλῶς
339 806 449 867 ποιοῦν
473 806 527 867 καί
546 803 753 885 συνέδραμεν.

121 918 138 972 ⁵
243 901 289 972 ‘H
304 909 364 990 μέν
386 896 442 969 οὑν
462 904 647 987 τοῦγένους
669 904 769 969 αὑτοῦ
792 899 945 971 άνωτάτω
958 903 1014 970 καί
1033 902 1141 991 πρῶτη
1162 895 1254 988 σειρά

126 1000 184 1075 ’όκ
204 1012 267 1073 τῶν
294 1006 456 1073 Φωκάόων
477 1009 603 1070 ἐκείνων
628 1000 794 1092 ῶρμηται,
818 1003 983 1073 Φωκάδων
1001 998 1046 1073 ῶν
1066 1008 1154 1081 κλέος
1175 989 1254 1088 ου’ρά

149 1106 231 1176 κατά
253 1112 359 1173 πάσαν
378 1109 436 1192 γήν
457 1130 492 1171 τε
514 1109 571 1171 καί
590 1106 770 1172 θάλασσαν.
814 1099 900 1172 οὑτοι
919 1106 981 1191 γάρ
1002 1107 1177 1193 ὑπερφυῶς
1196 1111 1262 1170 τῶνΙ

150 1204 254 1276 άλλων
275 1208 310 1273 τό
334 1205 449 1296 κράτος
473 1211 507 1273 ἐν
530 1210 705 1288 βασιλείοις
724 1211 897 1295 ἐκέκτηντο,
919 1213 1124 1295 στρατηγίαις
1146 1230 1181 1272 τε
1204 1210 1260 1273 καί

151 1315 366 1396 δημαγωγίαις
398 1310 453 1375 καί
479 1310 614 1399 άνόρείιρ
644 1315 795 1395 βραχίονι
823 1313 878 1376 καί
902 1316 1012 1394 γένους
1046 1308 1258 1394 ε’πισημότητι

106 1427 142 1482 to
151 1412 269 1490 πάντας
291 1416 436 1491 ἐπιεικῶς
466 1414 713 1498 ὑπεραίροντες·
756 1410 940 1500 ἐνενήκοντα
960 1410 1020 1495 γάρ
1054 1408 1111 1475 καί
1127 1409 1185 1474 tirio
1207 1432 1258 1491 γε·
1339 1490 1342 1495 ¹

151 1512 223 1591 νεός
252 1516 484 1600 εὑημερσὺντες
513 1512 593 1579 κατά
623 1512 657 1579 τό
685 1519 819 1598 συνεχὲς
855 1511 934 1577 κατά
960 1502 1091 1578 ’πάντων
1114 1504 1200 1593 εἶχον
1219 1505 1256 1575 τά

149 1614 323 1701 νικητήρια,
344 1614 481 1699 μηδενός
503 1616 783 1699 α’νθαμιλληθήναι
797 1612 983 1695 ,δυναμένου
1003 1615 1059 1676 καί
1082 1614 1259 1696 συγκριθη-

150 1740 203 1781 ναι
221 1718 264 1803 τῷ
286 1718 368 1798 γένει
391 1717 452 1778 τῶν
478 1707 641 1778 Φωκάόων
662 1714 744 1797 ὑπὲρ
768 1715 901 1795 α’νόρίας
925 1705 946 1797 ή
968 1714 1191 1796 α’νδραγαθίας
1212 1735 1259 1776 τι.
1360 1758 1366 1767 .

152 1816 206 1891 νὸς
235 1810 255 1899 ἢ
280 1815 436 1891 ὑπατείας
455 1812 616 1898 μεγίστης
650 1818 705 1879 καί
724 1818 918 1900 στρατηγίας
946 1813 1129 1900 ἐπιφανοῦς.
1172 1813 1260 1879 εἶδέ

109 1930 143 1984 15
153 1937 201 1991 τις
227 1916 407 1998 άναόράμοι
427 1914 507 2001 πρός
530 1914 588 2000 τήν
608 1918 670 1981 τῶν
692 1914 875 2000 ἐνενήκοντα
905 1920 961 1982 καί
981 1912 1039 1980 όάο
1062 1915 1175 1999 γενεῶν
1197 1915 1261 2000 α’ρ-

48 2098 52 2109 Ι
152 2015 215 2101 χήν
238 2013 292 2081 καί
314 2012 489 2101 άιιρότητα.
509 2019 620 2100 (μέχρι
643 2017 702 2100 γάρ
727 2021 787 2081 τοὺ
804 2021 859 2101 τῆς
891 2018 1043 2099 ἀοιδίμου
1063 2013 1180 2101 λήξεως
1196 2022 1260 2101 βοι-

155 2121 268 2193 σιλόως
289 2118 402 2200 κυριόυ
424 2117 616 2205 Νικηφόρσυ
638 2122 696 2184 τοὺ
720 2121 821 2184 Φωκά
847 2116 883 2185 τό
905 2114 1005 2184 ’ποσόν
1025 2123 1089 2184 τῶν
1107 2117 1259 2184 τοιοότων
1349 2182 1356 2197 s
1391 2131 1404 2149 ⁴

155 2221 392 2305 συντψηφιζετο
413 2221 564 2305 γενεῶν),
589 2217 719 2303 εὑρήσει
742 2222 956 2304 κατηγμένους
976 2219 1094 2295 αὑτυὺς
1115 2210 1178 2282 άπό
1203 2220 1261 2283 τοῦ
1308 2266 1312 2269 -

156 2320 374 2403 τρισμάκαρες
407 2316 462 2383 καί
480 2316 623 2403 μεγάλου
645 2323 909 2401 Κωνσταντίνσυ,
939 2323 997 2385 τοὺ
1019 2315 1144 2384 πάντων
1164 2309 1261 2399 βασι-

111 2423 235 2492 λθλέων
254 2419 424 2505 ὑπέρτερον
445 2421 613 2506 ἐσχηκότος
634 2424 747 2505 κράτος
769 2422 803 2486 έν
833 2419 1009 2505 ὑπεροχαῖς
1031 2415 1262 2503 ἀγωνισμάτων

153 2524 332 2604 πολεμικῶν
355 2524 410 2586 καί
429 2522 486 2586 τοῦ
508 2517 587 2605 ὑπὲρ
609 2524 665 2607 τῆς
688 2524 854 2603 εὑσιβείας
875 2522 985 2605 ζήλου,
1005 2520 1048 2598 ῶς
1071 2524 1126 2585 καί
1145 2517 1262 2587 ι’σαπό-
1289 2541 1299 2549 ·

154 2631 266 2689 στολου
297 2626 485 2706 λογισθῆναι
513 2623 569 2688 καί
595 2628 650 2707 τῆς
681 2624 883 2707 Χριστιανῶν
911 2619 1086 2705 οἷμωμήτσυ
1125 2620 1260 2695 πίστεως

155 2725 293 2808 κρηπῖδα
315 2728 503 2810 τελεσθῆναι
525 2729 580 2790 καί
600 2723 763 2811 πρόβολον.
786 2712 897 2807 ὀὗτος
916 2721 976 2808 γάρ
999 2717 1062 2786 α’πό
1084 2724 1139 2805 τῆς
1160 2743 1259 2807 πρεσ-

157 3029 195 3080 ita
212 3034 242 3080 ut
260 3041 348 3097 neque
374 3028 420 3080 hie
437 3027 533 3097 dignus
552 3028 650 3094 tuerit,
670 3028 715 3098 qui
734 3027 849 3081 maiores
874 3026 942 3081 alios
966 3026 1079 3081 haberet
1095 3033 1176 3097 atque
1193 3027 1258 3082 illoc

156 3099 247 3164 colos,
267 3113 356 3169 neque
375 3100 434 3166 illi,
455 3102 500 3169 qui
520 3110 677 3171 prognatum
696 3101 777 3153 aliurn
796 3100 975 3154 haberentue
995 3115 1072 3169 quem
1090 3115 1162 3152 nunc
1180 3099 1257 3151 cela.

156 3172 283 3225 bromus:
303 3172 329 3224 id
348 3175 418 3241 quod
437 3173 507 3225 hene
535 3176 670 3226 convenit.

256 3258 368 3314 Generis
387 3263 470 3330 igitur
490 3265 547 3317 eiua
567 3279 689 3331 suprema
710 3271 736 3315 et
753 3263 838 3330 prima
857 3269 951 3314 catena
971 3277 1005 3314 ex
1021 3260 1189 3314 Phocadibua
1201 3258 1257 3312 illie

155 3333 226 3397 exit,
247 3346 358 3401 qnorum
377 3333 464 3403 gloria
483 3335 536 3387 lata
555 3338 582 3387 in
602 3337 672 3386 omni
702 3343 772 3387 terra
790 3343 870 3405 αιηαο
888 3336 954 3385 mari
975 3342 1016 3387 eat
1035 3332 1208 3402 pervulgata:
1228 3331 1256 3382 hi

154 3405 224 3455 enirn
242 3406 329 3472 magio
344 3407 441 3457 ceteris
461 3410 605 3473 potentiam
625 3409 653 3459 in
666 3409 760 3476 regnis
778 3406 829 3459 eibi
849 3415 1081 3473 comparaverant,
1091 3406 1209 3472 imperiis
1230 3410 1258 3454 et

154 3471 249 3540 populi
268 3473 463 3541 gubernatione
484 3487 510 3528 et
528 3478 603 3530 virili
622 3495 700 3529 manu
720 3487 747 3529 et
766 3480 875 3546 generis
907 3477 1052 3545 splendore
1077 3492 1169 3530 omnen
1198 3474 1256 3527 iere
1342 3498 1345 3503 ’

153 3550 325 3610 superantes:
353 3560 401 3610 per
427 3549 573 3615 nonaginta
592 3550 661 3599 enim
682 3557 708 3600 et
726 3550 792 3600 duaa
811 3557 912 3601 aetates
941 3549 1037 3601 felices
1055 3556 1204 3617 perpetuo,
1222 3546 1257 3597 de

154 3613 469 3680 omnihuareportabaut
486 3626 606 3684 tropaea,
638 3636 696 3669 curo
724 3634 803 3670 nemo
824 3618 1064 3685 reaiatere'poaaet
1093 3626 1120 3669 et
1145 3632 1256 3683 compa-

153 3684 208 3736 rari
227 3684 321 3751 generi
343 3683 493 3738 Phocadum
512 3688 545 3738 de
564 3689 663 3741 virtute
683 3687 728 3740 vcl
747 3688 904 3741 fortitudine
924 3689 969 3740 vel
996 3689 1126 3755 dignitate
1143 3689 1257 3739 maxima

155 3762 181 3806 ct
202 3755 315 3821 irnperio
335 3756 442 3823 amplo:
461 3758 484 3810 ai
504 3760 563 3825 quis
582 3767 669 3809 autem
688 3760 814 3812 ascendat
833 3760 865 3811 ad
883 3760 1042 3827 principium
1068 3766 1095 3809 et
1121 3758 1256 3828 fastigium

153 3832 271 3877 aetatum
290 3829 437 3897 nonaginta
455 3828 565 3881 duarum
584 3834 684 3899 (usque
717 3832 787 3881 enim
815 3830 848 3881 ad
874 3846 967 3898 regern
994 3830 1148 3882 venerando
1177 3829 1255 3881 modo
1321 3850 1335 3861 r

153 3897 317 3962 defunctum,
336 3900 470 3951 dominum
488 3900 677 3969 Nicephorum,
697 3901 780 3954 tilium
801 3901 907 3954 Phocoe
933 3910 973 3953 tot
1003 3909 1104 3954 aetates
1129 3917 1254 3955 numera.

152 3970 275 4039 bantur),
294 3972 417 4022 inveniet
436 3987 483 4025 cos
503 3974 630 4027 deductos
651 3982 726 4026 ater
745 3974 824 4025 beato
845 3982 872 4025 et
890 3989 986 4042 magno
1006 3973 1191 4038 Constantino,
1208 3973 1253 4043 qui

153 4042 321 4108 superiorem
340 4057 418 4109 quam
437 4058 528 4097 omnes
549 4062 628 4113 reges
648 4046 740 4098 habuit
759 4047 905 4113 potentiam
916 4047 943 4096 in
959 4046 1109 4113 principatu
1127 4048 1258 4098 contami:

153 4126 215 4164 num
237 4112 398 4165 bellicorum
418 4124 444 4166 et
462 4118 541 4169 studii
560 4119 678 4185 pictatia,
699 4118 736 4169 ita
754 4125 784 4168 ut
803 4118 881 4169 etiam
900 4116 1017 4185 apostoli
1036 4118 1118 4170 instar
1137 4117 1252 4169 trabere-

154 4190 196 4236 tur
216 4192 243 4236 et
261 4186 383 4238 sincerae
403 4186 599 4243 Ghiatianorurn
618 4190 679 4242 tidei
701 4189 900 4242 fundamentum
919 4191 996 4244 fient
1021 4197 1048 4252 et
1064 4205 1163 4244 murus.
1209 4188 1253 4239 hie

156 4254 225 4309 enirn
244 4272 277 4311 ox
296 4267 390 4313 uetere
409 4259 492 4316 Roma
511 4258 675 4319 tranaierena
693 4276 805 4333 regnum
824 4263 991 4330 Byzantium,
1012 4277 1116 4333 exque
1141 4259 1252 4316 Maxen-
