3017 4892
271 355 318 428 rs
569 327 1078 428 armamentum

269 487 416 602 ὅμαίμων
448 516 535 595 ἐκτὸς
556 517 639 585 ναοιῒ
650 573 658 604 ,
687 517 742 584 καί
759 521 882 601 γίνεται
913 520 1062 604 σομφνΐα
1092 515 1149 580 καί
1180 511 1386 598 ἅλληλοοχία
1480 560 1481 639 ,

268 614 376 705 ὥσπερ
400 621 457 685 τοῦ
478 621 611 702 αἳματος
633 615 714 687 οὕτω
736 618 776 705 δὴ
799 620 854 685 κατ’
875 623 931 704 τῆς
951 620 1031 684 κατὰ
1045 615 1105 702 τὴν
1124 616 1292 699 βασιλείαν
1310 633 1388 674 κοι-

246 723 400 804 Ινεανικῆς
422 722 606 802 διαθέσεως,
627 726 683 788 κατ’
704 720 938 806 αιίτνκράτορτς
965 714 1066 805 άμφω
1082 718 1274 799 θαυμασίως
1296 713 1386 778 οἴνα-

270 819 465 905 reprimor.
485 824 540 886 κατ’
558 820 674 908 χρόνον
695 819 766 889 τινά
796 825 838 885 δι’
859 818 984 887 {sorde
1004 812 1160 885 ι’θάνασαι
1184 814 1242 905 τὴν
1263 815 1384 899 α’ρχὴν,

149 923 330 1006 α.1θλλ,τῆς
351 918 523 1006 ὅτιερορίας
554 925 787 989 α’νακαλοάνται
820 927 1061 988 Κωνσταντῖνον
1088 919 1145 984 τὸν
1167 915 1413 999 Μονομάχον,5

151 1001 530 1108 12’Ῑῑωέίριστοκρατικόν
546 1016 650 1108 άνιλρα
669 1027 724 1088 καί
738 1027 871 1106 θρέμμα
890 1026 946 1105 τῆς
956 1021 1087 1105 πόλεως,
1103 1017 1243 1086 dromos
1254 1021 1291 1082 ti
1302 1010 1385 1084 ὄντα

272 1121 328 1190 διὰ
339 1122 398 1208 τήν
415 1127 529 1209 α’ρχὴν,
552 1127 606 1190 καί
618 1123 671 1190 διά
694 1127 785 1191 τοῦτο
796 1126 884 1208 παρά
904 1127 966 1190 ταῖν
983 1123 1091 1208 πρώην
1102 1120 1301 1205 κρατούντων
1311 1143 1384 1205 φν-

271 1226 493 1308 γαδενόμενον.
536 1224 591 1290 καί
609 1234 804 1310 παραχωρεῖ
820 1226 916 1290 πάλιν
934 1229 989 1308 τῆς
1012 1227 1167 1309 σαζογιλις
1188 1213 1383 1308 ἧΘεοδωρα

272 1328 313 1412 τῇ
334 1324 520 1413 αάταδελφῇ
532 1329 621 1414 Ζωῇ,
644 1327 699 1392 καί
719 1324 774 1391 τὸν
801 1319 906 1410 άζνγα
927 1329 997 1408 βιόν
1020 1323 1168 1409 αἱρεῖται,
1190 1320 1227 1388 ὃν
1247 1324 1282 1386 ἐκ
1303 1321 1381 1385 σαί·

272 1426 339 1490 tos
360 1423 531 1509 καὶμέχρι
553 1427 658 1510 γήρως
681 1429 736 1510 τῆς
762 1424 900 1511 ἐσχάτης
920 1426 1043 1512 ἡμέρας
1064 1425 1240 1511 ἐξήσκησεν.
1395 1430 1428 1483 10

374 1523 661 1612 Ενίεργετικάτερσς
690 1529 726 1592 δὲ
746 1530 803 1592 τοῦ
821 1522 1149 1611 προβεβασιλεννάτος
1178 1519 1194 1586 d
1222 1524 1382 1603 Μονομά.

272 1649 333 1710 χος
353 1626 568 1709 α’τινδειχβείς,
593 1625 648 1691 καὶ
667 1628 785 1703 πάντας
805 1626 921 1710 σχεδὸν
944 1631 1120 1707 βασιλικοῖς
1147 1622 1309 1705 άξιάμασι
1327 1622 1386 1687 καί
1485 1608 1486 1699 l

273 1727 444 1810 δωρήμασι
469 1729 646 1812 φιλοτίμοις
670 1725 906 1811 άποσεμνάνας,
928 1730 1070 1812 η’γάθννε
1089 1724 1124 1792 τὸ
1145 1723 1302 1810 άπὴκαον·
1327 1727 1380 1803 ἐξ.

275 1829 391 1912 σι’φνης
414 1829 450 1891 δὲ
471 1830 565 1913 νέφος
598 1831 633 1894 ἐκ
655 1833 710 1916 τῆς
728 1823 865 1912 ἑσπέρας
896 1832 1050 1913 ε’γειρεται
1069 1825 1210 1911 τετριγὸς
1231 1824 1286 1890 καί
1305 1825 1380 1890 άλέ-
1486 1840 1487 1843 ’

274 1931 370 2020 βριον
400 1923 454 1992 καί
485 1933 705 2013 πανωλεθρίαι
738 1931 825 2016 adep
856 1933 912 1995 καί
941 1933 997 2014 τῆς
1025 1925 1192 2010 βασιλείας
1224 1926 1381 1992 άσὲλασιν
1393 1930 1426 1983 15

276 2026 430 2092 άαειλοῦν
442 2081 451 2112 ,
473 2027 555 2113 α’νὴρ
584 2029 767 2115 αἱμοχαρὴς
795 2030 850 2095 καί
867 2039 1029 2114 γενναῖος,
1050 2025 1068 2092 ὅ
1090 2025 1382 2114 προμνημονενθείς

277 2128 310 2191 Γ
307 2125 458 2212 ια’ργιος,
491 2119 712 2216 ᾦΜανιάκης
744 2130 929 2211 ἑπόνομον,
957 2133 993 2194 εἰι
1021 2130 1078 2214 τῆς
1095 2129 1251 2212 Ἰταλικῆς
1278 2128 1381 2211 α’ρχῖγς

278 2224 461 2304 ἐπαναστάς
480 2228 560 2310 μετά
588 2233 650 2295 τάν
676 2233 776 2296 ἐκεῖσε
804 2230 963 2297 συνόντων
989 2231 1193 2316 στρατιωτῶν
1209 2228 1383 2310 Ῥωμαίων

277 2327 335 2393 καί
359 2328 539 2412 Ἀλβανῶν,
578 2327 633 2395 διά
663 2330 842 2415 παράρασιν
874 2335 934 2397 τοῦ
962 2323 1119 2414 βασιλέως
1147 2328 1297 2404 α’νιαβείς
1324 2330 1380 2392 καί

278 2435 541 2514 προηγησαμένας
566 2429 690 2517 ἔχθρας
703 2437 770 2513 μετ’
792 2432 896 2497 αὐτοῦ
914 2433 1038 2509 ίεδιάς.
1081 2434 1137 2498 κατ’
1155 2429 1195 2494 τά
1212 2430 1272 2512 μὲν
1286 2424 1427 2493 tornaio

212 2554 215 2559 ’
278 2532 342 2596 ταῖν
372 2533 634 2617 σοναντησάντων
659 2533 887 2618 στρατεύματα
914 2533 1108 2620 συνετάραξε
1135 2535 1191 2597 καί
1218 2533 1383 2612 κατέβαλε,

250 2629 339 2714 -πριλ
374 2630 432 2695 driu
459 2632 494 2696 δὲ
522 2635 578 2716 τῆς
612 2634 846 2719 Θεσσαλονίκης
876 2636 1005 2720 ἡμερῶν
1031 2624 1383 2720 στρατοπεδευσάμενος

278 2730 355 2816 urps*
374 2729 480 2818 δειλην
504 2732 603 2816 σ’ψιάν
625 2732 818 2818 προσβάλλει
845 2737 890 2822 τῷ
912 2739 1050 2823 μεγίστῳ
1069 2735 1224 2820 βασιλικῷ
1243 2749 1383 2816 στρατο-

281 2871 284 2884 '
353 2893 719 2968 remunerationem.
830 2883 836 2897 x

186 3077 190 3084 ¹
279 3069 325 3110 sus
345 3057 489 3125 reciperet,
509 3060 602 3111 eodem
629 3059 758 3111 convenit
777 3060 856 3111 etiarn
884 3073 961 3112 soror
986 3067 1062 3112 extra
1087 3057 1229 3125 templum:
1254 3064 1281 3107 et
1298 3056 1383 3106 oritur

279 3129 433 3182 coniunctio
462 3138 489 3181 et
516 3133 654 3182 concretio
679 3138 749 3207 prout
772 3132 910 3198 anguinis
936 3132 973 3182 ita
993 3134 1072 3184 etiam
1095 3131 1267 3182 consociatae
1284 3129 1312 3178 in
1331 3128 1382 3177 iru-

278 3201 356 3268 perio
374 3201 499 3253 rationis:
520 3210 547 3253 et
565 3202 686 3253 dominae
705 3201 799 3252 arubae
815 3203 883 3254 mire
900 3201 1080 3265 declarantur,
1099 3209 1127 3253 et
1143 3203 1192 3269 per
1208 3209 1312 3266 tempus
1329 3196 1383 3250 sli-

280 3271 352 3339 quod
369 3287 418 3337 per
437 3287 467 3323 se
486 3281 612 3339 regentes
631 3275 772 3339 imperium
791 3289 824 3324 ex
842 3274 939 3327 exsilio
959 3281 1090 3327 revocant
1104 3273 1307 3327 Constantinum
1324 3271 1382 3322 llo-

279 3341 447 3405 uomacbuur,
462 3343 549 3394 virum
567 3359 601 3395 ex
621 3346 775 3410 optimatum
790 3360 892 3412 genere
909 3354 937 3397 et
953 3347 1105 3414 indigenam
1126 3345 1210 3406 urbis,
1232 3349 1384 3409 suspectum

281 3421 371 3466 autem
388 3414 496 3479 imperii
516 3417 673 3480 capessendi
693 3423 719 3466 et
740 3425 883 3484 propterea
900 3418 978 3470 abiis
997 3419 1044 3486 qui
1061 3424 1140 3468 autea
1157 3414 1314 3482 regnabant,
1334 3427 1383 3464 ex-

280 3484 396 3551 pulsum.
436 3493 514 3554 atque
534 3486 605 3538 oedit
623 3502 720 3538 rursusi
737 3503 771 3540 ex
789 3490 980 3541 coniunctione
1003 3488 1143 3541 Theodora
1160 3487 1247 3538 sorori
1265 3485 1338 3538 zoae
1357 3489 1384 3533 et

281 3553 428 3610 solitariam
453 3559 534 3608 vitam
561 3557 653 3626 eligit,
674 3574 751 3626 quam
770 3575 786 3610 a
802 3562 894 3628 primis
916 3562 994 3613 aunis
1011 3568 1040 3611 at
1058 3574 1144 3627 usque
1166 3558 1200 3610 ad
1219 3562 1384 3609 senectutem

268 3627 336 3680 diei
356 3630 473 3696 supremi
495 3631 623 3680 exercuit

352 3699 599 3753 beneficentissime
620 3709 707 3754 autern
722 3718 789 3770 prae
802 3707 943 3771 superiore
954 3719 1021 3771 rege
1033 3701 1221 3756 liononraclrus
1237 3715 1268 3752 se
1287 3710 1384 3767 gerens

174 3820 185 3830 ,
281 3780 310 3825 et
326 3785 418 3823 omues
433 3772 492 3824 iere
508 3771 593 3841 regiis
604 3774 776 3842 dignitatibus
788 3784 815 3826 et
832 3775 909 3827 douis
922 3775 1079 3827 liberalibus
1098 3789 1195 3825 ornans
1208 3771 1302 3822 beavit
1320 3767 1385 3821 sub-

280 3845 375 3896 iectos.
394 3843 515 3909 protinus
533 3851 622 3896 autem
634 3846 719 3898 nubes
737 3851 774 3898 'ex
786 3847 926 3899 occidente
947 3849 1078 3900 excitatur
1092 3845 1208 3897 stridens
1227 3851 1255 3894 et
1273 3842 1385 3893 exitiosa

282 3921 310 3966 et
333 3913 504 3964 miserrimam
533 3917 558 3966 ei
583 3925 664 3984 atque
687 3919 766 3985 regui
791 3917 975 3984 expulsionem
1004 3920 1137 3970 minitans.
1183 3917 1226 3967 vir
1254 3913 1386 3979 sanguiue

281 3984 401 4052 gaudeus
422 3993 449 4036 et
466 3984 586 4050 nobilis,
613 3995 691 4040 antea
718 3997 938 4056 compremoratus
959 3989 1091 4057 Georgius
1114 3990 1158 4042 cui
1180 3985 1318 4040 llanialres
1336 3996 1384 4032 co-

281 4068 397 4180 gnomen
417 4071 451 4107 cx
468 4055 562 4108 ltalico
583 4074 668 4127 regno
693 4074 815 4121 exorsus,
833 4075 892 4110 cum
913 4062 947 4112 iis
965 4062 1010 4128 qui
1029 4061 1065 4111 ibi
1087 4062 1111 4111 ei
1130 4061 1241 4111 aderaut
1258 4053 1386 4106 militibus

307 4128 408 4180 omanis
433 4137 460 4179 et
484 4127 596 4181 Albanis
624 4129 793 4198 negligentia
820 4132 893 4198 regis
920 4132 1039 4183 offensus
1066 4140 1094 4183 et
1111 4132 1215 4197 priores
1233 4125 1386 4195 inimicitias

282 4199 341 4248 eius
361 4206 498 4262 metuens,
523 4207 549 4249 et
573 4199 694 4266 reliquos
715 4202 912 4252 occurrentium
929 4204 1064 4256 exereitus
1085 4202 1204 4254 turbarit
1222 4206 1251 4251 et
1268 4197 1387 4260 devicit,

281 4276 344 4327 anie
362 4269 577 4326 Thessalonicam
603 4277 691 4324 auteur
710 4271 778 4327 duos
801 4272 860 4326 dies
883 4289 943 4328 eum
970 4283 1057 4330 casua
1078 4274 1226 4342 posuisset,
1244 4271 1318 4322 circa
1335 4283 1387 4322 ve-
