3017 4892
456 373 460 380 '
594 381 802 452 urseolus.
1046 283 1071 334 θ
1195 389 1243 462 aa

141 549 285 633 αι’σχρόός
308 544 443 621 τούτους
459 551 572 630 φυγεῖν
589 543 845 630 συνηνάγκασαν,
865 544 1106 627 τύλαβσυμὲνου
1128 545 1246 614 τούτων

139 644 277 712 ἓκύστον
298 651 350 712 ἵνα
370 645 414 730 μη
433 643 489 711 τόν
512 649 581 726 βιόν
602 643 748 734 α’ποβόλη
772 649 876 733 πληγῇ
896 645 1063 737 α’πρσόπτιρ
1086 648 1140 712 καὶ
1159 673 1245 727 συμ-

138 750 274 837 πατηθῇ
293 755 359 822 τοῖς
378 749 600 831 συντρέχουσι.
650 745 800 830 δευτέρας
832 747 867 810 δὲ
888 747 1051 832 συμβολῆς
1078 751 1244 832 γενομένης

139 848 187 924 τός
208 845 265 931 τῆν
287 846 402 929 όμούαν
423 847 574 930 ἐκτροπὴν
595 843 624 911 οἱ
642 845 795 926 Ῥωμαῖοι
815 845 1024 930 πεπόνθασιν,
1046 849 1145 924 εύθύς
1167 872 1245 934 φιν.
1333 898 1335 911 .

105 947 259 1033 ὅγόντων
289 946 319 1014 οἱ
349 948 473 1015 Σκύθαι
506 946 626 1013 τούτων
654 945 831 1032 ἐξήρτηντο.
886 951 943 1013 κατ’
973 949 1013 1036 τῇ
1043 951 1156 1037 α’ταξιήι
1187 953 1248 1014 τού

137 1049 287 1150 πλήθους
308 1051 371 1113 τόν
393 1049 595 1132 στρατιωτῶν
628 1051 867 1130 συμμιγέντων,
896 1053 960 1112 τῶν
980 1038 1012 1114 τε
1034 1049 1089 1133 τῆς
1110 1042 1248 1134 ἑσπέρας
1284 1087 1287 1091 ·

137 1152 345 1232 στρατιωτῶν
373 1151 451 1232 μηδ’
470 1152 515 1224 εἰς
545 1157 658 1232 χεῖρας
678 1151 785 1214 ἐλθεῖν
804 1149 935 1234 κοίτην
956 1141 1053 1233 ἧτταν
1074 1151 1136 1216 τῶν
1159 1171 1249 1234 συμ-’
1324 1223 1349 1236 ,ι
1379 1223 1391 1246 q

136 1249 256 1334 μόχων
278 1251 538 1316 α’ναιιαλέσασθαι
570 1248 623 1314 διὰ
648 1249 682 1314 τό
704 1253 1023 1336 παρευδοκιμηθῆναι
1055 1255 1132 1335 περί
1148 1251 1271 1338 αύτὴν

138 1350 202 1432 τήν
223 1349 344 1432 ἡμέραν
361 1338 416 1435 τῆς
439 1346 699 1434 προκατόρξεως,
721 1349 878 1436 παντελὴς
904 1350 1006 1437 τροπή
1030 1355 1095 1418 τοῖν
1109 1349 1250 1436 ‘Pereat-
1279 1407 1281 1413 .

87 1454 207 1516 wimiis
230 1451 397 1533 δυνάμεων
417 1451 536 1535 γίνεται
559 1450 614 1516 καί
634 1453 732 1538 φόνος
760 1451 880 1518 τούτων
902 1448 975 1528 όσος
1001 1450 1189 1539 ύμόθητοςί
1219 1447 1254 1518 οἷ

138 1551 180 1616 δὲ
201 1557 427 1638 περισωθέντες
449 1552 506 1628 τός
529 1555 703 1628 πανσπλιάς
732 1555 878 1628 ἐκδύντες
898 1553 964 1617 καί·
979 1551 1169 1635 καταβάντες
1189 1557 1252 1620 sois

137 1654 258 1730 ἳππων,
282 1655 328 1726 εἰς
349 1647 427 1736 ύλην
450 1677 484 1717 τε
512 1659 649 1734 βαθεῖαν
679 1659 733 1717 καί
761 1651 922 1736 κρημνούς
943 1648 1078 1731 ἑαυτούς
1098 1652 1251 1738 assoti-

136 1776 263 1834 σαντες,
286 1753 379 1833 μόλις
404 1755 449 1826 εἰς
468 1752 509 1816 τό
531 1749 652 1817 ἑαυτῶν
675 1749 896 1836 α’νεσιύθησαν.

248 1850 402 1936 Τοιαύτης
431 1855 466 1916 δὲ
488 1850 693 1936 τετυχηκότες
717 1851 746 1916 οἱ
770 1852 898 1916 Σκύθαι
920 1855 974 1936 τῆς
995 1855 1173 1938 εύτυχίας,
1196 1857 1253 1922 κατ’

91 1953 271 2016 15πολλῶν
293 1951 452 2030 σωμάτων
475 1950 535 2016 aui*
548 1951 725 2036 χρημάτων
745 1949 907 2034 γενόμενοι
927 1950 1046 2037 κύριοι,
1068 1961 1123 2021 καί
1145 1956 1252 2041 αύχὴ-

139 2072 246 2134 ματος
262 2048 404 2132 μεγάλου
424 2049 646 2136 πληρώσαντες
666 2047 825 2132 ἑαυτούς,
848 2045 951 2131 οὕτως
973 2051 1188 2136 ἐμβάλλουσιν
1205 2061 1251 2136 εἷς

140 2148 206 2234 τήν
229 2149 456 2233 Μακεδονικὴν
478 2155 533 2216 καί
555 2155 789 2234 κατατρέχουσι
820 2155 926 2219 πᾶσαν
948 2152 1045 2238 όμσύ,
1068 2160 1124 2222 καί
1141 2157 1252 2223 πλειό-

137 2269 208 2318 νων
228 2247 449 2334 κυριεύσαντες
483 2251 639 2337 λαφύρων
669 2255 715 2328 εἰς
728 2250 796 2329 τός
829 2247 954 2320 ἑαυτῶν
973 2254 1090 2341 σκηνὰς
1112 2281 1253 2344 περιφα-

138 2355 207 2427 νσὸς
229 2347 455 2430 α’νασιόζονται.
509 2357 600 2418 τούτο
631 2356 665 2418 δὲ
704 2356 752 2430 δός
773 2358 829 2420 καί
853 2359 1018 2441 τρισσόκις
1050 2360 1254 2442 πεποιηκότες

92 2445 274 2535 αοόμαχον
302 2449 387 2535 ἔχειν
408 2450 464 2538 τἠ“ν
495 2454 591 2537 ἰσχύν
625 2453 681 2518 καί
710 2456 964 2539 α’καταχιύνιστον
990 2454 1111 2536 ἔδοξαν.
1155 2451 1254 2536 αύθις

141 2555 179 2619 δὲ
202 2555 280 2636 περὶ
295 2552 559 2636 Ἀύριανούπσλιν
583 2548 786 2638 συντόγματα
807 2555 930 2639 μτγόλα
947 2556 1144 2642 παραλαβών
1158 2557 1176 2624 ό
1190 2561 1254 2625 sair

135 2655 311 2756 ‘Propensior
344 2654 469 2740 ἦγτμιόν
494 2651 735 2732 Κωνσταντῖνος
762 2655 968 2742 πραιπόσιτσς
991 2657 1009 2722 ὅ
1032 2661 1185 2743 εύνοῦχος
1206 2661 1253 2736 εἷς

147 2895 152 2900 ,
219 2844 247 2897 2.
267 2844 331 2912 βίον
350 2855 393 2894 om
413 2840 448 2907 G,
467 2842 566 2894 adiecit
583 2841 726 2895 Brunetus.
836 2842 865 2894 8.
894 2843 1081 2901 ύνσκαλένων
1111 2841 1255 2901 ἀνακαλέ-

217 2919 333 3044 ἷζσθριι
348 2913 378 2968 (i.
394 2927 428 3040 ag
446 2911 657 2987 όνασχομένων
674 2913 931 2972 assumeremus?
990 2909 996 2914 ’
1022 2915 1063 2969 12.
1081 2920 1200 2987 βαθείας
1220 2916 1252 2971 G.

257 3024 264 3038 .
285 3003 325 3045 ες
343 2999 386 3037 om
429 3024 435 3037 .
763 3018 767 3027 ι

141 3166 227 3218 vitam
255 3161 382 3226 perderet
398 3161 454 3212 ictu
478 3174 533 3211 non
554 3169 708 3228 exspectato
727 3176 798 3211 neve
815 3160 964 3211 calcaretur
983 3173 1032 3226 per
1049 3167 1253 3211 concurrentes.

140 3235 230 3289 altera
254 3240 344 3284 autem
363 3233 539 3283 concursione
559 3233 629 3284 lactu
648 3231 844 3295 cumxsimilem
865 3230 1046 3298 repulsionem
1069 3230 1162 3282 Graeci
1181 3231 1254 3298 passi

136 3315 253 3370 essent,
282 3304 368 3355 statim
389 3303 552 3372 fugientibus
575 3305 690 3372 Scythae
714 3303 755 3356 his
774 3304 953 3355 adhaeserunt
971 3311 997 3354 et
1016 3318 1075 3352 cum
1094 3301 1254 3354 confusions

142 3375 326 3432 multitudinis
344 3375 444 3427 milites
462 3379 637 3428 miscerentur
657 3385 683 3427 et
702 3377 849 3427 occidentis
864 3375 964 3425 milites
982 3389 1018 3424 ue
1037 3389 1128 3425 manus
1147 3375 1256 3442 quidem

144 3463 295 3502 conserere
309 3453 335 3497 et
356 3447 457 3498 cladem
477 3450 611 3511 sociorum
639 3449 769 3499 auderent
789 3449 937 3516 corrigere,
958 3447 1021 3512 quia
1039 3452 1116 3496 eraut
1136 3445 1255 3512 superati

144 3523 249 3574 circum
264 3519 349 3581 ipsum
372 3517 440 3567 diem
459 3519 540 3584 initii,
561 3521 668 3570 omniuo
689 3519 751 3587 iuga
770 3520 930 3569 Graecarum
950 3518 1046 3568 virium
1068 3517 1098 3568 lit
1118 3524 1145 3567 et
1164 3515 1254 3568 clades

145 3593 243 3642 horum
261 3584 385 3636 nefanda.
424 3590 523 3638 servati
543 3599 630 3639 autem
653 3599 810 3640 armaturam
829 3605 939 3655 gravem
960 3595 1089 3639 exuentes
1110 3595 1137 3636 ct
1156 3585 1253 3638 desili.

146 3667 225 3713 entes
238 3655 315 3723 equis
334 3656 362 3704 in
381 3654 476 3706 silvam
493 3657 650 3722 profundam
669 3667 696 3708 et
713 3658 831 3708 declivia
849 3658 910 3708 loca
929 3673 959 3709 se
979 3658 1185 3721 comprimentes
1205 3657 1252 3706 vix

145 3732 179 3784 ad
200 3735 292 3781 castra
310 3739 418 3776 suorum
432 3735 623 3792 pervenerunt.
1131 3726 1134 3731 “

250 3797 340 3851 l'alenr
366 3805 453 3848 autem
471 3797 559 3863 adepti
579 3795 694 3863 Scythae
715 3797 846 3848 fortunam
865 3805 892 3848 et
910 3794 1051 3849 mullorum
1070 3811 1211 3864 corporum
1228 3803 1256 3848 et
1343 3793 1346 3798 ’

145 3888 237 3928 rerum
258 3871 323 3921 iacti
342 3869 442 3920 domini
463 3878 488 3920 et
507 3868 595 3936 gloria
614 3883 709 3934 inagna
729 3883 789 3918 oum
810 3864 998 3935 implevissent
1016 3883 1056 3931 se,
1075 3870 1114 3919 sic
1132 3870 1254 3938 ingredi.

145 3955 227 3998 antur
247 3940 445 3996 Macedonicam
465 3949 560 3991 terram
591 3947 617 3991 et
642 3947 830 4006 percurrentes
850 3939 984 3991 hostiliter
1010 3954 1113 3991 omnem
1132 3940 1209 3992 simul
1229 3949 1256 3992 et

146 4013 270 4084 pluribus
291 4011 368 4078 potiti
389 4012 483 4077 spoliis
503 4012 535 4062 ad
553 4027 600 4063 sua
618 4012 734 4063 tentoria
759 4010 899 4078 splendide
918 4013 1087 4077 perveniunt.
1134 4012 1186 4064 hoc
1204 4029 1255 4064 au.

146 4097 200 4138 teru
220 4101 280 4136 cum
300 4083 340 4135 bis
361 4091 387 4133 ct
406 4091 447 4133 ter
466 4083 594 4134 iecissent
609 4083 817 4150 impugnabilem
838 4082 939 4133 halrcre
958 4097 987 4133 se
1007 4085 1061 4135 vim
1082 4093 1108 4136 et
1127 4085 1255 4136 invictam

147 4157 271 4210 arbitrati
292 4163 362 4208 suut.
401 4169 491 4206 rursus
514 4164 601 4207 autem
630 4157 702 4206 circa
727 4154 922 4221 Adrianopolin
947 4157 1053 4221 agmina
1080 4171 1256 4224 magnacum

148 4231 302 4295 recepisset
328 4227 489 4279 Graecorum
519 4227 571 4278 dun
598 4227 785 4284 Constantinus
813 4226 981 4293 praepositus
1010 4229 1094 4296 (sacri
1123 4225 1255 4293 cubiculi)

150 4299 291 4352 eunuchus
321 4305 347 4350 et
371 4297 461 4350 locum
482 4307 570 4366 apturn
590 4308 617 4350 et
636 4297 715 4352 fossis
742 4313 800 4350 eum
820 4299 979 4352 munivisset
996 4299 1099 4350 monita
1117 4296 1255 4351 ldiclraelis

182 4415 186 4426 ·
229 4410 313 4464 ναι.
333 4410 415 4464 κιαι.
435 4410 503 4463 nur.
818 4410 823 4414 ·
871 4467 876 4477 ,
1047 4411 1064 4462 s
1134 4446 1136 4453 .
