3017 4892
582 257 804 404 *nrsr'onml
1104 363 1109 371 ,
1173 321 1248 408 att

131 541 231 601 κημα
253 517 308 580 καί
328 515 387 579 τοῦ
409 509 471 577 α’πὸ
505 510 679 594 λογοθετάν
701 509 857 596 δύστηνον
886 508 1042 596 ἐπινόημα
1062 508 1175 598 καλιῇ
1193 512 1250 574 ευ*-

130 617 240 706 θηνίηι
260 617 476 699 ἐπιβουλεῦον,
495 611 552 677 τὸν
566 615 837 697 καινουργηθέντα
850 617 935 699 φημί
955 610 1043 690 ε’κτός
1063 614 1124 678 τοῦ
1136 604 1250 688 άστεος
1329 674 1333 680 ,

116 718 315 804 ,φοάνιλακα
347 716 402 780 καί
423 715 585 798 κατεπόθη
614 716 729 798 μέχρις
751 711 895 800 ἐδάφους
914 714 1088 798 διαρρυείς.
1132 714 1192 778 τοῦ
1213 713 1250 776 δὲ

134 817 282 902 κάστρου
294 820 422 882 Πανίου
445 813 494 880 ἔτι
514 812 559 898 μή
583 818 843 897 συναπαχθέντος
865 814 972 890 αὐτοῖς
995 817 1250 896 ἐπεστράτευσαν

104 916 172 984 δοῖ
195 922 253 1002 τῆς
270 915 458 983 ‘Parnassos
481 918 547 980 κατ’
574 913 677 980 aetrno*
689 941 697 956 ·
741 918 797 979 καί
818 918 860 979 δι’
880 915 1008 1001 ἡμερῶν
1026 917 1122 983 τινῶν
1143 939 1250 998 παρα-

135 1019 336 1105 στησάμενοι
359 1018 438 1083 oded
458 1014 547 1091 τινάς
565 1019 625 1098 μὲν
647 1016 709 1080 τάν
730 1012 820 1080 ἔνδον
839 1016 1013 1099 ,η’μάναντο,
1036 1014 1108 1091 τούς
1131 1018 1166 1080 θλ
1189 1007 1250 1080 άλ-

137 1129 221 1196 λους
242 1123 296 1186 ἐπί
312 1115 424 1204 χώρας
446 1122 624 1183 κατέλιπον.
647 1113 747 1182 ἔκτοτε
770 1120 806 1182 δὲ
823 1120 864 1181 ου’
878 1120 1020 1186 διέλιπον
1037 1119 1073 1182 ἐκ
1094 1120 1148 1201 τῆς
1170 1114 1250 1180 άπα-

137 1223 291 1306 στατικῆς
318 1221 434 1304 μοίρας
455 1221 501 1294 εἰς
521 1215 579 1302 την
596 1215 781 1284 Ῥαιδεστὸν
811 1216 1069 1304 παραβάλλοντες
1089 1218 1250 1302 στρατιά-

137 1346 208 1400 ται,
231 1320 285 1386 καί
305 1322 425 1404 μᾶλλον
460 1314 655 1404 άλλογενεῖς,
683 1319 738 1385 καί
755 1317 831 1396 τούς
851 1318 1029 1407 περικύκλῳ
1049 1317 1167 1404 α’γρούς
1189 1322 1249 1381 λυ-

89 1418 351 1505 1ομαινάμενοι,
382 1417 541 1506 προφάσει
568 1418 654 1505 τάχα
688 1424 743 1506 τῆς
774 1425 832 1486 τοῦ
859 1420 998 1504 κάστρου
1026 1419 1173 1506 φυλακῆς
1194 1420 1250 1482 καί

137 1525 383 1606 διατειχίσειος·
426 1513 523 1605 ἤθελε
545 1520 606 1604 γάρ
631 1523 686 1584 καί
709 1517 826 1594 αάτοὺς
851 1519 1069 1601 ἧΒατατζῖνα
1092 1521 1135 1579 δι’
1157 1508 1248 1599 ὄγκον

137 1621 366 1708 ὑπερηφανίας
390 1621 443 1685 καί
464 1617 648 1704 ,α’ποτροπῆν
663 1624 719 1702 τῆς
739 1616 995 1702 άπαπτευομένης
1012 1619 1094 1704 ου’τῇ
1116 1618 1249 1697 ε’πιβου-
1294 1541 1325 1706 ί

138 1725 198 1806 λῆς
237 1725 293 1786 καί
329 1723 579 1804 παρακινησεοος.
634 1720 837 1805 συνετηρήθη
865 1717 974 1783 δὲκαὶ
1003 1716 1249 1799 ὅναάσταθμος

138 1825 197 1885 τοῦ
220 1820 364 1885 τοιοάτου
396 1818 534 1905 κάστρου
564 1820 700 1904 σκόλοψι
727 1825 782 1885 καί
811 1820 997 1905 περιπάτοις
1025 1821 1163 1896 ξυλίνοις
1194 1820 1250 1884 καί

96 1913 253 1996 15άλλοις
276 1917 422 2005 ὀργάνοις
443 1927 506 1987 τῶν
528 1922 705 2006 α’λλοτρίιον
728 1924 807 1986 νεῶν
832 1923 1080 2003 α’ποτρεπτικοῖς.
1125 1921 1248 1982 πολλάν
1293 1965 1300 1971 -

142 2025 178 2088 δὲ
201 2012 300 2087 άντων
332 2023 365 2086 ἐν
393 2024 437 2110 τῷ
458 2025 599 2111 αἰγιαλῷ·
614 2025 806 2112 οἰκημάτων,
833 2021 1037 2107 καταστροφή
1064 2018 1185 2086 τούτων
1204 2019 1247 2083 δι’

140 2123 379 2209 άπανοουμένην
403 2124 612 2210 κατεπράχθη
641 2127 799 2190 ἐπίθεσιν.
852 2125 907 2188 καί
928 2124 1036 2200 άπλάς
1056 2123 1162 2186 πάντα
1187 2144 1246 2185 τα-

140 2228 244 2308 ραχῆς
264 2226 437 2310 ἐπίπληστο
459 2229 514 2291 καί
534 2224 734 2308 συγχάσεαιςι
771 2221 917 2312 ᾐσθόμην
937 2226 973 2289 δὲ
993 2225 1049 2288 καί
1066 2220 1164 2297 ου’τάς
1183 2223 1273 2288 rdet.
1284 2226 1337 2284 221
1346 2240 1375 2282 v.

140 2323 293 2390 τοιούτων
310 2329 414 2392 κακῶν
435 2325 479 2402 οἷς
500 2327 558 2410 τὴν
575 2328 772 2393 α’ποοτασιάν
793 2324 979 2412 α’ποφυηάν,
1000 2328 1054 2408 τῆς
1077 2321 1168 2397 ε’ντάξ
1186 2324 1245 2387 τοῦ

50 2457 53 2462 ’
96 2424 278 2511 νυκάστρου
310 2429 412 2504 οἰκίας
439 2430 496 2492 καί
512 2429 574 2493 τάν
593 2427 768 2512 άγροτικιὸν
787 2453 851 2508 μου
881 2422 1046 2512 κτημάτων
1067 2424 1245 2510 διαρπαγὴν

139 2526 202 2590 τάν
223 2527 256 2590 ε’ν
277 2528 382 2602 αάτοῖς
407 2529 447 2591 ου’
468 2525 525 2612 τήν
547 2529 709 2618 τυχοῦσαν
730 2527 944 2592 άποστάντων.

235 2626 271 2692 Ὁ
294 2628 329 2692 δὲ
349 2632 523 2711 Βρυέννιος
540 2633 643 2708 τάξεις
664 2628 718 2694 καί
741 2627 848 2713 ἀρχάς
869 2628 909 2714 τῇ
923 2628 1076 2716 βασιλικῇ
1097 2628 1244 2711 δορυφο-

217 2802 258 2857 11.
279 2818 313 2856 en
331 2805 462 2877 ἤρέθιζελ
551 2807 594 2861 22.
613 2807 700 2871 τάξας
718 2807 748 2860 c.
769 2807 886 2860 correxit
902 2807 1046 2874 interpres.

145 2958 171 3004 et
188 2950 282 3018 copies
295 2951 441 3018 insidians,
461 2968 532 3006 nova
558 2955 663 3006 ratione
691 2953 790 3006 lactum
818 2955 878 3006 dico
905 2964 979 3006 extra
997 2954 1089 3006 urbem
1107 2953 1241 3020 horreum,

146 3031 171 3074 et
189 3024 341 3082 devoratum
366 3027 508 3094 estusque
528 3028 560 3079 ad
578 3026 674 3090 solum,
694 3027 815 3080 effusum.
836 3025 950 3079 castello
968 3033 1056 3077 antem
1073 3024 1156 3078 l’anio
1172 3043 1242 3078 non.

145 3095 200 3146 dum
220 3095 312 3146 abacto
332 3096 364 3147 ab
392 3099 425 3148 iis
446 3098 562 3164 proiecti
581 3107 642 3151 sunt
659 3099 821 3150 llaedestani
848 3098 975 3151 adversus
994 3098 1036 3148 id:
1067 3104 1147 3165 atque
1166 3105 1242 3163 post-

145 3182 218 3234 quam
237 3182 285 3234 per
304 3169 360 3220 dies
379 3167 524 3222 nonnullos
536 3165 570 3222 'id
588 3171 615 3220 in
635 3178 794 3237 potestatem
813 3185 888 3222 suam
905 3169 1077 3237 redegerunt,
1096 3168 1175 3233 alios,
1196 3170 1241 3237 qui

144 3240 210 3291 intus
230 3246 313 3302 erant,
333 3242 468 3304 arcebant,
488 3243 610 3311 reliquos
629 3244 655 3292 in
669 3241 730 3293 loco
751 3243 929 3309 reliquerunt.
968 3242 1030 3292 inde
1051 3256 1085 3291 ex
1104 3255 1135 3291 eo
1153 3248 1241 3290 autem

143 3320 259 3378 tempore
283 3325 338 3361 non
357 3312 494 3365 desierunt
519 3330 552 3365 ex
568 3310 707 3371 'seditiosa
734 3322 810 3381 parte
835 3315 862 3365 in
881 3314 1042 3367 llaedestum
1066 3311 1170 3363 irruere
1189 3311 1242 3362 mi..

143 3381 358 3449 litesmagisque
377 3385 513 3451 peregrini
539 3393 565 3436 et
589 3400 667 3452 agros
688 3386 759 3436 circa
787 3387 853 3438 sitos
872 3387 1014 3438 devastare
1032 3392 1171 3452 praetexto
1191 3398 1241 3432 cu.
1293 3446 1301 3460 ο

145 3451 241 3502 stodiae
262 3451 366 3503 castelli
391 3462 418 3504 et
436 3455 702 3507 circumvallationis.
741 3458 866 3523 cupiebat
892 3459 962 3508 enirn
983 3457 1062 3509 etiam
1082 3471 1128 3507 eos
1148 3454 1240 3507 Batat-

149 3522 203 3572 sina
231 3529 341 3586 propter
367 3525 516 3588 superbiam
545 3528 714 3592 arrogantiae
746 3536 773 3578 et
797 3528 959 3595 praesidium
983 3529 1155 3590 insidiarum,
1174 3539 1241 3593 quas

145 3592 334 3657 suspicaretur,
355 3599 382 3642 et
401 3594 542 3644 turbarum.
592 3604 767 3648 conservatus
787 3605 874 3648 autem
894 3607 935 3649 est
954 3599 1033 3649 etiam
1051 3606 1143 3664 portus
1163 3596 1240 3646 huius

146 3661 244 3713 castelli
271 3662 340 3728 palis
371 3671 398 3713 et
416 3665 561 3731 porticibus
585 3665 683 3733 ligneis
713 3674 740 3716 et
764 3666 824 3717 aliis
850 3668 1032 3719 instrumentis
1052 3682 1120 3735 quae
1138 3667 1240 3718 alienas

144 3749 221 3785 naves
240 3741 408 3786 averterent:
430 3751 541 3804 cumque
560 3737 642 3787 multa
658 3736 685 3786 in
704 3735 786 3787 litore
800 3746 890 3789 essent
908 3739 1039 3800 aedificis,
1060 3739 1167 3790 eversio
1187 3736 1240 3787 ho-

145 3821 195 3856 rum
214 3814 323 3872 propter
341 3806 469 3872 insidias,
496 3823 560 3875 quas
589 3807 789 3872 suspicabatur,
810 3808 879 3859 lacta
901 3817 950 3872 est,
978 3818 1004 3859 et
1024 3811 1132 3860 omnino
1153 3810 1239 3861 omnia

146 3877 214 3928 turba
232 3877 342 3944 impleta
363 3887 437 3929 erant
457 3889 482 3931 et
502 3880 671 3932 confusione.
710 3881 783 3932 sensi
802 3888 889 3931 autem
910 3889 937 3932 et
955 3881 1013 3946 ipse
1027 3880 1093 3931 talia
1112 3879 1191 3944 mala,
1210 3889 1240 3932 ut

145 3956 276 4018 postquam
295 3949 452 4001 seditionem
472 3951 563 4021 effugi,
582 3953 685 4014 domus,
705 3967 774 4020 quae
791 3953 862 4003 intra
881 3951 1022 4004 castellum
1042 3961 1091 4016 est,
1112 3960 1138 4003 et
1156 3968 1238 4020 ngre-

145 4022 214 4072 stlnm
233 4035 348 4072 mearum
367 4024 568 4088 possessionum
587 4026 715 4090 rapinam,
736 4037 805 4092 quae
823 4025 894 4077 inter
916 4039 961 4076 eas
981 4038 1036 4074 non
1055 4032 1154 4075 sortem
1173 4023 1239 4075 sub.

145 4094 230 4144 ierant.

235 4182 287 4238 Sed
305 4181 455 4248 Bryennius
476 4186 583 4237 ordines
597 4193 625 4236 et
640 4187 810 4255 magistratus
824 4186 901 4252 regio
921 4185 1057 4236 comitatui
1076 4184 1157 4236 utiles
1171 4198 1239 4234 con.

146 4252 247 4308 stituons
267 4261 294 4306 et
312 4253 449 4322 honores,
468 4271 650 4338 quaecunque.
662 4258 730 4318 husie
746 4256 915 4324 videbantur,
941 4257 1059 4326 quotidie
1086 4255 1238 4322 instituens,
