3017 4892
160 3161 163 3165 χ
252 3088 314 3141 dimi
332 3103 413 3157 posse
433 3090 629 3159 significabant.

256 311 327 389 ros
547 318 772 410 'meniana
796 310 1058 385 κωλύοντε

252 497 308 563 τόν
327 500 362 563 di
383 502 537 582 Καίσαρα
561 496 615 562 διὰ
636 501 730 583 τιμῆς
751 490 878 582 ἔχοντες
907 489 1017 560 ἆνετου
1038 486 1125 574 εἶχον
1145 488 1202 553 καί
1219 496 1288 563 τοῖς
1315 486 1387 552 αι’-

254 604 349 675 κειόις
369 601 503 684 α’μφίοις
525 604 680 683 ἐπίτιμον.
725 592 811 681 ὅμως
834 601 862 661 d'
886 590 943 661 οῦν
971 598 1174 681 ἀμφοτέρους
1195 594 1382 675 χροσίνων

250 699 367 765 ι’κανιῦν
387 695 662 766 ἀπαλλάττεσθαι
677 698 855 783 διεμήνυον.
1335 685 1342 693 ’

348 802 569 884 Ἀγγελθειλτης
600 804 634 865 δὲ
671 804 727 883 τῆς
757 798 877 866 τούτων
907 800 1025 881 τροπῆς
1055 797 1110 859 κατ’
1138 791 1290 869 όλοόσεως
1320 795 1378 879 τῷ

250 905 426 987 κρατοῦντι,
447 903 655 987 ἐκκλησιάσας
675 893 767 977 οὗτος
786 900 839 965 ἐπί
859 902 1015 964 παλατίου
1039 898 1125 984 πόση
1146 897 1185 982 τῇ
1205 898 1403 981 γερουσιλχτδ

218 1056 224 1084 3
249 1000 405 1067 ἔκπυστον
426 1005 482 1066 καί
503 1000 643 1088 φανερόν
662 1005 789 1085 ἐποίησε
812 1000 845 1066 τό
869 998 1006 1081 συμβάν.
1023 988 1094 1063 Ιτοῦ
1116 998 1152 1059 δὲ
1176 992 1370 1075 τιμήματος

248 1106 310 1166 τεόν
329 1097 513 1167 ἑαλωκότων
545 1100 791 1187 ἐπιζητουμένου
813 1098 900 1183 παραὶ
937 1104 998 1163 τῶν
1023 1096 1182 1180 Τυύρκων,
1204 1092 1370 1159 ἔσπευδεν

250 1202 266 1264 ὅ
289 1201 440 1284 βασιλεύς
464 1202 696 1286 δι’ἐξωνησεως
716 1203 846 1276 τούτους
869 1200 1103 1284 χειρώσασθαι.
1147 1198 1369 1271 ε’πικατὲλαβε

250 1302 312 1385 γὰρ
336 1304 391 1367 καί
414 1302 431 1366 ό
457 1301 497 1367 τό
530 1308 638 1387 πρῶτα
663 1310 772 1389 φέρων
797 1302 882 1386 παρὰ
911 1306 954 1387 τῷ
974 1303 1119 1382 Καίσαρι
1144 1296 1186 1372 σός
1206 1295 1366 1369 παιδείας

250 1402 351 1485 λόγων
372 1406 428 1467 καί
448 1410 653 1486 πολυπειρίας
673 1403 898 1486 ἀντεχόμενος,
923 1404 1094 1475 Βασιλειυς
1114 1400 1364 1482 πρωτοσβέστης
1375 1405 1411 1458 10

252 1499 268 1567 ό
296 1508 459 1589 Μαλέσης,
484 1502 715 1589 ἐλευθερωθείς
737 1508 796 1584 μὲν
825 1508 859 1569 ἐκ
880 1507 943 1592 ττῦν
973 1500 1119 1583 Τυύρκων
1137 1501 1230 1582 τιμῆς
1252 1497 1364 1580 ἁδρᾶς

250 1606 309 1690 πρό
333 1609 455 1690 καιροῦ,
478 1610 694 1689 προσληφθείς
723 1607 759 1669 δὲ
788 1608 831 1693 τῷ
857 1604 1004 1685 Καίσαρι
1026 1603 1190 1686 στρατηγῷ
1213 1602 1270 1661 τοῦ
1293 1618 1362 1659 πο-

249 1712 348 1788 λέμου
374 1705 504 1790 ἔναγχος
537 1708 811 1793 α’ποόεδειγμένιρ,
832 1704 1060 1785 συμβουλεύων
1088 1705 1131 1791 τῷ
1149 1706 1282 1783 βασιλεῖ
1299 1723 1359 1763 τα.

250 1811 334 1892 χέως
355 1808 516 1892 πρίασθαι
538 1810 680 1887 τούτους,
702 1808 752 1872 ἵνα
774 1807 819 1891 μὴ
853 1808 882 1869 οἱ
901 1810 1058 1888 -Τοῦρκυι,
1082 1803 1126 1877 ὥς
1148 1799 1214 1865 ἔστι
1233 1803 1359 1882 βεβυυ·

251 1912 400 1990 λενμένον
424 1907 543 1992 αὐτοῖς,
574 1912 709 1988 βασιλέα
737 1904 905 1987 Ῥωμαίων
932 1906 988 1969 τόν
1011 1907 1165 1985 Καίσαρα
1188 1904 1404 1983 προχειρί-λῦ

184 2088 187 2093 ¹
254 2034 385 2089 σωνται,
406 2007 461 2072 καί
481 2005 533 2071 διὰ
557 2011 648 2072 τοῦτο
677 2008 815 2092 μεγάλης
846 2008 1003 2092 ω’φελείας
1024 2000 1110 2087 παρύ
1136 2002 1357 2079 τῶνῬωμαύ-

252 2111 314 2175 κτῦν
338 2110 460 2173 πόλεων
481 2112 537 2173 καί
556 2112 670 2190 κωμῶν
688 2108 742 2171 καί
763 2111 928 2175 ύυνασττύν
951 2108 1094 2191 α’μαχητί
1115 2096 1354 2181 ἐπιτεύξωνται·

252 2212 343 2276 τοῦτο
363 2210 439 2292 γάρ,
464 2211 575 2295 φησίν,
598 2208 794 2293 ἐμεμαθήκει
817 2212 1014 2289 μελετῶντας
1037 2206 1166 2282 αῦτούς.
1212 2201 1294 2268 σύτω
1318 2206 1354 2268 di

170 2394 176 2398 Α
252 2312 497 2392 συμβουλεύσας
518 2314 620 2385 καλῶς
643 2312 736 2374 ου’(λὲν
749 2314 806 2395 τῆς
821 2313 972 2394 τοιαύτης
994 2305 1143 2372 εἰπτύνατυ
1158 2306 1355 2387 συμβουλῆς,

252 2410 344 2495 εἰμὴ
368 2414 422 2474 καί
442 2414 563 2490 μᾶλλον
584 2412 701 2486 α’ύίκως
721 2410 894 2494 ὑπερορίαν
916 2412 1087 2493 κατεκρίθη
1109 2411 1165 2471 καί
1185 2403 1398 2491 δήμευσιν,20

253 2502 304 2577 οἷα
329 2511 367 2577 τού
386 2513 444 2577 τού
464 2514 569 2576 δεινοῦ
593 2516 648 2577 καί
668 2513 807 2596 πονηροῦ
836 2511 1055 2593 πολεμητορος.
1099 2503 1203 2590 ἁδρόν
1222 2498 1278 2571 οῦν
1298 2505 1354 2570 κατ’

250 2616 491 2698 βαρυτόλαντον
509 2614 646 2698 χρυσίου
667 2618 825 2699 ποσότητα
848 2606 1010 2695 συστήσας
1031 2604 1049 2673 ό
1069 2610 1248 2692 βασιλεύων
1276 2606 1352 2683 τούς

252 2717 505 2802 ίξωνησομένους
527 2710 647 2792 αύτούς
672 2714 863 2781 ἀπέστειλεν.
907 2714 977 2777 ἐπεί
997 2712 1033 2776 di
1053 2709 1074 2796 ἦ
1093 2711 1152 2777 τού
1168 2711 1350 2777 Ῥουσελίου

328 2876 369 2931 12.
387 2881 566 2951 πραληφθελς
584 2877 614 2933 G.

252 3018 361 3085 proprio
380 3016 464 3085 pallio
484 3016 658 3070 bonoratumt
676 3022 764 3068 tamen
782 3025 923 3086 utrumque
942 3014 1146 3069 accommodatis
1164 3013 1285 3081 pecuniis
1302 3028 1348 3065 re.

350 3161 415 3214 Cum
444 3161 537 3212 horum
561 3160 624 3229 luga
650 3169 677 3212 et
696 3161 836 3228 eaptivitas
854 3161 1008 3229 imperatori
1032 3161 1152 3212 nuntiata
1171 3168 1261 3224 esset,
1282 3174 1346 3209 oon-

251 3232 330 3281 oione
358 3240 507 3283 convocata
533 3232 577 3283 bie
604 3234 631 3282 iu
658 3233 759 3298 palatio
790 3234 860 3284 omni
887 3235 992 3285 senatui
1010 3233 1180 3283 manifestum
1205 3240 1233 3283 et
1251 3230 1347 3281 clarum

249 3301 364 3353 reddidit
382 3302 497 3354 iactum:
517 3311 597 3371 atque
617 3318 676 3354 cum
694 3318 790 3356 census
817 3308 983 3372 captivorum
1003 3312 1178 3372 quaereretur
1197 3319 1230 3355 ex
1249 3302 1345 3363 iureis,

249 3372 371 3425 studebat
391 3388 438 3425 rex
456 3374 622 3425 redemtione
640 3374 690 3427 hos
709 3376 851 3443 subigere:
869 3384 1006 3429 assecutus
1025 3376 1095 3426 enim
1113 3376 1141 3427 id
1154 3383 1211 3427 erat
1229 3375 1275 3442 qui
1293 3374 1346 3440 pri·

249 3460 304 3496 mas
323 3443 420 3513 agebat
438 3444 506 3512 apud
526 3445 667 3499 Gaesarem
693 3454 786 3513 utpote
815 3449 966 3499 eruditione
991 3449 1138 3500 orationum
1161 3456 1188 3498 et
1205 3446 1346 3513 experior.

248 3517 459 3581 tiarpraeditus,
484 3516 601 3569 Basilius
620 3517 735 3571 llaleses
763 3521 1005 3586 protovestiarius:
1031 3519 1201 3587 quiquidem
1221 3517 1345 3568 liberatus

166 3584 172 3621 ·‘
248 3586 389 3641 Turoarum
415 3589 519 3640 honore
537 3588 618 3655 pleno
639 3598 741 3642 mature
769 3599 795 3642 et
813 3591 947 3658 praelatus
963 3590 1071 3644 Caesari
1102 3591 1162 3642 duci
1181 3587 1248 3641 belli
1266 3602 1346 3654 nuper

249 3668 339 3713 creato
367 3659 495 3713 suadebat
523 3662 583 3728 regi
603 3670 631 3713 ut
649 3661 776 3714 celeriter
805 3663 854 3715 hos
874 3671 993 3726 emeret,
1011 3678 1046 3715 ne
1065 3662 1175 3725 Turcae‚
1194 3669 1223 3711 ut
1243 3667 1300 3711 erat
1316 3659 1345 3710 ab

248 3733 282 3783 iis
313 3740 454 3797 statutum,
484 3748 577 3801 regem
599 3732 759 3785 Graecorum
786 3734 927 3787 Gaesarem
953 3733 1075 3786 iacerent
1100 3742 1127 3785 et
1148 3732 1217 3785 banc
1243 3732 1345 3785 obrem

248 3816 369 3869 magnam
390 3805 562 3856 utilitatema
581 3803 690 3857 Graecis
709 3806 818 3857 urbibus
843 3813 870 3856 et
897 3806 973 3872 pagis
998 3813 1025 3856 et
1051 3806 1164 3858 dominis
1183 3805 1242 3858 sine
1261 3817 1344 3873 pugna

249 3884 448 3940 compararent:
468 3874 520 3925 hoc
540 3875 619 3939 enim,
639 3884 669 3927 ut
687 3876 791 3941 aiebat,
810 3876 950 3928 audiverat
973 3891 1020 3927 eos
1039 3877 1157 3930 studere.
1194 3891 1344 3944 quamquam

248 3949 335 3993 autern
354 3948 391 3997 ita
421 3954 541 3998 suaserat
559 3946 673 4012 pulchre
692 3947 760 3998 nihil
779 3948 882 4015 proluit
902 3948 927 3997 ei
953 3947 1009 3999 tale
1028 3949 1179 4012 consilium,
1198 3948 1251 3998 uisi
1271 3947 1343 3999 etiarn

246 4015 332 4083 magis
350 4016 449 4068 iniuste
478 4016 554 4068 exilii
575 4018 709 4070 damnatus
737 4028 777 4071 est
796 4027 822 4069 et
843 4018 1050 4085 publicationis,
1079 4021 1169 4088 qualia
1182 4018 1242 4069 lieri
1260 4018 1343 4071 solent

247 4100 262 4137 a
284 4083 404 4138 violento
435 4096 462 4140 et
488 4088 593 4140 difficili
615 4088 757 4141 bellatore.
795 4088 901 4155 plenam
929 4106 994 4159 ergo
1026 4099 1053 4143 et
1079 4106 1188 4161 gravem
1217 4091 1342 4158 pecuniae

246 4156 440 4209 multitudinem
453 4166 592 4227 postquam
613 4161 778 4228 comparavit
794 4175 852 4224 rex,
872 4164 983 4230 eosqui
1003 4163 1147 4216 redemturi
1163 4160 1229 4215 illos
1249 4167 1341 4223 essent,

246 4227 354 4282 dimisit.
392 4245 451 4282 curn
475 4239 563 4283 autem
581 4246 650 4285 uxor
667 4231 781 4296 auselii,
801 4247 870 4300 quae
894 4232 922 4284 in
941 4233 1053 4286 castello
1074 4230 1210 4287 lietabolo
1228 4232 1341 4287 libenter
