3017 4892
613 391 820 476 ursroma.
937 407 943 414 ’
995 486 999 494 Ι
1073 345 1092 490 ¹,
1191 375 1194 381 “
1242 380 1267 451 9

127 547 148 572 s'
177 559 349 639 iurauerit·
393 554 447 621 καί
466 557 497 620 εἰ
516 554 561 640 μὴ
586 558 854 637 διαβληθείςπερί
875 555 1059 638 τυραννιλλος
1084 549 1277 636 ὅτὴνστρα-
1317 579 1319 584 ·

174 661 284 742 τηνίαν
305 661 367 722 τῶν
390 651 471 722 ὅλων
490 658 715 736 ε’μαιοτευθεὶς
737 659 768 720 Γ
765 653 895 738 ευτ’ργιος
927 659 1041 730 ἐκεῖνος
1064 652 1080 716 ὅ
1106 648 1276 734 Μανιάκης

176 761 211 824 ἐκ
231 763 330 839 μέσον
355 762 481 842 γέγονε,
516 761 570 822 κατ’
591 749 696 833 ἄλλοις
719 757 854 843 ἀνετέθη
876 754 912 822 τοὶ
939 760 997 821 τοῦ
1024 756 1184 836 πολέμου,
1216 745 1275 815 κᾶν

176 856 236 922 ὑπὸ
254 860 423 940 Ῥωμαίοις
442 860 541 923 ἐτέλει
564 857 635 922 νυνὶ
655 861 747 942 νῆσος
769 854 852 922 οὕτω
872 849 991 940 μεγάλη
1015 858 1070 926 κατ’
1090 853 1275 936 περιβόητος
1285 860 1307 915 l.
1319 858 1370 916 16⁸
1387 873 1415 915 τ.

151 959 231 1023 5καί
249 955 360 1023 πόλεσι
383 960 618 1044 αεριεζεοομένη
640 960 805 1040 μεγίσταις
827 960 883 1022 καί
913 961 976 1021 τῶν
998 945 1108 1019 Ιοἵλλατν
1126 956 1276 1038 χρηστῶν

177 1058 307 1134 οὐδενὸς
328 1060 519 1126 ἀποδέουσα.
564 1061 621 1122 νῦν
644 1061 679 1124 δὲ
703 1057 719 1122 o‘
743 1050 860 1144 φθόνος
882 1058 1011 1123 καὶτὸν
1031 1048 1133 1139 ἄνδρα
1159 1048 1278 1126 καίτιὶς

177 1160 307 1242 πράξεις
330 1164 384 1224 καί
405 1165 556 1225 τοσοῦτον
575 1160 809 1241 κατειργάσατο
829 1157 934 1242 ἔργον·
980 1158 1122 1240 αἰσχρῶς
1142 1150 1204 1236 μοὶρ
1224 1150 1280 1217 κατ’

180 1261 314 1342 α’μεννῶς
345 1263 612 1342 βουλευσαμένων
636 1261 697 1324 τοῖν
729 1253 865 1341 ὕστερον
894 1261 1080 1340 στρατηγῶν
1108 1253 1168 1318 οὐν
1199 1251 1280 1337 αυτῇ

179 1357 234 1422 καὶ
257 1357 292 1424 τὸ
319 1367 465 1426 ’πλεῖστον
493 1367 550 1426 τοῦ
571 1357 809 1444 στρατεύματος
831 1354 989 1448 α’νιολαὶλει
1014 1357 1196 1436 Ῥωμαίοις.
1240 1350 1281 1413 ου’

136 1456 247 1572 iouia
264 1441 298 1524 (λὲ
320 1459 401 1524 α’λλά
422 1459 477 1524 κατ’
498 1463 531 1526 οἳ
552 1485 626 1525 ποτε
642 1457 812 1542 σύμμαχοι
831 1462 886 1523 καί
905 1463 961 1542 τῆς
982 1455 1192 1528 ἰσοπολιτείας
1206 1451 1281 1536 ἡμῖν

177 1563 439 1643 συμμετέχοντες,
462 1559 505 1637 ὥς
528 1564 583 1626 καί
615 1562 717 1642 ου’τῆς
749 1564 806 1642 τῆς
826 1561 1016 1643 θρησκείας,
1041 1553 1194 1635 Ἀλβανοὶ
1226 1549 1282 1614 καί
1295 1606 1297 1610 .

178 1664 314 1725 Λατῖνοι
336 1653 404 1726 ὅσοι
425 1659 505 1743 μετα
529 1661 585 1745 την
607 1658 754 1744 iamque
772 1660 896 1743 Ῥώμην
917 1666 980 1732 τοῖς
1011 1659 1173 1726 Ἰταλικοῖς
1200 1656 1281 1732 τελη-

176 1757 324 1840 σιάζουσε
345 1763 468 1845 μέρεσι,
490 1767 635 1840 πολέμιοι
659 1758 939 1876 ααραλογαὶτατοι.
946 1753 1166 1841 ἐχρημάτισαν
1182 1755 1282 1831 ε’μτιε·
1376 1833 1379 1836 ἢ

178 1859 394 1946 τιαρρινηκὸτσς
416 1865 460 1936 εἰς
482 1859 537 1926 τὸν
561 1856 701 1943 ἄρχοντα
728 1858 847 1924 τούτων
875 1880 932 1922 του
959 1857 1028 1921 τότε
1058 1851 1114 1938 την
1140 1874 1282 1934 στρατη-

137 1973 170 2028 15
179 1962 252 2040 μιάν
276 1957 440 2034 ἰθύνοντος
463 1957 603 2044 Μιχαῆλ
624 1957 737 2034 δουκὸς
757 1961 814 2022 τοῦ
834 1960 1022 2024 Δοκειανοῦ.

275 2056 373 2122 Ἀλλὰ
395 2065 469 2141 περὶ
490 2064 549 2141 μὲν
567 2055 787 2135 τούτωνὸλις·
832 2061 948 2123 Μυσοί
972 2048 1283 2142 δέ,οἷςει’δικὴντρο-
1325 2120 1329 2128 ,

180 2161 312 2240 σηγσρία
340 2159 376 2222 τό
408 2157 700 2242 ταῖνΒουλγάριον
731 2159 923 2242 καθέστηκεν
949 2147 1073 2238 ὄνομα,
1109 2157 1281 2239 τηνικαῦτα

177 2252 252 2332 τούς
270 2255 322 2338 τῆς
345 2257 528 2336 δουλώσεως
552 2256 792 2335 αὐονιτύσαντες
820 2255 976 2341 χαλινούς
1006 2259 1053 2331 εἰς
1083 2248 1281 2319 ἆυοστασιάν

177 2361 486 2442 τιροκεχωρήκεσαν,
514 2360 569 2426 καί
591 2357 647 2425 τὸν
673 2361 809 2443 βασιλέα
834 2358 909 2440 περὶ
929 2357 969 2447 τοὶ
999 2356 1031 2422 ἒν
1064 2357 1280 2440 Θεσσαλονίκη

132 2461 381 2542 νθδιατριβοντα
404 2454 491 2544 ὅρια,
513 2466 568 2529 κατ’
586 2464 704 2543 μόνους
726 2461 800 2538 τούς
823 2465 856 2526 ἐν
878 2465 917 2548 τῇ
938 2459 1025 2547 αὐλῇ
1045 2453 1281 2541 σωματοφυλα-

177 2584 234 2638 ”lli
255 2559 368 2643 ἔχοντα
389 2561 432 2638 ὥς
453 2562 639 2652 &supellec
662 2561 878 2647 παροδεύοντα
899 2564 972 2645 γῆς,
993 2563 1112 2643 ἰταμῶς
1126 2557 1281 2623 συνεδαν-

178 2665 251 2738 ξαν·
293 2661 469 2746 ἐξαρτύσας
491 2666 521 2728 δ’
540 2655 631 2740 οὗτος
659 2656 727 2746 ἅμα
750 2665 794 2751 τη]
806 2665 850 2738 εἰς
865 2659 1167 2774 τὴνβασιλεύουσαν
1182 2657 1290 2722 εἰσιέ-·
1350 2729 1360 2744 ·

61 2905 67 2918 ’
178 2917 363 2987 Agareuorum
380 2920 455 2971 natio
475 2921 639 2973 occidentem
658 2932 753 2971 versus
771 2917 800 2969 in
820 2916 913 2971 Sicilia
929 2915 1072 2971 uaralibus
1091 2923 1118 2968 ct
1138 2914 1278 2968 terrestri.

180 2988 230 3041 bus
251 2986 410 3042 Graecorum
437 2991 557 3055 viribus,
583 2998 662 3058 atque
688 2989 739 3041 nisi
766 2996 905 3042 accusatus
924 2988 1111 3042 dominationis
1130 3002 1277 3054 capesseu.
1314 3039 1317 3043 ,

180 3060 248 3124 dae,
272 3060 348 3112 cuius
368 3061 429 3112 lidei
439 3061 583 3128 imperium
602 3063 756 3113 universam
775 3062 862 3113 datum
883 3069 940 3113 erat
958 3061 1089 3127 Georgius
1107 3058 1156 3110 ille
1175 3058 1278 3112 Mania.
1367 3098 1372 3108 ,

179 3146 225 3183 ces
245 3132 367 3183 emedio
388 3131 506 3184 sublatus
527 3139 608 3196 esset,
631 3140 657 3182 et
675 3131 737 3184 aliis
756 3132 898 3200 impositae
920 3140 1010 3184 esseut
1022 3146 1066 3182 res
1077 3128 1204 3191 bellicae,
1219 3129 1277 3180 lor.

178 3209 251 3253 tasse
270 3201 378 3254 Graecis
396 3218 467 3255 nuno
487 3211 558 3256 esset
578 3202 698 3256 subiecta
716 3203 805 3256 insula
824 3212 876 3255 tam
902 3218 997 3272 magua
1016 3209 1097 3269 atque
1116 3199 1232 3252 celebris
1252 3206 1279 3250 et

178 3270 288 3323 urbibus
306 3274 393 3325 cinctu
411 3275 531 3327 maximis
549 3290 639 3344 nequo
658 3283 809 3327 ceterorum
834 3274 962 3327 bonorum
989 3272 1047 3325 ullo
1067 3286 1170 3324 carens.
1208 3286 1279 3321 nuuc

178 3351 265 3395 autem
284 3343 386 3396 invidia
409 3353 435 3396 et
453 3347 538 3398 virum
560 3355 587 3398 et
612 3347 682 3398 lactu
707 3342 740 3398 et‘
757 3354 858 3398 tautum
884 3346 986 3398 delerit
1010 3359 1086 3411 opas.
1125 3357 1184 3401 cum
1209 3342 1280 3392 euim

178 3415 291 3480 turpiter
310 3413 500 3486 humiliterque
520 3417 633 3470 consilia
653 3427 780 3484 caperent
799 3418 900 3485 posteri
919 3418 1110 3483 imperatores,
1137 3427 1195 3465 cum
1220 3412 1279 3478 ipsu

179 3483 267 3536 insula
288 3486 365 3537 etiam
386 3489 499 3540 maxima
518 3505 579 3556 pars
604 3489 738 3540 exercitus
759 3491 869 3541 evanuit
889 3486 1006 3555 Graecis.
1045 3484 1279 3538 verumenimvero

179 3555 258 3604 etism
276 3556 381 3619 priores
401 3560 468 3608 socii
488 3559 613 3628 aequales
632 3558 710 3610 uobis
729 3560 847 3611 civitatis
862 3560 1007 3626 participes
1023 3565 1053 3609 ut
1071 3558 1150 3607 ctiam
1161 3554 1280 3606 eiusdem

177 3625 288 3674 deorum
308 3623 405 3688 cultos,
412 3627 508 3679 Albani
530 3637 556 3679 et
566 3629 662 3693 Latini,
672 3630 823 3698 quicunque
832 3636 894 3697 post
903 3627 1095 3682 occidentalem
1105 3627 1214 3678 Romam
1223 3624 1279 3676 ltu-

177 3692 239 3743 lieis
257 3692 413 3760 regionibus
432 3698 585 3760 adhaerent,
598 3699 690 3748 hostes
698 3701 811 3750 maxime
823 3701 1000 3765 inexspectati
1021 3699 1190 3758 exstiterunt,
1202 3701 1278 3761 post.

179 3777 256 3831 quam
273 3779 323 3830 per
343 3763 500 3816 ebrletatem
521 3764 600 3817 elusit
626 3767 719 3818 ducem
749 3783 854 3831 eorum,
880 3770 926 3835 qui
950 3776 1005 3818 tum
1030 3767 1169 3833 imperium
1194 3765 1280 3832 gessit

177 3832 293 3888 blichael
313 3835 393 3886 ducas
412 3837 572 3889 Dooeianus.

277 3921 329 3978 Sed
347 3924 380 3974 de
399 3923 441 3976 bis
460 3926 565 3993 quidem
584 3925 649 3976 satis
669 3925 777 3978 dictum.
824 3925 892 3991 Mysi
917 3933 1021 3989 autem,
1050 3924 1144 3994 quibus
1169 3925 1279 3993 propria

176 3994 359 4065 appellatione
378 3996 554 4064 Brilgurorum
571 4011 669 4048 nomeu
688 3995 839 4066 impositum
859 4004 908 4061 est,
927 4003 995 4048 tunc·
1008 3996 1120 4049 abiectis
1139 3997 1279 4050 servitutis

177 4067 260 4121 irenis
280 4067 308 4118 iu
326 4066 507 4120 deiectionem
524 4075 712 4136 processerunt
731 4076 758 4120 et
776 4082 868 4135 regem
886 4069 914 4119 in
930 4068 1063 4120 montibus
1073 4067 1279 4120 Thessalonices

177 4145 328 4190 versantem
348 4139 480 4207 solosque
494 4140 598 4192 aulicos
618 4142 739 4206 corporis
762 4139 905 4207 stipatores
925 4139 1083 4203 habentem,
1111 4140 1210 4206 quippe
1233 4139 1279 4206 qui

178 4225 227 4278 per
245 4209 355 4260 amicam
374 4211 426 4262 iter
445 4211 548 4266 laceret
566 4220 680 4276 λατεαιυ,Ι
693 4214 818 4276 audacter
837 4212 957 4281 aggressi
975 4210 1110 4273 suot3bic
1127 4217 1213 4262 autem
1234 4211 1278 4261 in.

181 4287 285 4335 rtrueus
304 4281 464 4355 simulatque
483 4285 585 4354 regiam
603 4285 714 4340 intrarit
732 4299 801 4355 quae
820 4285 852 4336 ad
871 4282 972 4338 bellum
992 4279 1281 4351 esseutopus'lortiter
