3017 4892
516 371 519 384 Δ
582 240 792 359 moroan.
1169 289 1241 365 aaa

138 461 261 542 γσδιλις
282 455 360 525 κατά
383 460 446 523 τῶν
468 452 650 523 ἀντιπάλων
672 458 866 540 προτέρημα.
909 452 1052 541 πλήθους
1072 456 1133 541 γάρ
1156 458 1257 541 ἅμα,

140 561 247 647 δήτου
278 558 475 644 Βουλγάρων
506 552 814 640 ἐπιστρατεύσαντος
839 561 878 643 τῇ
899 558 1153 624 Θεσσαλονικέων
1182 585 1244 643 μη-

140 660 302 748 τροπόλει,
325 660 364 723 ου’
386 661 565 743 κατεπλάγη
589 654 669 742 πρός
692 656 750 735 τάς
771 658 926 736 τοσαύτας
955 654 1107 740 δυνάμεις
1128 659 1244 739 αότῶν,

142 766 201 827 καί
230 763 293 827 τῶν
320 764 433 843 τειχῶν
464 758 549 835 ἐντός
574 755 687 823 ἑαυτόν
719 764 954 843 περιέστειλεν,
981 761 1048 824 ἀλλ’
1071 752 1123 825 οἷά
1146 785 1247 846 φασιν

111 865 246 933 deiurio
268 859 367 927 αότόν
388 859 443 925 τόν
459 859 683 941 Ἀλέξανδρον,
718 858 761 935 ῶς
782 851 828 934 εἷς
853 849 1004 945 μάγειρος
1021 861 1145 925 πολλῶν
1164 882 1247 943 προ-

141 966 251 1046 βάτων
281 965 395 1046 α’γέλας
424 960 463 1025 ori
492 961 629 1040 δέδοικε,
663 962 766 1024 ταῶτα
795 960 1039 1046 διανοησόμενσς
1061 963 1125 1051 ,καί
1149 959 1247 1025 εἶπάν

144 1062 263 1149 tzitta]
286 1064 354 1145 μετ’
377 1062 488 1145 όλίγων
506 1061 568 1123 τῶν
587 1059 838 1143 παρατυχόντων
861 1061 947 1148 αύτῷ
966 1063 1382 1145 comperendinaretur.
1469 1074 1473 1080 ’

144 1164 229 1247 ἔχων
250 1164 310 1249 γάρ
333 1162 391 1247 τὴν
406 1158 556 1245 τοιαύτην
577 1160 746 1243 ἡγεμονίαν
761 1160 918 1251 πατρῴαν,
939 1163 995 1226 καί
1017 1165 1064 1251 τῷ
1082 1162 1168 1251 ζήλῳ
1186 1186 1249 1245 μοι

144 1268 277 1347 νσνσυχί
312 1262 586 1348 ε’κπυρακτωθείς,
625 1258 679 1324 καί
708 1258 776 1343 ἅμα
804 1266 920 1344 μόνους
953 1266 1008 1327 καί
1044 1264 1249 1348 φρονήματος

98 1382 135 1436 10
145 1366 293 1449 εόγενούς
324 1361 576 1447 άκαταμαχὴτον
600 1366 719 1448 πνέων,
752 1362 808 1428 καί
829 1362 978 1429 τοσούτου
1011 1365 1106 1428 νικῶν
1127 1365 1171 1451 τῷ
1192 1366 1250 1447 τῆς

146 1465 258 1548 ἰσχύος
279 1466 431 1548 διάρματι
453 1457 525 1528 δσσν
548 1460 578 1527 οἱ
599 1450 804 1544 ἀντικείμενοι
820 1467 864 1552 τῷ
885 1465 1002 1547 πλήθει
1021 1463 1076 1527 καί
1093 1472 1161 1538 ταῖς
1183 1488 1249 1526 πα-

145 1568 289 1641 νοπλίαις
319 1566 449 1631 ἐδόκουν
483 1560 700 1647 depascebat,
732 1564 811 1646 πρός
832 1562 948 1647 ’μάχην
978 1565 1013 1627 ε’νι
1045 1565 1104 1627 ταῶ
1136 1557 1250 1639 εύθόος

146 1665 257 1741 αότσῖς
286 1662 568 1747 άνττπαρετάξατο,
593 1660 647 1725 καί
664 1652 746 1742 μεδά
770 1664 888 1746 πολλῆς
908 1666 964 1747 τῆς
995 1663 1096 1749 ῥύμης
1118 1664 1250 1728 καὶτοῦ

148 1758 307 1848 όκρατόῶς
329 1761 462 1849 ῥυτῆρος
482 1765 526 1838 εἷς
547 1765 663 1842 μίσους
683 1761 758 1839 τούς
786 1767 956 1845 πολεμίους
975 1764 1141 1848 γενόμενος
1163 1758 1250 1828 άπαν

104 1879 138 1932 15
147 1866 184 1930 τό
207 1868 315 1929 πεδιόν
331 1862 442 1931 Ιἐκεῖνο
464 1861 618 1945 σωμάτων
639 1866 759 1947 νεκρῶν
788 1869 1054 1950 κατεσφαγμένων
1076 1862 1251 1950 ἐπλήρωσε,

147 1966 284 2051 μηδενός
312 1965 499 2049 δυνηθέντος
529 1964 691 2029 α’θάνατον
719 1963 839 2049 πληγήν
861 1967 895 2028 ἐκ
914 1968 977 2051 [τῆς
1004 1964 1119 2030 τούτου
1140 1963 1252 2049 χειρός

149 2066 394 2149 άπενίγκασθαι.
438 2061 615 2149 ε’πήρχσντο
645 2070 705 2148 μὲν
732 2063 792 2153 γάρ
816 2066 903 2151 αὐτῷ
924 2065 1005 2131 κατά
1031 2070 1198 2153 φάλαγγας
1220 2063 1253 2130 οδ

148 2170 295 2247 πολέμιοι
317 2165 546 2248 πανταχόθεν,
567 2170 612 2256 τῶ
632 2167 758 2249 σῶματι
779 2168 889 2232 τούτου
916 2165 971 2242 τάς
995 2163 1099 2247 άκμάς
1118 2168 1181 2230 τῶν
1203 2171 1252 2245 ξι-

149 2268 219 2353 φῶν
241 2266 467 2351 ἐπερείδοντες,
491 2268 640 2348 ου’δαμῶς
655 2268 690 2331 δὲ
711 2270 765 2352 τῆς
787 2263 914 2351 ἱππικῆς
932 2264 1029 2349 ἕδρας
1049 2262 1149 2331 αότόν
1169 2267 1251 2330 dno.

106 2390 141 2444 20
150 2367 349 2451 κρούσασθαι
370 2365 499 2450 ἴσχυον·
543 2368 624 2431 cilici
648 2366 801 2455 φασγάνῳ
822 2364 861 2432 τά
885 2364 1004 2450 δόρατα
1029 2362 1146 2431 τούτων
1168 2366 1252 2430 άπε-

147 2468 272 2546 τὲμνων
302 2465 358 2531 καί
376 2463 434 2543 τάς
453 2466 642 2553 σαρίσσας,
661 2464 743 2533 οὕτω
764 2465 840 2543 τούς
862 2461 1082 2551 πολεμὴτσρας
1104 2462 1167 2529 ύπδ
1191 2468 1251 2549 γῆν

151 2569 385 2651 κατηκόντιζεν,
413 2560 451 2631 οὗ
473 2570 532 2649 μὲν
561 2570 703 2654 κεφαλήν
736 2570 770 2632 ἐν
792 2570 852 2655 μιρῖ
880 2567 983 2653 πληγῇ
1012 2562 1072 2630 σόν
1099 2567 1137 2652 τῇ
1165 2563 1253 2649 χειρί

152 2667 341 2748 διατίμνων,
362 2659 456 2732 ῶλλον
479 2668 513 2730 δὲ
536 2666 687 2733 δεικνύων
709 2664 883 2751 ἡμίτομον,
902 2663 958 2729 τόν
983 2661 1094 2729 δὲκαὶ
1114 2684 1253 2747 aepore-

152 2768 230 2847 μῶν,
252 2765 306 2832 καί
326 2770 453 2852 μυρίοις
475 2764 573 2833 εἴδεσι
595 2769 721 2852 πληγῶν
747 2755 974 2852 καταστρέφων
995 2767 1050 2830 καί
1070 2761 1252 2849 καταπλήτ-

155 3058 259 3111 iactum.
299 3072 356 3109 cum
385 3058 454 3110 enim
478 3058 619 3113 multitudo
639 3060 734 3129 ingens
752 3060 930 3130 Balgarornm
957 3060 1150 3128 aggrederetur
1167 3058 1253 3111 'ibes-

155 3130 362 3183 salonicensium
388 3130 568 3198 metropolin,
593 3146 647 3184 non
666 3132 782 3185 afflictus
805 3141 846 3184 est
865 3131 963 3184 talibus
984 3146 1075 3183 eornm
1094 3128 1206 3193 viribus,
1226 3138 1254 3182 et

154 3203 223 3253 intra
240 3216 328 3253 muros
350 3217 379 3253 se
399 3204 544 3255 constituit.
581 3204 628 3257 scd
643 3204 732 3273 qualia
751 3205 826 3256 aiunt
846 3204 947 3256 dixisse
965 3204 1051 3271 ipsum
1062 3201 1253 3266 Alexandrum,

155 3288 233 3324 unum
251 3274 373 3324 nimirum
392 3271 492 3326 lanium
519 3275 659 3335 mubarum
685 3277 777 3328 ovium
796 3292 893 3346 greges
917 3290 971 3327 non
990 3268 1099 3337 timere,
1119 3272 1187 3324 baec
1205 3288 1254 3323 ee.

155 3352 248 3411 putans
269 3351 295 3395 ct
313 3347 487 3410 pronuntians
508 3362 631 3416 egressus
652 3357 693 3400 est
711 3364 770 3399 cum
792 3348 885 3415 paucis
906 3349 950 3415 qui
971 3347 1040 3399 lorte
1059 3346 1165 3397 fortuna
1183 3344 1254 3410 apud

157 3431 215 3466 eum
231 3423 318 3466 erant.
339 3415 438 3467 habens
457 3419 526 3469 enim
545 3419 599 3470 tale
618 3421 756 3486 imperium
776 3428 915 3486 paternum
935 3427 960 3470 et
974 3419 1061 3472 studio
1080 3432 1166 3484 paene
1184 3429 1253 3466 con.

158 3492 287 3536 crematus
310 3485 441 3551 simulque
462 3488 597 3541 audaciam
619 3499 646 3541 et
664 3494 778 3542 animum
798 3491 916 3543 nobilem
935 3492 1119 3557 invictumque
1147 3488 1254 3553 spirans

158 3564 182 3607 et
200 3562 299 3606 tantum
318 3557 440 3620 superior
458 3558 562 3610 roboris
582 3562 718 3612 erectione
737 3570 863 3628 quantum
882 3562 1027 3613 adversarii
1040 3559 1209 3611 multitudine
1228 3564 1256 3608 ct

158 3632 287 3676 armatura
306 3624 463 3677 videbantur
483 3629 631 3693 superbire,
653 3631 685 3681 ad
705 3646 820 3697 pugnam
837 3631 924 3697 palam
944 3632 977 3681 iis
1003 3648 1032 3682 sc
1054 3630 1195 3697 opposuit,
1225 3636 1253 3678 et
1294 3629 1298 3637 '

157 3703 294 3764 postquam
312 3694 394 3746 multo
415 3713 474 3748 cum
493 3700 592 3763 impetu
612 3708 639 3750 et
657 3701 830 3752 immoderato
848 3702 925 3752 freno
944 3700 971 3749 in
983 3701 1084 3752 medios
1104 3699 1196 3751 hostes
1214 3700 1254 3749 ir.

158 3768 237 3833 rupit,
257 3774 478 3834 totumcampum
497 3768 573 3821 illum
596 3770 770 3823 cadaveribus
789 3773 938 3823 occisorum
956 3770 1087 3838 implevit,
1108 3784 1254 3821 cnmnemo

159 3837 263 3891 valeret
282 3840 418 3907 ingentem
444 3842 525 3892 ictum
545 3857 578 3893 ex
605 3842 683 3894 huius
702 3842 780 3893 mania
803 3844 883 3895 ferre.
928 3841 1108 3893 obveniebant
1134 3843 1203 3892 enim
1228 3842 1253 3892 ci

159 3910 301 3963 secuudum
321 3909 467 3979 phalanges
487 3912 577 3965 bostes
596 3915 713 3982 undiquc
733 3929 829 3981 corpus
848 3913 926 3965 buius
946 3914 1005 3966 acie
1030 3914 1179 3982 gladiorum
1201 3928 1253 3979 pc-

160 3989 255 4045 tentes,
274 3997 440 4050 nequaquam
459 3992 545 4035 autem
571 4000 604 4036 ex
630 3986 691 4053 equi
716 3986 780 4038 scdc
806 4002 866 4037 eum
894 3984 1016 4053 affligere
1041 3984 1182 4037 valebant:
1207 3985 1254 4036 scd

162 4068 224 4104 ense
249 4053 357 4105 lanceas
382 4053 474 4106 horum
500 4058 658 4122 praecidens
684 4066 710 4108 et
736 4058 860 4121 sarissas,
882 4058 920 4107 ita
943 4055 1076 4109 bellantes
1101 4058 1128 4106 in
1155 4064 1253 4106 terram

90 4132 97 4137 ‘
161 4126 313 4191 prostravit,
331 4124 400 4178 alius
420 4135 499 4194 caput
518 4143 569 4179 uno
589 4131 644 4180 ictu
664 4144 722 4180 cum
750 4145 830 4181 manu
855 4129 1006 4193 dissecans,
1032 4129 1113 4181 alium
1139 4127 1253 4180 reddens

163 4198 338 4265 semisectum,
357 4196 439 4250 alium
461 4200 539 4252 etiam
559 4200 727 4269 detruncans,
749 4210 777 4256 et
795 4199 1032 4256 innumerabilibus
1050 4202 1150 4255 ictuum
1166 4212 1253 4267 gene·
1298 4226 1304 4237 ·
