3017 4892
589 308 806 407 'nrsronrn
868 351 871 359 “
925 360 937 375 ·«
1178 328 1249 407 tttt

77 526 82 533 ·
149 524 353 585 προεντυχιον
372 501 495 587 πληθύι
516 501 616 588 πολλή
636 498 777 583 μεγάλας
805 497 860 575 ιδς
884 496 1105 583 ἀνδραγαθίας
1125 500 1160 563 ἐκ
1180 520 1252 581 χιι·

150 602 206 687 ρός
227 600 453 691 αἷπειρμδσαυο.
497 603 640 687 προϊόντι
661 604 697 667 δὲ
719 602 763 688 τῷ
787 608 916 685 βασιλεῖ
934 602 1056 665 ἐκεῖθεν
1076 601 1150 679 μεθ’
1174 596 1281 683 ήμί-ί.
1301 600 1353 659 192
1366 616 1391 656 r.

150 728 210 827 ρας
233 701 319 777 τινὰς
340 705 490 768 α’παντῶν
512 705 567 767 καί
587 704 810 824 δουλοπροποῖς
826 694 947 766 ἅπαντα
962 697 1173 784 ποιησάμενος
1194 724 1252 765 συ·

150 802 273 868 νείπιτο
307 806 351 890 τῷ
382 808 532 884 βασιλεῖ,
523 826 618 909 ,και
647 798 747 876 αδτδς
768 801 891 885 ὄλίγους
917 797 1005 875 τινὰς
1035 802 1097 863 triu
1131 797 1253 865 οιίιοίων

123 905 397 986 despecturos
383 897 590 987 επαγίμενος·
612 899 685 977 τοδς
706 926 765 985 yur
788 896 904 978 αλλους
925 902 1141 966 κατέλιπεν
1110 922 1155 975 ιις
1177 892 1275 1007 duco}

155 1002 322 1087 ἐπικρίσει
348 1008 407 1068 τοῦ
428 1005 688 1088 Μαυροιιοὲσιροιι
719 1002 889 1088 φρούριον,
911 1004 957 1078 οἷς
976 1004 1030 1067 ἓνα
1053 1004 1116 1066 codo
1134 981 1275 1083 ’ἥΑρμε

151 1104 270 1168 νιαιιαῖν
299 1100 403 1168 τόπων
433 1106 486 1167 ἐπί
507 1104 611 1222 λόφου
636 1106 779 1185 κείμενον
812 1103 939 1227 δψηλοή
962 1127 1013 1168 ιιαι
1010 1096 1254 1185 δυσκατεργά-

152 1226 239 1268 στου.
284 1205 468 1287 διαβληθείς
492 1205 528 1268 δὲ
548 1202 628 1287 πρδς
656 1204 871 1285 τὸνβασιλέα
899 1228 942 1279 ιος
962 1204 1098 1286 μολειιόν
1119 1199 1175 1264 καί
1193 1225 1256 1264 αυ-

153 1309 207 1380 θις
231 1299 319 1385 οδμόν
340 1328 370 1367 τι
390 1304 445 1367 καί
466 1328 600 1395 απιστον
619 1331 696 1370 κατα
713 1301 769 1391 τήν
791 1306 909 1383 οἰκείαν
930 1302 1034 1389 φυλήν
1057 1297 1169 1387 (φύσει
1191 1325 1253 1385 γαρ

109 1396 286 1470 1οαπιστον
318 1404 351 1471 τὸ
375 1409 463 1489 γένος
484 1431 544 1470 των
567 1404 757 1492 (bullepot),
790 1406 845 1471 καί
866 1431 914 1471 ou
945 1404 1005 1487 οοχ
1029 1402 1046 1485 ή
1071 1404 1257 1527 προαίρεσις

151 1604 197 1689 μή
220 1608 394 1673 ἐπιθέσθαι
414 1610 455 1692 τῷ
480 1613 618 1688 βασιλεῖ,
639 1607 739 1671 πολλα
763 1608 996 1690 καταγνωσθεις
1018 1599 1062 1679 ὥς
1083 1602 1258 1687 α’χοίριστος

153 1709 210 1770 καί
225 1707 395 1788 θεομισής,
420 1711 542 1771 ἐκεῖθεν
568 1705 766 1793 ἀπεπέμφθη
788 1709 846 1771 τοῦ
867 1704 1102 1788 στρατοπέδου,
1132 1699 1176 1785 μή
1200 1726 1259 1765 aa·

154 1809 267 1888 θαρῶς
301 1806 525 1887 α’πιλεγχθείς,
556 1805 748 1889 διανοηθείς
779 1808 814 1869 δὲ
841 1803 895 1869 διὰ
926 1803 983 1887 τήν
1002 1805 1161 1888 προτέραν
1182 1800 1258 1866 α’πό-

111 1918 247 1970 λόνοιαν
270 1903 325 1967 καί
351 1903 386 1966 ro
409 1902 496 1987 παρὰ
521 1906 683 1987 Νεμίιζσυ
713 1904 800 1979 τινὸς
821 1907 881 1971 τῶν
902 1901 1066 1987 ἐπισήμων
1086 1924 1257 1988 κατηγορη

156 2006 256 2087 θήναι
280 2006 440 2088 σφοδρῶς.
493 2000 522 2069 οἱ
546 2000 609 2067 δ’ι
595 2014 718 2088 ειαῖραι
752 2000 865 2071 τούτου
884 2002 1043 2086 μαθόντος
1066 2000 1100 2068 ιδ
1122 1998 1257 2085 γεγονός,

156 2126 290 2186 αρανιες
305 2106 339 2167 ἐκ
354 2106 411 2168 τοῦ
428 2108 587 2190 φρουρίου
605 2102 661 2187 τήν
673 2109 931 2187 Μεσοποταμιαν
946 2101 1135 2188 κατήλασαν,
1155 2098 1255 2167 πολλοὶ

77 2282 86 2288 .
156 2201 246 2267 δεινοὶ
268 2211 333 2279 τοῖς
357 2202 458 2270 ἐκεῖσε
481 2207 523 2268 δι’
546 2208 720 2291 ἐπιδρομῆς
739 2205 952 2289 ἐργαζόμενοι.

252 2303 338 2369 Ἐπεί
359 2306 387 2368 δ’
408 2304 425 2369 δ
448 2306 600 2387 βασιλεὺς
618 2304 698 2387 μετα
722 2302 864 2389 πλήθους
885 2296 959 2390 ἧκεν
978 2308 1022 2383 είς
1046 2304 1105 2390 τήν
1127 2303 1258 2372 Καισά-
1289 2376 1291 2381 ,
1327 2371 1329 2377 s

111 2426 256 2490 peperat,
279 2399 346 2471 εἶτα
370 2409 426 2471 καί
445 2410 484 2492 τῇ
505 2409 656 2497 Λαρίσση
678 2408 858 2491 προσέμιξε,
881 2432 932 2472 και
956 2404 977 2491 ή
1003 2406 1094 2493 φήμη
1113 2404 1172 2491 τήν
1193 2404 1259 2492 φή·
1289 2388 1294 2410 ²
1339 2422 1342 2431 '

155 2533 219 2594 μην
242 2500 457 2593 φθανουσα’
435 2533 475 2591 ην
499 2507 541 2583 ιδς
567 2509 716 2592 Τοίριιοον
740 2503 909 2606 πλῆθυς“
893 2531 966 2574 οσον
989 2532 1077 2572 ovum
1097 2510 1172 2571 ποτὲ
1194 2505 1254 2591 πρὸ
1278 2566 1286 2579 ,.

157 2605 374 2689 διαστήματος
397 2607 453 2671 οδιι
475 2606 582 2691 δλίγου
604 2612 750 2693 λεηλατεῖ
771 2632 822 2672 ναι
851 2614 1043 2692 κατατρέχει
1063 2606 1119 2693 τήν
1137 2605 1257 2690 χώραν,

158 2709 316 2792 ἐξέπεμψε
349 2712 409 2791 μὲν
429 2713 526 2794 μέρος
549 2736 579 2775 τι
605 2710 660 2794 τῆς
678 2710 830 2793 στραιιοῖς
849 2712 917 2775 κατ’
943 2712 1066 2795 corut,
1102 2708 1202 2805 μηδὲν·
1222 2707 1257 2769 dt

158 3012 254 3068 magna
267 2999 337 3051 lacta
356 2998 476 3052 cominus
495 2997 621 3083 perfecit
658 2998 841 3067 progredienti
859 3007 948 3052 autem
968 3000 1028 3069 regi
1046 3000 1109 3052 inde
1124 3004 1185 3065 post
1200 2999 1258 3053 dies

159 3071 262 3139 aliquot
279 3070 425 3125 adueniens
446 3079 473 3122 et
490 3071 563 3124 servi
582 3071 665 3121 instar
676 3072 772 3122 omnia
793 3068 895 3123 iaciens
915 3079 1043 3139 sequutus
1064 3077 1104 3121 est
1122 3084 1214 3137 regem
1232 3077 1259 3122 et

159 3146 217 3213 ipse
237 3158 337 3210 pancos
355 3143 481 3211 quosdam
500 3157 608 3193 suorum
626 3142 739 3194 militum
759 3144 901 3195 adducens.
940 3151 1044 3194 ceteros
1062 3141 1130 3191 enim
1149 3139 1259 3209 reliquit

159 3217 187 3267 ln
206 3214 378 3268 llaurocastri
397 3215 440 3265 cui
465 3212 612 3281 imperabat
630 3213 768 3265 castello¹
761 3230 788 3265 ιιι
813 3230 866 3266 uno
897 3214 1114 3267 Armeniaoorum
1139 3211 1259 3263 locorum

159 3288 210 3339 sito
230 3288 257 3337 in
276 3286 347 3337 colle
368 3286 423 3337 alto
447 3293 473 3335 et
494 3285 684 3336 inaccessibili.
721 3287 856 3339 incusatus
876 3294 963 3338 nutem
982 3285 1051 3370 apud
1073 3300 1164 3352 regem
1183 3282 1259 3351 quasi

158 3359 329 3409 meditaretur
348 3359 426 3407 etiam
440 3372 530 3407 rursus
550 3357 658 3408 crudele
673 3356 736 3423 quid
756 3366 783 3408 et
801 3358 926 3409 infidum'
919 3374 947 3409 ru
959 3358 1043 3425 ipsius
1063 3354 1182 3408 centuria
1193 3358 1258 3421 (na.

159 3438 218 3480 tura
245 3430 316 3479 enim
349 3429 457 3479 inlidum
488 3443 573 3495 genus
597 3427 779 3497 Francorum)
809 3437 835 3479 et
864 3430 935 3497 quod
968 3444 1022 3481 non
1052 3427 1177 3479 voluntas
1211 3425 1259 3477 sed

160 3500 303 3550 amicorum
327 3499 384 3548 eius
403 3498 524 3549 absentia
551 3500 736 3550 remissionem
757 3498 895 3564 efficeret,
924 3501 1064 3568 quominus
1087 3498 1259 3549 insidiaretur

160 3570 238 3636 regi,
258 3567 337 3617 ualde
355 3569 515 3618 diiudicatus
534 3576 563 3617 ut
581 3571 700 3635 ingratus
720 3577 747 3618 ot
765 3569 842 3621 deo'
835 3572 955 3633 invisus,
984 3571 1046 3622 inde
1071 3570 1193 3619 dimissus
1219 3573 1259 3617 est

162 3639 301 3689 exercitu:
321 3651 374 3686 non
393 3651 459 3702 pure
479 3638 628 3700 convictus,
647 3639 695 3688 sed
714 3647 853 3702 suspectus
873 3608 982 3706 propt’er
1002 3641 1119 3707 priorem
1137 3638 1258 3702 pravita-

161 3718 214 3760 tem
233 3716 260 3758 et
277 3708 340 3774 quia
358 3723 373 3758 a
390 3707 513 3759 Nemltzo
533 3706 644 3773 quodam
662 3707 806 3757 illustrium
835 3716 973 3759 accusatus
1005 3716 1061 3759 erat
1085 3720 1257 3775 magnopere

161 3780 239 3831 amici
258 3786 345 3829 autem
363 3777 441 3829 huius
461 3786 598 3845 postquam
617 3776 778 3827 audiverunt
795 3792 860 3844 rem,
874 3778 988 3845 proiecti
1007 3794 1021 3828 e
1041 3774 1153 3829 castello
1167 3777 1258 3830 Meso-

161 3852 302 3919 potamium
321 3851 442 3917 aggressi
461 3858 532 3913 sunt,
556 3847 638 3900 multa
656 3846 726 3898 mala
743 3848 866 3901 incolis
860 3850 1012 3900 incursione
1034 3847 1207 3901 lacessentes.

138 3988 141 3992 ,
261 3937 314 3991 Sed
332 3953 391 3988 cum
409 3954 458 3992 ren
477 3952 536 3988 cum
554 3935 722 3988 multrtudrne
732 3937 839 3987 veniret
848 3937 880 3989 ad
891 3936 1056 4000 Caesaream,
1067 3936 1163 3991 deinde
1179 3938 1257 3988 etiam

162 4011 283 4063 Larissae
302 4025 332 4061 se
351 4011 530 4077 coniungeret
548 4017 574 4059 et
595 4007 664 4059 lama
683 4007 777 4059 lamam
797 4016 982 4074 praeverteret
1000 4008 1139 4059 lurcorum
1164 4008 1257 4061 multi.

163 4084 295 4147 tudinem,
315 4089 412 4149 quanta
436 4094 571 4163 nunquam
596 4087 692 4144 antea,
719 4078 866 4132 interuallo
890 4095 944 4131 non
980 4094 1062 4146 parvo
1088 4078 1204 4146 diripere
1232 4086 1259 4130 et

161 4168 318 4220 percursare
337 4160 448 4216 terram,
467 4152 539 4203 misit
561 4161 662 4219 partem
687 4149 802 4237 aliquam
829 4152 962 4203 exercitus
986 4160 1078 4203 contra
1102 4160 1164 4205 eos.
1189 4148 1258 4202 nillil

162 4233 247 4281 autem
265 4224 449 4295 perficientem
472 4224 519 4276 sed
537 4222 683 4292 lugientem
702 4225 841 4291 excipiens
859 4224 965 4277 missum
994 4226 1139 4276 exercitum
1164 4222 1267 4299 ordinet
1328 4236 1332 4243 ·
