3017 4892
197 290 205 303 -
239 267 314 342 sia
410 322 413 344 ,
531 253 749 332 nicolaus
782 228 1047 327 lrrluomu

166 476 168 482 s
237 433 332 525 βάλρι.
375 431 620 510 διαλάμπουσαν
643 424 704 511 γάρ
722 420 807 508 ἔχων
828 420 885 506 τήν
906 411 983 502 ὄψιν
1004 408 1156 502 άντράτοις
1176 413 1282 532 τρῖς’
1266 436 1356 496 τρυ-

139 565 144 573 ’
238 534 377 619 θὴμασι,
398 528 472 604 τούς
493 525 686 651 ὄφθαλμράς
708 522 835 591 ἐδείκνυ
854 526 999 606 χαρίτων
1018 514 1169 600 μεστοάς,
1183 512 1218 580 τὸ
1239 516 1353 597 μέλαν

238 628 375 717 άκρατον
394 630 547 709 ἔξωθεν
533 630 698 713 επιτρὲχον
717 621 982 697 ὑποδεικνύοντες
999 645 1052 684 και
1047 614 1184 694 κάλλος
1203 608 1352 699 ἄρρητον

239 734 370 803 ἔνδοθεν
402 733 673 812 άποστιλβοντας,
708 726 765 814 τήν
785 752 821 793 τε
844 722 950 813 άφράν
976 722 1230 845 ὖρεραιρομένην
1253 718 1372 800 δίκην

239 835 393 919 άψῖιλος’
379 859 411 899 εν
433 829 528 921 ὅμοι’ρι
548 851 599 895 και
596 825 811 917 &crotalon
833 828 936 915 βαφῇ,
956 824 1012 888 καὶ
1033 817 1067 887 τά
1090 824 1237 901 μέτωπον
1261 839 1351 902 φεγ-
1359 839 1381 892 5

238 936 382 1055 γοβάλρις
408 932 589 1056 προσεοικὸς
620 938 691 1005 ταῖς
721 936 971 1015 μαρμαρυγαῖς,
1002 949 1056 991 και
1085 919 1144 1005 τὴν
1164 911 1265 1001 άλλην
1284 920 1352 982 τοῦ

239 1037 409 1123 προσώπου
442 1038 636 1102 κατάστασιν
658 1026 875 1115 ἀναλογοῦσαν
904 1030 947 1117 τῷ
976 1023 1085 1091 κάλλει
1115 1047 1168 1086 και
1164 1020 1351 1104 δεάτερον

240 1132 329 1225 ἥλιον
349 1139 594 1240 χειροτονοῦσαν
615 1136 759 1217 ἐπίγειον.
803 1156 857 1196 και
853 1098 1035 1211 θεαθῆναι
1055 1130 1114 1207 μὲν
1134 1124 1275 1197 τοιοῦτος
1293 1112 1352 1203 ἦν,

109 1252 232 1311 λΗλλθτ
242 1244 297 1307 καί
319 1249 457 1362 κρεῖττον
480 1233 558 1322 ἤπερ
583 1238 820 1320 εἰτπὲφρασται·
871 1231 1021 1314 ομιλῆσαι
1051 1228 1086 1291 δὲ
1107 1226 1257 1291 τοσοῦτον
1277 1246 1350 1305 χα-

242 1346 322 1427 ρίεις
344 1366 398 1405 και
394 1332 560 1419 εάθομος
595 1362 647 1401 και
643 1333 887 1421 περιιλέξιος’
871 1358 904 1408 ες
935 1331 973 1395 τά
995 1325 1137 1412 μάλιστα
1157 1350 1201 1402 ας
1223 1325 1349 1407 Σειρῆ-
1328 1352 1395 1404 -10

216 1449 297 1518 'voc
315 1445 488 1524 μιμεισθαι
510 1464 583 1516 τους
607 1438 785 1561 ρθάγγονςυ
803 1435 926 1516 αὐτοῦ,
948 1430 1069 1505 πάντας
1093 1430 1240 1501 ἕλκοντας
1261 1424 1350 1544 πρὸς

240 1542 406 1629 ἀκρόασιν,
430 1566 482 1606 και
505 1545 566 1606 caio
589 1538 669 1606 οἴκοι
689 1542 859 1613 ποιοῦντος
887 1483 1163 1601 ἐπιλανθάνεσθαι
1182 1552 1237 1592 και
1255 1522 1349 1616 μάνρι

240 1646 448 1727 προσανέχειν
468 1635 565 1731 adalp.
609 1663 710 1715 ουτως
732 1639 766 1703 ἐκ
787 1632 912 1722 πρώτης
942 1630 1109 1712 ἐντεύξεως
1139 1627 1240 1694 ἅπασι
1257 1652 1348 1711 σχε-

241 1743 298 1810 liv
320 1746 419 1819 πάθος
440 1767 495 1808 του
482 1742 704 1825 βασιλέωςέ
706 1742 871 1823 νέσκηψεν,
895 1735 934 1800 od
954 1732 1052 1818 μόνον
1069 1729 1238 1814 ιῬωμαιοις
1260 1728 1345 1793 άλλά

239 1870 293 1911 και
313 1844 421 1920 αάτοῖς
446 1852 513 1922 τοῖς
536 1846 688 1917 ἐναντίοις
708 1864 761 1906 και
786 1834 1030 1922 μαχιμωτάτοις
1054 1830 1201 1916 α’νιλράσι,
1223 1855 1277 1895 και
1301 1853 1386 1911 ωνςς

239 1975 258 2033 η
248 1943 394 2031 πρᾶξις
416 1951 477 2011 τῶν
500 1941 704 2030 α’γριωτάτων
727 1945 852 2028 θηρίων
873 1939 931 2004 οὖν
943 1932 1081 2003 άποιλεῖ·
1106 1938 1248 2002 αἰδεῖται
1269 1930 1346 2016 γάρ,

239 2052 346 2135 φησιν,
369 2044 483 2169 άρετὴν
516 2072 571 2113 και
600 2048 759 2126 πολέμιος.
804 2040 832 2109 οἱ
857 2044 893 2107 δὲ
914 2044 971 2107 οὐκ
1000 2041 1084 2106 οἶδά
1113 2039 1212 2118 μόνον
1235 2032 1345 2117 ἔσχον,

238 2145 322 2212 otto
343 2172 395 2211 και
421 2144 530 2233 φόβον
554 2173 607 2213 και
602 2143 728 2211 πάθον
759 2149 814 2229 τῆς
844 2148 903 2211 τοῦ
934 2139 1157 2227 βασιλεύοντος
1179 2136 1346 2212 θεοειιλοῦς

240 2244 438 2333 ἀναβάσεως.

336 2348 460 2415 ’.nttt‘
446 2350 635 2433 ομὲνπερί
664 2345 874 2435 τοῦμράτοος
904 2344 1007 2411 αάτοῦ
1025 2344 1116 2428 λόγος
1137 2339 1386 2423 άναμεινάτωγο

238 2450 372 2536 μικράν·
427 2453 497 2515 ε’πεί
529 2453 563 2515 δὲ
585 2455 660 2537 πορί
686 2456 741 2535 τῆς
773 2453 830 2517 τοῦ
852 2453 961 2533 γε’νους
981 2444 1083 2520 αὐτοῦ
1104 2439 1343 2528 μεγαλειότητος

202 2605 206 2610 -
238 2549 494 2637 ἐπεμνήσθημεν,
513 2552 620 2637 βραχύ
640 2578 671 2617 τι
693 2552 769 2637 περὶ
785 2547 898 2617 τοάτον
921 2546 1153 2631 διαλεξάμοθα,
1167 2547 1220 2609 ἵνα
1240 2546 1339 2626 γνάσι

239 2655 353 2731 πάντες
375 2655 449 2719 οἵων
470 2656 557 2743 αύτῷ
579 2659 642 2721 τοῖν
666 2656 829 2741 προγόνων
852 2646 952 2720 ὄντων
979 2651 1025 2726 εἰς
1051 2645 1262 2734 περιφάνειαν
1282 2642 1343 2709 α’ν·

239 2960 334 3013 tiarum
355 2958 460 3027 plenos,
477 2958 608 3028 integram
628 2942 765 3027 nigritiam
782 2957 948 3010 extrinsecus
969 2957 1174 3015 circumductam
1193 2954 1341 3010 ostenden.

237 3040 290 3096 tes,
311 3038 338 3082 et
355 3028 578 3099 pulchritudinem
597 3027 804 3083 inenarrabilem
828 3028 899 3081 intus
919 3028 1094 3097 effulgentes,
1119 3038 1200 3097 atque
1218 3030 1341 3095 superci-

238 3104 305 3156 lium
323 3117 480 3169 suspensum
496 3117 617 3153 camerae
633 3102 717 3152 instar
733 3100 762 3149 iu
778 3100 885 3169 aequali
900 3109 926 3153 ct
943 3101 1061 3152 infucata
1073 3101 1198 3164 tinctura,
1218 3109 1245 3152 ct
1264 3100 1341 3151 bon-

238 3183 292 3227 tem
312 3173 458 3239 splendidis
477 3171 591 3223 similem
612 3170 772 3233 luminibus,
799 3179 826 3221 et
853 3172 989 3241 reliquum
1013 3172 1067 3224 oris
1089 3172 1207 3224 habitum
1224 3187 1342 3239 respon.

239 3246 346 3297 dentem
365 3242 481 3321 pulchrit
471 3244 555 3293 tudini
576 3250 603 3293 et
621 3244 667 3310 qui
685 3241 798 3294 alterum
816 3242 901 3294 solem
920 3254 1054 3295 terrenum
1073 3245 1239 3295 extenderet.
1260 3252 1343 3311 etque

239 3314 368 3381 adspectu
395 3308 516 3380 qdidem
522 3312 585 3363 talis
612 3321 683 3376 erat,
705 3321 732 3365 ct
756 3314 869 3365 meliore
886 3317 990 3367 ratione
1018 3330 1096 3382 quam
1116 3323 1264 3367 enarratum
1285 3323 1344 3367 est:

239 3400 290 3439 usu
310 3392 398 3437 autem
419 3392 471 3436 tam
490 3384 579 3437 suavis
600 3393 626 3435 et
642 3384 793 3437 benevolus
813 3394 840 3436 et
857 3386 950 3438 dexter
970 3387 1093 3450 maxime,
1112 3384 1142 3439 ut
1156 3388 1260 3439 sirenes
1278 3387 1344 3439 imi.

239 3464 359 3509 tarentus
380 3457 436 3507 eius
455 3469 553 3520 voces,
572 3457 709 3508 trabentes
735 3471 827 3509 omnes
854 3458 885 3509 ad
905 3457 1080 3522 audendum,
1101 3466 1128 3510 et
1146 3458 1295 3511 efficientes
1312 3466 1346 3509 ut

241 3528 467 3581 obliviscerentur
485 3528 526 3577 rei
545 3528 708 3582 domesticae
735 3536 762 3579 et
779 3528 831 3579 soli
851 3531 944 3581 attenti
965 3536 1055 3581 essent
1073 3531 1114 3581 ei:
1140 3532 1232 3581 itaer
1256 3531 1344 3596 primo

240 3614 372 3653 concursu
401 3598 521 3652 omnibus
552 3601 609 3651 lere
639 3595 798 3654 desiderium
817 3602 897 3684 regis
917 3601 1028 3653 obvenit
1045 3615 1099 3652 uon
1118 3601 1204 3654 solum
1224 3599 1345 3665 Graecis,

219 3671 288 3732 Ksed
313 3673 391 3723 etiam
420 3673 485 3740 ipsis
512 3672 671 3737 adversariis
700 3680 726 3724 et
745 3673 949 3739 pugnacissimis
972 3672 1055 3737 viris,
1084 3681 1112 3725 et
1141 3687 1252 3756 quorum
1271 3674 1345 3724 actio

239 3758 294 3795 non
316 3744 391 3796 abest
411 3758 426 3794 a
445 3744 539 3795 bestiis
566 3743 759 3797 ferocissimis.
785 3750 895 3796 veretur
918 3746 1003 3806 enim,
1027 3750 1057 3795 ut
1075 3743 1125 3795 ille
1143 3746 1196 3808 ait,
1215 3743 1346 3796 virtutem

239 3814 286 3866 vel
307 3814 411 3867 hostis.
439 3814 483 3867 illi
507 3823 594 3867 autem
618 3830 673 3867 nou
698 3815 887 3868 verecundiam
915 3816 1001 3868 solum
1028 3814 1171 3882 babebaut,
1197 3815 1345 3868 sedetiam

239 3891 337 3936 metum
357 3894 384 3936 et
401 3886 562 3938 desiderium
582 3888 667 3939 divini
685 3901 812 3940 ascensus
830 3888 986 3954 regnantis:
1012 3886 1060 3939 sed
1083 3902 1172 3957 sermo
1191 3888 1224 3939 de
1243 3894 1346 3954 poten-

239 3956 278 4007 tia
297 3957 355 4008 eius
371 3957 479 4024 paulum
498 3957 616 4011 desistat.

341 4042 406 4095 Com
425 4052 512 4096 autem
528 4048 735 4116 magnitudinem
754 4050 863 4116 generis
884 4048 941 4099 cius
960 4048 1237 4112 commemoravimus,
1257 4060 1346 4114 pauca

241 4115 369 4201 quaedam
387 4116 419 4166 de
438 4115 490 4166 hoc
510 4117 637 4244 digamus,
658 4128 687 4171 ut
707 4127 871 4188 cognoscant
889 4134 1001 4185 omnes,
1021 4129 1162 4189 quantum,
1182 4134 1241 4172 cum
1271 4117 1343 4169 tales

148 4214 161 4254 „¹
242 4190 267 4241 ei
286 4195 376 4244 esseut
393 4186 519 4255 maiores,
557 4205 570 4240 e
589 4190 733 4259 splendore
753 4192 858 4247 virtutis
874 4198 901 4243 et
917 4190 1023 4260 gloriae
1042 4192 1086 4245 bic
1106 4207 1153 4248 eoa
1172 4189 1347 4261 superaverit
