3017 4892
275 313 348 395 'too
576 264 797 393 uioradus
819 294 1084 391 ‘animumn

274 483 421 581 σχύντοις
443 494 559 579 ὁρμαδς
578 494 653 574 τούς
676 493 861 583 ὁμοφύλονς
879 496 1051 570 κακούςκαὶ
1069 491 1302 576 ἀπανθρώπως
1326 512 1413 572 με-

275 602 459 680 τέρχονται,
486 592 678 679 ὁρπάζοντες
709 601 764 662 κατ’
783 597 973 678 βιαζόμενοι
994 594 1033 659 τύ
1057 596 1181 670 τούτοις
1205 583 1407 677 προσόντα,

275 701 332 763 κατ’
352 695 391 771 τοὶ
413 699 476 762 τιὸν
498 702 656 780 πολεμίων
685 681 820 781 δρῶντες
839 694 873 760 έν
894 700 931 782 τῇ
952 698 1020 788 ἰδέη
1038 695 1253 785 κατοικέηκαδ
1271 694 1405 781 χώρᾳ,

276 797 331 863 καὶ
362 802 522 884 μηδεμιᾶς
549 798 735 876 κακοποιέας
767 793 789 882 ἢ
821 802 1070 884 λαφυρογωγιας
1107 796 1405 881 παραχωροῦντες
1495 855 1497 886 1

274 910 341 977 τοῖς
364 904 540 985 λεγομένοις
563 900 733 982 πολεμίοις.
784 899 842 985 ἀφ’
874 889 919 964 οὸν
949 897 983 963 αἱ
1012 898 1281 979 παλσμγαιὸτατοι
1307 890 1432 959 τού-5

275 1025 341 1079 τοις
363 1002 442 1084 ἀραί
460 1000 548 1087 παρὰ
572 1005 634 1065 τοῖν
650 1000 808 1084 ὁμογενῶν
829 1004 1042 1086 ἐπιφέρονται,
1062 999 1106 1075 οὸς
1126 1000 1182 1083 τῆς
1201 992 1297 1081 ἥττης
1320 996 1402 1060 ου’-

275 1107 340 1168 τοῖν
361 1096 469 1168 ἀνεοιν
501 1106 720 1187 παρεχομένης
744 1100 862 1177 πάσαις
883 1110 954 1176 ταῖς
980 1104 1041 1165 τοὸν
1057 1101 1223 1181 Ῥωμαίων
1255 1096 1401 1180 κώμαις

276 1207 332 1269 κατ’
353 1205 476 1287 χώραις
504 1204 558 1269 καί
584 1204 696 1267 πόλεσι
723 1202 873 1268 τοιούτων
908 1204 1054 1287 πράξεων
1087 1204 1267 1286 ὁρωμένων.
1330 1199 1401 1262 κατ’

165 1305 168 1311 '
276 1301 374 1369 πάλιν
397 1304 599 1385 τεθαύμακα,
623 1309 685 1369 τίνι
700 1308 895 1388 θαρροῦντες
914 1301 944 1369 οἱ
958 1303 1195 1383 τοὸνῬωμαιίνν
1215 1301 1396 1386 προεστῶ.

275 1430 327 1481 τες
345 1402 425 1487 πρὸς
447 1405 710 1491 ἀντιπαρατάξεις
725 1408 780 1470 καί
798 1409 965 1486 πολέμους,
984 1406 1019 1468 έν
1038 1396 1084 1478 οἷς
1098 1403 1298 1487 ἀγωνοθέτης
1320 1401 1438 1483 etp-st

277 1504 376 1594 ρεπης
398 1509 590 1591 καθέστηκεν
612 1504 628 1569 ὁ
652 1506 736 1585 θεός,
768 1505 843 1581 τούς
863 1508 949 1591 ἀμφ’
972 1502 1067 1570 αύτὸν
1089 1502 1320 1583 έξοπλύςοοοιν.
1372 1495 1395 1583 ἢ

277 1604 404 1681 πάντας
425 1602 561 1689 οἰόμενοι
582 1606 688 1692 λήσειν
708 1606 764 1673 τὸν
781 1605 974 1672 ἀνύποπτον
996 1603 1169 1691 ὁφθσλμὸν
1190 1601 1246 1668 κατ’
1262 1605 1394 1683 κλέψαι

276 1706 336 1793 τὴν
362 1708 470 1793 νίκην,
505 1700 548 1785 οὸς
569 1732 655 1783 τινος
688 1706 909 1774 οἰκοδεσπότου
937 1705 982 1791 μή
1014 1709 1286 1792 ἑπαγρνπνοῦντος
1316 1710 1391 1778 τοῖς

278 1811 373 1885 ἶδέοις
391 1809 541 1875 ούσύδιον.
595 1809 790 1876 λανθάνουσι
819 1812 855 1874 δὲ
876 1810 915 1872 ού
940 1807 1124 1889 μόνοντῶν
1153 1808 1207 1873 sui
1225 1814 1296 1881 ταῖς
1315 1804 1389 1888 μα’-
1495 1777 1497 1904 J

275 1934 352 1993 χαις
372 1908 508 1976 ἐλπίδων
538 1910 830 1993 ἀποτυγχάνοντες,
863 1906 942 1975 ἀλλά
975 1909 1030 1975 καί
1048 1907 1103 1975 τὸν
1130 1912 1201 1992 βίον
1221 1911 1386 1991 δυσκλεῶς
1396 1910 1430 1962 15
1495 1921 1496 1970 l

278 2016 548 2097 καταστρέφοντος
564 2010 619 2075 κατ’
639 2020 705 2086 τοῖς
724 2015 756 2089 ἐξ
771 2012 895 2086 ἀδικίας
914 2013 1198 2096 σομποριζομένοις
1220 2031 1386 2093 προσαπο-

278 2108 447 2193 βύλλοντες
470 2114 525 2175 κατ’
545 2111 583 2176 τύ
599 2109 633 2176 έκ
649 2114 779 2177 δικαίων
793 2110 901 2199 πόρων
920 2116 965 2199 τῷ
980 2115 1121 2200 ὁημοσύη)
1142 2107 1386 2194 περιερχόμενα.

279 2207 376 2294 ἔγωγε
390 2203 430 2274 ού
432 2237 448 2276 ν
461 2214 494 2276 ἐν
509 2218 635 2289 πολλοῖς
655 2210 1036 2299 συνεκστρατεοσάμενος,
1058 2214 1117 2277 κάν
1129 2219 1194 2288 τοῖς
1208 2211 1386 2293 βασιλείοις

279 2311 422 2394 συνεχῶς
435 2312 784 2399 σοναναοτρεφὸμενος,
799 2315 924 2404 ούδέπω
935 2311 1034 2396 ἔγνων
1047 2316 1080 2378 έν
1095 2314 1175 2378 τιάοι
1186 2309 1307 2394 βουλὴν
1317 2313 1386 2395 θεῷ

183 2460 185 2463 -
280 2404 488 2495 ἇρέσκουσοιν,
511 2416 581 2477 ούὸ“’
595 2414 648 2481 ἐπὶ
662 2424 894 2501 στρατιωτικοῖς
911 2415 1113 2499 ἢπολιτικοῖς
1128 2414 1293 2497 πράγμασι
1307 2415 1423 2479 osi-2⁰
1495 2455 1496 2462 ὁ

278 2528 368 2595 ψεως
389 2516 624 2604 προβαινούσης
642 2510 662 2601 ἢ
678 2516 877 2601 διαγνώσεως
899 2517 1070 2599 εύλάβειαν
1092 2519 1382 2599 προεπιμιχθεῖοαν
1495 2471 1497 2624 ὁ

279 2618 339 2679 τού
359 2613 404 2699 μή
423 2613 489 2691 πούς
510 2639 583 2681 ποτε
604 2614 791 2700 παράνομόν
803 2644 833 2683 τι
853 2619 1123 2703 σοναναφαύνεται
1146 2620 1184 2705 τῇ
1202 2618 1305 2703 βουλῇ
1325 2616 1382 2680 κατ’

280 2718 347 2801 θεῷ
367 2716 600 2801 ἀποτρόπαιον·
646 2716 726 2782 ἀλλά
760 2715 795 2783 τὸ
819 2721 884 2784 πᾶν
904 2721 950 2793 εἰς
971 2716 1005 2783 τὸ
1034 2720 1143 2803 κέρδος
1165 2718 1224 2781 τού
1243 2714 1380 2798 βουλεύ-

280 2838 382 2898 ματος
403 2820 553 2908 καταντρῖ,
570 2811 629 2883 κάν
643 2815 714 2904 ὁερά
733 2822 940 2905 βεβηλοὸνται,
960 2811 1017 2884 κάν
1031 2810 1198 2903 ἅνθρωποι
1213 2813 1379 2902 βλάπτων-

280 3174 358 3212 more
376 3174 406 3212 se
424 3172 522 3226 gerens
540 3159 569 3209 iu
588 3173 636 3210 sua
654 3159 717 3210 sede
739 3164 767 3209 et
785 3165 859 3209 terra
875 3172 964 3226 neque
984 3159 1066 3211 ullam
1084 3160 1254 3211 vexationem
1273 3158 1316 3211 vel
1333 3158 1375 3210 di.

264 3230 434 3299 'reptionem
458 3229 613 3296 relinquens
637 3227 758 3281 hostibus
777 3230 822 3296 qni
841 3230 980 3282 dicuntur:
1007 3230 1077 3282 uude
1103 3232 1217 3283 maxime
1243 3231 1315 3281 dirae
1335 3230 1375 3281 his

283 3314 380 3365 preces
399 3315 414 3351 a
432 3300 553 3367 cognatis
572 3300 751 3366 imponuntur,
774 3301 873 3369 quippe
894 3301 1080 3353 clade-eorum
1098 3302 1280 3354 remissionem
1297 3316 1374 3367 prae.

284 3370 366 3422 beute
387 3370 507 3422 omnibus
529 3370 688 3423 Graecorum
707 3373 784 3441 pagis
804 3381 831 3424 et
847 3375 927 3425 terris
946 3382 974 3425 et
991 3371 1100 3426 urbibus
1120 3372 1213 3425 talium
1223 3374 1372 3424 lacinomm.

285 3450 365 3509 atque
390 3456 481 3493 rursus
510 3442 618 3494 miratus
647 3458 726 3507 sum,
746 3458 814 3511 ·quo
844 3446 948 3496 tandem
980 3446 1042 3497 freti
1068 3444 1229 3497 Graecorum
1247 3445 1373 3513 principes

285 3512 319 3563 ad
336 3512 408 3587 acies
428 3520 455 3563 et
475 3512 570 3578 bella,
590 3515 618 3564 iu
639 3514 734 3583 quibus
751 3515 879 3567 brahenta
894 3519 1066 3583 incorruptus
1098 3517 1189 3568 existit
1206 3517 1294 3579 dous,
1317 3528 1373 3566 suot

282 3584 426 3649 instruant,
447 3584 569 3651 prolecto
590 3588 696 3637 omuino
718 3589 881 3654 opinantes,
908 3589 967 3640 iore
984 3596 1015 3640 nt
1033 3588 1133 3639 lateant
1151 3588 1374 3652 oculumsemper

281 3654 396 3724 vigilem
415 3664 442 3707 et
461 3658 605 3725 surripiant
630 3660 769 3711 victoriam
794 3668 917 3727 tanquam
941 3658 1125 3727 patrifamilias
1150 3674 1204 3711 non
1229 3656 1374 3725 invigilanti

281 3726 365 3781 rebus
382 3744 438 3780 reru
457 3727 624 3781 familiarem.
661 3732 747 3783 nescii
766 3740 854 3783 autem
871 3746 926 3782 uon
945 3731 1032 3783 solnm
1051 3746 1124 3798 spem
1151 3742 1299 3799 pugnarum
1315 3742 1374 3796 por-

282 3799 349 3851 dunt
366 3800 415 3851 sed
433 3801 512 3851 etiam
531 3802 611 3852 vitam
631 3802 781 3871 ingloriose
805 3804 899 3855 liniunt
924 3811 951 3854 et
974 3811 1080 3870 praeter
1105 3818 1138 3854 ea
1162 3818 1231 3870 qnae
1254 3799 1375 3853 iniustitia

281 3868 430 3936 traduntur,
451 3871 495 3923 vel
517 3888 547 3923 ea
566 3874 707 3939 amittunt,
725 3890 793 3941 quae
812 3876 888 3926 iustis
906 3875 1036 3926 reditibus
1059 3876 1100 3925 rei
1119 3874 1244 3941 publicae
1262 3872 1374 3926 inlinunt

286 3940 409 4006 equidem
434 3943 534 4011 igitur,
562 3944 607 4012 qui
635 3944 774 3997 multarum
801 3940 999 4012 expeditionum
1024 3947 1160 4013 particeps
1185 3946 1281 3998 luerim
1306 3952 1330 3994 et
1349 3943 1375 3993 in

284 4011 363 4077 regia
383 4016 511 4065 continuo
531 4016 580 4067 sim
600 4025 730 4081 versatus,
749 4018 865 4068 noudum
885 4019 1001 4084 cognovi
1027 4020 1055 4069 in
1074 4016 1195 4069 omnibus
1221 4015 1375 4069 voluntatem

284 4080 337 4133 deo
357 4092 458 4150 gratam
476 4102 565 4153 neque
584 4088 610 4137 iu
627 4088 705 4140 rebus
724 4088 884 4145 militaribus
905 4087 951 4138 vel
978 4089 1116 4161 civilibus*
1130 4090 1295 4157 cogitatione
1316 4100 1376 4153 pro-

286 4153 399 4206 cedente
418 4162 471 4205 unt·
483 4158 635 4224 cognitione
655 4160 806 4211 cautionem
824 4159 974 4224 admixtam,
993 4177 1028 4212 ne
1047 4162 1152 4229 quando
1171 4161 1265 4212 iniusti
1282 4157 1338 4227 quid
1349 4158 1376 4208 in

285 4224 401 4283 consitio
420 4235 563 4296 appareret
581 4238 608 4283 ct
625 4230 695 4299 qnod
714 4231 765 4283 deo
785 4238 858 4287 esset
874 4232 1006 4287 inrisum:
1024 4233 1073 4289 sed
1107 4232 1195 4286 omnia
1222 4232 1256 4285 ad
1283 4230 1375 4285 inmun
