3017 4892
257 288 333 367 ιον
559 290 779 367 armante
805 290 1065 368 antuman
1147 398 1155 408 .

256 486 309 531 σιν
327 464 408 551 σρδς
430 467 486 535 vair
507 465 702 551 βουλόμενον
716 468 773 533 ναί
793 466 967 551 ίυοίλυτον,
986 467 1042 533 καί
1060 459 1161 544 οὕτως
1176 462 1291 534 ὅδείει
1313 467 1384 535 διὰ

256 563 428 634 ahenum
446 569 568 652 δμαδὸν
588 575 644 654 τῆς
669 573 840 656 εὐθηνίας,
866 569 1032 656 φθονήσας
1050 573 1105 652 τῆς
1124 570 1300 652 ευέτηρίας
1325 570 1386 657 τῷ

256 664 363 758 νόσμρ
384 668 551 755 φοδνδανα
573 671 660 745 ἐντὸς
681 673 739 737 τοῦ
759 664 869 747 ἄστεος
887 667 1134 754 δυσγνᾰνιστος
1147 671 1379 751 ἐποικοδομεῖ,

242 769 316 834 Ινίν
336 768 436 860 ταύτην
459 775 734 857 συναθροίζεσθαι
753 773 812 849 τὰς
837 769 963 853 ἅμαξας
990 773 1186 854 ἐπισκήπτει,
1204 772 1380 857 βασιλικᾷ

257 867 420 956 μριίμματι
441 875 536 937 τοῦτο
554 874 793 956 διορισάμενος·
836 877 891 939 ναί
903 868 1097 953 μονοιιοίλιον
1113 873 1238 956 τίθησιν
1257 872 1308 945 εἰς
1329 870 1405 937 τὸ5

257 971 499 1055 οἶναγναοότατον
523 977 655 1059 χρῆμα,
683 972 737 1039 τὸν
770 982 876 1058 σῖτον,
906 974 1043 1056 μηδενὸς
1061 974 1240 1053 δυναμένου
1266 974 1301 1037 εἰ
1316 969 1370 1055 μὴ

258 1069 321 1137 duo*
343 1076 402 1137 τοῦ
430 1071 607 1159 φοίνδακος
629 1072 870 1160 ἐξωνήσασθαι,
892 1073 1073 1160 φουνδακος
1098 1077 1153 1137 τοῦ
1175 1074 1285 1136 δολίου
1308 1074 1375 1137 καί

162 1192 168 1205 ·
258 1171 490 1253 δαιμονιοίδους
518 1172 703 1259 πράγματος
733 1174 789 1239 ναί
817 1176 977 1257 ὀνόματος.
1032 1178 1065 1252 ἐξ
1092 1164 1133 1236 οὗ
1159 1171 1221 1254 γὰρ
1244 1170 1373 1247 ἐκεῖνος

257 1273 376 1357 mma
405 1299 425 1355 η
448 1297 463 1336 ⁵

256 1372 295 1437 τὰ
316 1370 378 1437 rino*
400 1373 583 1455 Ῥωμαίους
610 1373 766 1457 μειζόνως
793 1380 977 1456 κατέλαβεν.
1018 1375 1057 1440 οδ
1086 1375 1171 1458 γάρ,
1193 1367 1302 1456 ὥσπερ
1325 1372 1367 1437 ια’
1381 1385 1415 1437 ld

257 1470 410 1557 πρότερον
430 1466 478 1558 η’ν,
499 1472 515 1539 ὁ
536 1472 725 1557 βουλόμενος
753 1478 897 1556 ἐξωνοῑτο
918 1477 975 1541 τὸν
1003 1484 1093 1541 σῖτον
1122 1474 1177 1539 καί
1199 1470 1280 1554 μετὰ
1304 1472 1370 1538 τοῦ

257 1577 436 1650 πωλοῦντος
457 1573 658 1661 σννὴλλαττε,
680 1578 786 1642 narret
802 1601 861 1658 περ
892 1576 937 1659 μὴ
959 1574 993 1643 ἐν
1014 1578 1093 1663 τῷδε
1114 1579 1158 1661 τῷ
1178 1578 1367 1663 κατατοτίιρ

257 1677 423 1760 ἠρέσκετο,
452 1681 634 1758 μετέβαινεν
661 1680 706 1752 εἰς
735 1678 772 1742 τὸ
794 1673 872 1743 ἄλλο
902 1682 957 1742 καί
984 1673 1082 1753 αὖθις
1100 1680 1147 1752 εἷς
1169 1678 1286 1760 ἕτερον,
1307 1672 1369 1739 καί

257 1775 320 1842 α’νιὸ
353 1781 415 1841 ταῖν
444 1777 575 1859 ἁμαξῶν
605 1779 624 1862 ἦ
653 1780 770 1860 πρᾶσις
799 1778 934 1861 ἐγίνετο·
985 1773 1053 1842 ἀλλ’
1082 1778 1290 1861 εἰσερχόμενα
1319 1776 1365 1841 τὰ

257 1876 395 1963 γεώργια
428 1880 461 1941 ἒν
485 1881 523 1966 τῇ
537 1881 593 1943 τοῦ
615 1878 795 1965 φοίνδοινος
823 1877 930 1965 εἱρκτῇ
957 1880 1091 1954 σιτώνας
1114 1874 1200 1961 εἶχον
1220 1880 1406 1951 ε’νοίκουςλῠ

258 1982 317 2043 rori
337 1978 514 2087 φυδνδαοιος
542 1982 597 2045 ναί
626 1984 855 2066 σιτυνασὴλους
883 1978 1032 2058 πολλούς,
1054 1983 1108 2044 ναί
1127 1972 1215 2043 οὗτοι
1236 2001 1366 2061 προαρ-

258 2075 411 2156 ιιτίζοντος
433 2078 487 2144 τὸν
504 2088 588 2147 σϊτσν
606 2084 777 2160 ἐξωνοῦντο
798 2086 853 2147 καί
870 2083 1052 2164 οἰσετίθονν,
1073 2084 1127 2145 καί
1140 2081 1365 2163 διηγωνίζοντο

258 2180 443 2262 ντρδαίνοιν
461 2182 515 2246 ἐπὶ
552 2187 594 2271 τῷ
620 2184 795 2263 νομίσματι
820 2182 1001 2262 νομίσματα
1028 2186 1111 2265 τρία.
1162 2177 1302 2264 ἠγόραζε
1322 2181 1364 2244 δὲ

259 2279 321 2345 aino*
344 2285 406 2347 τῶν
429 2278 559 2361 ἆμαξοῖν
582 2285 697 2363 addreb,
720 2277 796 2346 οὔτε
811 2283 959 2358 ναυτικὸς
975 2279 1110 2364 εἰσάγων
1132 2280 1289 2353 ον’τόνείς
1304 2276 1366 2362 τὴν

259 2382 492 2464 βασιλεύουσαν
527 2378 600 2449 οὔτε
630 2384 758 2461 οἷστικὸς
788 2376 862 2447 οὔτε
894 2377 1039 2469 ἄγροικος
1072 2378 1144 2448 οὔτε
1176 2376 1268 2456 ἄλλος
1300 2378 1406 2457 ου’-ρο

259 2484 346 2559 δαίς·
389 2483 459 2547 ἀλλ’
490 2480 552 2549 dut
573 2488 637 2549 τῶν
665 2485 884 2568 σιτοκατιὴλων
906 2488 962 2549 τοῦ
989 2483 1169 2572 φοίνδαιιος
1201 2483 1363 2568 ῆαροῖσις

260 2586 457 2667 προέβαινεν,
480 2584 524 2660 οὖς
545 2589 657 2649 ἐκεῖνοι
678 2586 845 2667 ἐβούλοντο
868 2589 923 2651 καί
948 2586 965 2649 o‘
988 2586 1229 2671 προκαθήμενος
1254 2566 1371 2649 ον’ταῑνΙ

258 2683 384 2767 λυμοών
402 2686 648 2771 φουνδακοίριος,
670 2683 705 2764 ὃς
728 2691 921 2770 καινοτομοῖν
946 2685 1019 2761 τούς
1044 2684 1096 2751 τὸν
1117 2695 1205 2753 σῖτον
1225 2688 1360 2767 unrado.

329 2848 357 2901 3.
376 2862 467 2919 margo
486 2853 659 2924 νομμίρνιον
684 2853 732 2905 ναὶ
752 2850 847 2924 φίρον
866 2853 962 2908 ελτουν
980 2850 1153 2921 πανήγυριν.

258 2992 371 3047 liberum
389 2994 479 3049 iacere
499 2998 685 3049 commercium
706 3014 764 3048 cum
784 2999 879 3065 quovit
898 3006 926 3049 et
945 2997 1106 3064 expeditum,
1125 3003 1205 3062 atque
1230 2994 1267 3044 ita
1290 3007 1355 3059 pro.

259 3067 356 3119 cedere
375 3069 482 3121 omnino
501 3069 614 3121 salutem
634 3069 821 3134 abundantiae,
845 3071 969 3121 inridens
989 3069 1094 3135 copiam
1112 3067 1219 3129 mundo,
1233 3064 1356 3115 borreum

259 3147 333 3192 extra
351 3140 443 3191 urbem
462 3143 592 3207 patrimus
619 3141 696 3191 bomo
718 3141 884 3205 exaedificat‚
905 3142 977 3192 etin
996 3140 1048 3191 boc
1067 3139 1129 3205 cogi
1148 3152 1243 3188 currus
1268 3135 1354 3199 iubet,

257 3212 341 3277 regiis
360 3210 447 3263 literis
473 3212 524 3263 boe
543 3214 696 3278 perficiens,
717 3218 743 3261 et
756 3213 939 3280 monopolium
959 3213 1072 3277 imponit
1087 3210 1201 3261 maxime
1228 3222 1353 3259 necessa.

257 3283 314 3336 riae
336 3281 386 3343 rei,
409 3283 551 3347 frumento,
572 3299 629 3333 cum
649 3298 726 3334 nemo
746 3292 839 3349 posset
856 3285 907 3335 nini
929 3299 962 3335 cx
985 3283 1084 3334 horreo
1107 3297 1216 3342 emere,
1243 3279 1352 3341 horreo,

258 3353 386 3408 inuidiosa
406 3362 433 3405 et
451 3354 555 3421 ingenti
577 3369 606 3404 re
626 3363 705 3421 atquc
723 3356 940 3423 significatione:
960 3372 993 3405 ex
1012 3369 1065 3422 quo
1086 3355 1156 3403 enirn
1174 3351 1242 3402 illud
1260 3350 1353 3401 induc.

258 3436 312 3479 tum
333 3431 382 3487 eat,
402 3424 518 3477 felicitas
542 3426 646 3477 urbium
664 3427 852 3491 evanescebat,
872 3436 899 3479 et
917 3428 957 3478 ira
975 3426 1067 3478 divina
1084 3441 1128 3476 rea
1140 3424 1255 3475 Graecae
1272 3422 1353 3489 magia

260 3496 393 3550 obtinuit:
412 3512 501 3564 neque
523 3498 602 3561 enim,
624 3505 653 3549 nt
673 3506 751 3551 antea
771 3499 875 3562 iuerat,
895 3500 940 3567 qui
961 3497 1055 3560 veliet,
1076 3496 1180 3547 emebat
1199 3493 1354 3545 frumentum

260 3579 287 3623 et
305 3585 365 3621 cum
383 3569 517 3621 vendente
538 3571 770 3623 commutationem
788 3572 881 3635 inibat,
901 3578 981 3639 atque
999 3571 1023 3621 ai
1040 3570 1068 3619 in
1087 3568 1138 3618 boc
1163 3567 1226 3618 loce
1253 3566 1278 3616 ei
1302 3579 1353 3632 non

260 3643 390 3712 placeret,
410 3640 538 3694 transibat
556 3642 589 3692 ad
607 3638 697 3693 alium‘
708 3658 853 3712 aureusque
873 3643 904 3694 ad
923 3642 1021 3704 alium,
1048 3648 1075 3691 et
1093 3656 1127 3691 ex
1145 3637 1268 3700 curribus
1286 3650 1352 3687 ven.

259 3716 325 3769 ditio
337 3712 440 3787 'debete
463 3713 509 3765 aad
530 3714 620 3783 fruges
639 3730 707 3782 quac
726 3714 934 3781 importabantur
953 3715 980 3764 in
1000 3713 1090 3763 horrei
1116 3717 1238 3777 acptum,
1264 3707 1354 3759 darda-

258 3789 348 3839 narioa
368 3784 500 3837 habebant
518 3785 697 3838 inhabitantes
717 3786 815 3838 horreo
836 3794 862 3837 et
881 3784 1008 3852 propolas
1026 3784 1140 3835 multos:
1160 3789 1239 3849 atque
1260 3780 1286 3829 hi
1310 3793 1354 3829 ra-

258 3859 363 3923 pientea
384 3858 542 3908 frumentum
554 3857 676 3909 emebant
695 3866 721 3908 ct
733 3858 899 3925 reponebant
913 3864 941 3907 ct
959 3857 1097 3908 certabant
1109 3854 1207 3906 lucrari
1228 3867 1287 3903 asae
1303 3858 1354 3900 tres

259 3942 350 3978 araca:
371 3928 474 3979 emebat
493 3937 580 3979 autem
600 3944 633 3979 ex
645 3929 765 3981 curribus
777 3944 866 3992 nemo,
884 3944 974 3995 neque
1000 3936 1081 3978 nauta
1106 3923 1264 3992 importabat
1292 3919 1356 3971 iilud

258 3999 286 4047 in
306 3995 407 4059 urbem,
429 4013 517 4065 neque
537 3999 651 4051 urbanus
670 4016 759 4069 aeque
778 4000 897 4067 agricola
915 3998 1088 4066 nequcuilus
1107 3996 1176 4047 aliua
1188 4014 1194 4044 ι
1206 3994 1280 4045 aeda
1292 4004 1354 4057 pro-

258 4065 330 4135 polit
351 4065 441 4117 horrei
461 4070 579 4120 venditio
594 4071 765 4137 procedebat,
786 4074 855 4124 sieut
867 4071 908 4121 illi
921 4070 1063 4123 volebant:
1084 4077 1163 4135 atque
1183 4065 1291 4131 praescr
1307 4074 1355 4112 eo-

260 4155 327 4204 rum,
347 4136 474 4206 perditor,
493 4140 582 4191 horrei
604 4143 810 4205 administrator,
831 4142 876 4209 qui
896 4155 967 4193 novo
993 4142 1072 4192 modo
1098 4138 1215 4191 vexabat
1241 4137 1356 4189 tranen.

260 4218 315 4264 tum
334 4208 495 4265 deducentes
516 4218 543 4263 et
556 4211 715 4265 framentum
735 4214 777 4268 hia
796 4215 908 4281 turpiter
929 4213 1061 4267 adimebat
1080 4220 1107 4263 et
1124 4210 1218 4280 pratia
1238 4204 1356 4275 vectiga-

1493 2631 1495 2772 i
