3017 4892
254 302 329 389 ttt
552 305 771 381 arentum
800 300 1061 375 amineum
1121 382 1126 393 ,

202 476 210 489 ⁸
254 494 332 571 ταῖς,
354 490 398 575 epi
421 482 533 573 φθάνρι
556 480 611 546 κατ’
628 486 669 567 τῇ
692 484 864 567 κακοηθείᾳ
895 474 942 562 μὴ
963 468 1119 560 προτιμᾶν
1138 470 1173 537 τὸ
1194 466 1400 555 σομφδρον

255 589 358 669 τίδοάς,
381 591 437 652 καί
457 586 605 665 τιμωρῶν
625 583 812 668 ἐπισφαλῶς
834 578 890 643 τάν
910 578 1050 661 οἷκρίτην,
1069 573 1103 638 ἐν
1123 566 1210 637 οὕτω
1234 568 1395 652 συγχύ-

254 712 302 755 σει
324 693 385 753 τῶν
414 681 608 768 πραγμάτων
627 681 855 764 ὑπαρχόντων,
882 681 937 742 κατ’
956 674 1017 757 πρά
1051 678 1106 739 τοῦ
1129 674 1243 737 δοῦναι
1270 669 1392 750 λόγον

254 792 310 873 τῆς
333 778 551 870 διοικήσεως),
581 786 636 865 τῆς
659 783 758 865 αὐτῆς
780 780 908 853 ε’κείκοις
935 780 1053 859 βουλῆς
1083 778 1137 839 καί
1160 771 1295 857 γνώμης
1318 769 1392 835 ἐπὶ

167 936 171 953 r
255 886 430 971 συνθήκαις
471 885 526 949 καί
558 881 663 970 ὅρκοις
692 878 838 957 κοινωνὸς
860 876 1075 964 ἐχρημάτισε,
1111 875 1167 939 κατ’
1194 871 1281 956 πρὸς
1308 870 1419 945 ταὶςὸ

256 990 424 1071 ὁμολογίας
446 990 566 1062 ταύτας
588 988 643 1048 καί
660 982 695 1048 τά
719 986 783 1047 τῶν
802 979 1013 1057 Πατζινάκων
1042 976 1136 1054 ἔθνος
1154 973 1386 1056 συναρμοσά-
1491 1001 1492 1014 ¹

256 1111 348 1171 μενος
375 1094 522 1169 πολεμεῖν
543 1095 607 1160 τοϊς
625 1081 795 1165 Ῥωμαίοις
822 1084 888 1162 μετ’
911 1082 1016 1144 ον’τιόν
1046 1079 1193 1165 άσπὸνδῳ
1213 1080 1253 1162 τῇ
1273 1071 1384 1160 μάχῃ

256 1192 419 1256 συνέθετο.
463 1186 674 1271 σνγκινήοεως
700 1175 760 1247 σάν
776 1187 942 1266 γενομένης
962 1180 1128 1262 τοιαύτης,
1153 1176 1191 1243 τά
1213 1176 1294 1260 περὶ
1314 1176 1383 1239 τὸν

258 1288 395 1368 πόλεμον
423 1287 477 1351 καί
501 1284 560 1371 τὴν
596 1288 651 1368 τῆς
677 1284 857 1367 Ῥωμαϊκῆς
891 1279 1001 1366 χώρας
1038 1277 1214 1363 ἐπιδρομὴν
1252 1276 1382 1351 αὐτοῖς

260 1389 432 1476 ἐξηρτύετο.
1392 1378 1426 1431 10

356 1488 404 1554 Ἐν
419 1492 463 1569 Ιδὲ
492 1490 536 1575 τῷ
556 1491 642 1576 μέσῳ
675 1490 734 1551 τοῦ
749 1486 932 1551 Ῥοοσελίον
961 1490 1028 1556 τοῖς
1052 1482 1205 1567 Τοάρκοις
1229 1502 1380 1561 κατεχο-

209 1618 212 1625 ·
260 1596 382 1675 μένον,
415 1588 533 1673 πολλὴν
565 1584 758 1674 ὃπράεδρος
779 1588 917 1663 Ἀλίξιος
938 1579 1107 1667 ἐποιήσατο
1136 1583 1191 1666 την
1210 1579 1376 1664 σπονδήν,

261 1697 304 1782 τῷ
324 1695 449 1780 κάοτρῳ
471 1693 525 1773 τῆς
544 1689 719 1771 Ἀμασειάς
749 1688 969 1769 ἐνδιατρίβων,
998 1682 1059 1747 sind
1084 1683 1141 1766 τη“ν
1166 1686 1253 1749 ἰδίαν
1270 1689 1375 1765 χεῖρα

260 1792 373 1857 τοῦτον
395 1793 605 1874 ποιήσασθαι.
656 1788 710 1852 κατ’
737 1791 844 1868 μέντοι
866 1786 923 1851 κατ’
946 1784 1108 1850 ταλάντων
1129 1782 1247 1848 ἱκανῶν
1268 1808 1375 1868 τιμη-

260 1898 407 1976 σαμένων
423 1896 483 1957 τοὸν
499 1892 647 1976 Τοάρκων
661 1887 717 1955 τὸν
735 1890 926 1969 Ῥονοὲλιον,
946 1890 983 1973 τῇ
1004 1889 1165 1973 καταβολῇ
1187 1886 1415 1949 rausum-1⁵

262 1999 422 2075 τονμδνων
446 1986 539 2057 ὤνιον
560 1992 659 2057 αδτόν
681 1993 894 2075 ἀπειργάσατο
925 1991 979 2053 καί
1000 1987 1062 2051 ὑπὸ
1093 1984 1149 2070 τὴν
1173 1990 1258 2051 ἰδίαν
1281 1986 1372 2071 διτη-

263 2094 373 2179 γάγττο
393 2102 508 2177 χεῖρα,
539 2094 595 2157 καί
615 2094 860 2176 οιδηροδέομιον
883 2091 1052 2169 ἀποδείξας
1085 2087 1138 2152 διά
1163 2090 1279 2171 πολλῆς
1300 2081 1373 2167 εἶχε

265 2198 320 2259 καί
340 2189 500 2277 άγράπνον
524 2198 579 2278 τῆς
603 2197 759 2279 φυλακῆς.
812 2185 879 2256 εἶτα
902 2196 1032 2273 πέμψας
1051 2181 1193 2273 γράμμα
1207 2188 1288 2272 πρὸς
1310 2188 1371 2251 τὸν

264 2299 421 2380 βασιλέα,
449 2300 504 2361 καί
533 2298 609 2378 παρ’
632 2294 752 2359 ἐκείνου
785 2291 880 2357 πάλιν
902 2292 1080 2374 δεξάμενος,
1102 2291 1155 2354 διὰ
1173 2292 1228 2373 τῆς
1250 2294 1371 2354 Horre-

266 2398 322 2477 τῆς
344 2394 510 2481 θαλάσσης
535 2390 748 2478 ε’πεπορεάθη,
773 2397 839 2461 καί.
850 2397 960 2458 τοῦτον
990 2394 1035 2467 τίς
1058 2392 1116 2474 τήν
1133 2388 1412 2473 βασιλεάοοοανλθ

267 2495 348 2577 μετά
376 2500 438 2580 τῆς
470 2497 567 2582 αὐτῆς
594 2497 768 2580 ποδοκάκης
795 2493 969 2579 εἰσήγαγεν.
1020 2493 1036 2558 ὁ
1071 2494 1107 2557 δὲ
1139 2490 1291 2574 βασιλεάς
1320 2486 1369 2572 μὴ

267 2600 463 2680 προθέμενος
496 2600 541 2675 εἷς
564 2592 782 2680 ὄψινὲοντοῦ
808 2584 866 2659 καί
882 2597 961 2659 θέαν
981 2598 1095 2659 τοῦτον
1124 2596 1241 2672 ε’λθεῖν,
1262 2591 1320 2657 ναί
1334 2614 1367 2655 τι
1413 2668 1419 2675 ἢ
1493 2577 1494 2650 Ῑ

162 2734 170 2749 -
267 2702 322 2770 καί
342 2701 585 2780 βουλεύσασθαι
607 2701 774 2783 βασιλικῆς
796 2697 993 2775 ἀνεξικακίας
1013 2697 1069 2761 καί
1085 2690 1370 2781 μεγαλοφροσύνης

339 2876 365 2930 λ.
385 2892 419 2931 aur
438 2874 577 2950 dapnes?
595 2884 656 2946 post
675 2875 748 2932 οὕτω
767 2875 813 2930 rel
830 2876 938 2950 μεγάλη
957 2876 1035 2929 deest
1052 2874 1098 2928 vel
1117 2872 1205 2928 simile
1223 2870 1294 2942 qnid.

209 3078 215 3089 ‚
269 3039 401 3107 pravitate
419 3042 555 3110 respicere
575 3040 718 3093 utilitatem
736 3040 862 3092 nesciens
880 3049 908 3092 et
926 3055 1075 3109 exsequens
1094 3037 1248 3107 periculose
1265 3037 1304 3087 ius
1321 3036 1366 3086 iu.

270 3112 333 3165 dicii
356 3111 496 3178 violatum,
516 3114 542 3164 in
561 3121 633 3165 tanta
652 3112 812 3164 confusione
831 3111 910 3164 rebus
931 3108 1099 3164 uersantibus
1119 3119 1146 3162 et
1163 3117 1225 3161 ante
1243 3108 1366 3162 redditam

269 3184 504 3236 administrationis
523 3186 664 3247 rationem,
686 3184 810 3246 eiusdem¹
826 3199 885 3234 eum
902 3180 958 3235 illis
978 3183 1085 3235 consilii
1107 3190 1134 3233 et
1152 3182 1299 3233 sententiae
1317 3195 1364 3246 pa.
1396 3232 1405 3241 ⁶

271 3254 403 3305 ctiouibus
430 3262 456 3305 et
490 3254 661 3306 iureiurando
681 3254 816 3319 particeps
843 3261 884 3305 est
912 3254 1014 3306 laetus:
1033 3263 1071 3305 -et
1091 3270 1124 3305 ex
1142 3252 1306 3321 pactionibus
1324 3251 1364 3302 bis

269 3330 409 3391 postquam
436 3326 513 3375 etlam
539 3324 739 3377 Patninacorum
768 3325 894 3392 populum
925 3326 1096 3390 conciliavit,
1117 3323 1292 3377 conveniebat
1309 3337 1364 3372 cum

269 3396 313 3460 iis,
331 3403 360 3446 ut
379 3411 437 3447 cum
457 3396 565 3449 Graecis
584 3405 734 3467 pugnarent
752 3396 826 3447 bello
845 3396 1017 3463 implacabili.
1055 3397 1103 3449 tali
1123 3411 1188 3465 ergo
1206 3395 1282 3446 turba
1300 3394 1364 3445 laeta

270 3465 371 3518 bellum
389 3466 421 3519 ab
447 3467 479 3518 iis
500 3475 526 3519 et
545 3467 662 3520 Graecae
681 3476 770 3520 terrae
789 3468 894 3520 invasio
914 3469 1116 3536 apparabantur.

343 3563 450 3616 luteres
469 3574 565 3630 autem,
585 3582 643 3617 cum
662 3565 788 3619 Ruselius
801 3578 822 3617 ¹a
841 3566 931 3618 Turcis
951 3567 1124 3629 detineretur,
1143 3564 1250 3616 multam
1263 3578 1364 3631 praeses

270 3635 384 3692 Alexius
398 3636 470 3689 dedit
479 3651 596 3704 operam,
605 3638 632 3689 iu
643 3638 758 3691 castello
768 3638 875 3690 Amasis
884 3647 1016 3702 versatus,
1026 3639 1091 3690 utin
1100 3653 1173 3690 suam
1183 3652 1286 3687 manum
1296 3635 1365 3688 redi.

273 3716 359 3778 geret,
372 3717 461 3777 atque,
475 3724 533 3761 cum
545 3718 631 3762 tamen
642 3710 742 3762 lurcae
759 3718 800 3761 sat
816 3709 906 3763 multis
917 3709 1025 3762 talentis
1036 3706 1363 3770 aestimasseutlluselium,

272 3781 401 3846 depositis
419 3780 453 3833 iis
469 3796 537 3848 quae
555 3782 769 3851 requirebantur,
788 3782 864 3849 quasi
881 3796 996 3833 mercem
1018 3797 1076 3832 eum
1096 3780 1146 3832 sibi
1166 3780 1325 3846 comparavit
1340 3784 1365 3828 et

273 3852 300 3902 iu
316 3866 388 3903 suam
404 3852 511 3920 subegit
529 3868 648 3917 manum,
665 3861 691 3903 et
704 3855 731 3904 iu
745 3852 855 3905 vincula
870 3854 958 3905 ferrea
972 3854 1121 3904 coniectum
1131 3850 1214 3903 multa
1228 3850 1329 3905 tenebat
1341 3855 1365 3898 et

272 3920 395 3987 diligenti
414 3924 548 3975 custodia:
568 3924 663 3976 deinde
681 3925 768 3975 missis
786 3925 873 3975 literis
891 3925 924 3975 ad
939 3940 1031 3993 regem
1051 3931 1078 3974 et
1095 3924 1128 3984 ab
1146 3923 1196 3974 illo
1214 3922 1304 3976 ru'rsus
1321 3935 1364 3972 ει-

273 3992 358 4056 ceptis
377 4008 424 4058 per
443 3994 580 4047 Ponticum
599 4011 672 4047 mare
690 3996 828 4062 proiectus
848 4004 889 4047 est
906 4004 986 4063 atque
1005 3995 1076 4046 bunc
1099 3996 1127 4045 iu
1151 3996 1253 4063 regiam
1275 3994 1365 4045 eisdem

273 4062 443 4127 compedibus
464 4068 581 4117 vinctum
594 4068 706 4120 induxit.
726 4068 773 4119 sed
786 4081 843 4129 rex,
863 4074 981 4118 statuens
999 4083 1060 4118 eum
1073 4068 1100 4118 iu
1114 4074 1285 4134 conspectum
1297 4078 1365 4116 suun

272 4148 327 4187 uon
347 4134 460 4199 venire,
481 4144 508 4186 et
526 4138 673 4192 decernere
692 4136 811 4206 aliquid,
831 4138 939 4206 dignum
957 4140 1034 4206 regia
1058 4139 1188 4205 patientia
1214 4146 1241 4190 et
1263 4150 1364 4204 magna-

271 4206 404 4271 nimitate,
424 4212 451 4258 et
469 4221 621 4276 proponere
640 4217 733 4263 contra
752 4224 812 4261 euru
831 4208 957 4263 iudicium
977 4216 1081 4278 etpost
1109 4210 1274 4265 decisionem
1295 4207 1364 4259 dam-
