3017 4892
601 329 812 403 sustollit.
872 374 886 396 s
1182 330 1256 408 189

151 495 212 579 τήν
232 496 294 559 τών
318 498 585 580 πορπολουμένων
610 490 690 582 άλην
720 493 1029 580 παρασκευάζοντος.
1069 494 1255 577 κατομαλά..

151 602 206 676 ξαν
228 599 263 661 δὲ
283 596 454 681 βουληθείς
491 593 508 659 ὅ
527 595 680 681 βασιλεὺς
710 594 765 681 τήν
783 599 841 661 τοῦ
862 596 1032 680 βαρβάρου
1054 594 1251 684 θρασύτητα,

149 702 269 780 πέμπει
297 696 397 786 τοάτηι
424 698 481 781 τήν
498 700 595 782 ¹idt'otv
612 707 747 782 γυναῖκα
786 695 865 779 μετά
897 702 958 763 τών
987 693 1113 765 παίδων
1140 702 1253 765 ον’τοῠ.

148 803 390 881 μεταπέμπεται
413 799 522 864 δὲκαὶ
542 799 617 875 τοὺς
644 799 805 882 Τοάρκοος
829 800 1012 885 λαθραίως,
1032 794 1094 884 ήδη
1114 802 1153 886 τῇ
1166 794 1254 864 Ῥω-

119 911 139 965 5
147 906 256 983 μαιάν
275 900 513 987 προσβαλόντας
537 900 729 991 ε’πικραιείρι,
750 904 807 965 καί
826 907 956 975 πολλοῖς
972 898 1166 985 δποσχὲσεσι
1182 905 1264 966 neda
1338 926 1341 931 ’

148 1006 204 1067 θεν
226 1005 268 1091 τιή
292 1002 461 1091 Ῥουσελίρι
490 1004 779 1083 α’νταγωνάσασθαιε
814 1000 832 1065 o‘
861 1004 896 1065 δὲ
911 1001 1090 1080 Ῥοοσέλιος
1111 997 1192 1087 άρος
1218 1006 1254 1070 ἐκ

151 1102 390 1187 Χροσοπάλεως
417 1106 462 1179 εἰς
484 1102 541 1187 τήν
564 1099 782 1186 Νικομήδειαν
803 1102 986 1178 σπουδαίως
1014 1100 1255 1187 διιονεχώρησε.

148 1199 338 1284 βουλεύεται
367 1200 574 1293 τοίνυνκτοάς
597 1201 793 1285 στρατιώτας
825 1205 887 1266 τών
905 1199 1072 1282 Ῥωμαίων
1092 1202 1253 1288 δποιιοιή-

148 1308 273 1371 nactas
305 1308 360 1370 καί
388 1307 433 1381 εἰς
460 1306 579 1388 πλῆθος
609 1305 692 1387 μέγα
718 1304 773 1370 τὸν
806 1308 922 1370 οἰκεῖον
948 1303 1074 1387 σῖγεῖραι
1107 1304 1252 1389 στρατόν.

100 1414 139 1471 10
149 1406 207 1470 καί
228 1403 281 1469 διά
305 1408 395 1471 τοῦτο
420 1408 482 1470 τών
503 1404 628 1486 δεσμῶν
657 1404 821 1489 άπολάσας
854 1402 910 1468 τὸν
930 1392 1096 1489 Καίσαρα,
1119 1404 1174 1470 καὶ
1193 1428 1253 1489 φι-

147 1509 350 1591 λανθρώποις
376 1504 540 1585 δεξιώσεσι
558 1504 615 1579 τὰς
643 1504 752 1588 πρώην
775 1504 926 1579 κακώσεις
955 1501 1044 1587 παρά
1066 1507 1173 1569 πᾶσαν
1195 1508 1279 1570 ,ts-t
1298 1495 1350 1565 ‘20⁷
1362 1526 1386 1566 r.
1422 1496 1426 1503 ’

145 1609 310 1691 ραπεάσας
331 1606 455 1691 ἐλπίδα,
478 1610 611 1687 βασιλέα
627 1608 795 1685 Ῥωμαίων
817 1609 926 1670 τοῦτον
952 1605 1125 1690 α’νίστησιν,
1148 1605 1251 1692 εδφη·

128 1752 130 1759 =
145 1711 237 1787 μιάις
267 1711 324 1772 καί
356 1705 558 1790 παρασήμοις
587 1709 764 1787 βασιλικοῖς
792 1703 828 1768 τό
861 1705 978 1787 κράτος
1007 1705 1091 1790 αὐτῷ
1113 1712 1253 1789 μεγαλα·
1299 1724 1305 1735 ·

134 1810 273 1891 ,πρεπώς
295 1806 642 1890 συγκαταστησάμενος.
684 1807 753 1869 ἐπεὶ
785 1808 821 1869 δὲ
849 1802 928 1887 μετά
957 1802 1015 1888 τήν
1038 1803 1250 1889 ἀναγόρευσιν

102 1921 137 1978 15
147 1902 260 1973 κου’του
283 1906 410 1990 ἅγγελιά
442 1931 488 1982 τις
509 1907 569 1971 τών
595 1902 742 1990 Τοόρκων
763 1898 871 1980 αδτοῖς
894 1908 1033 1991 εἰιήλθε,
1054 1909 1251 1997 πανστρατιᾷ

146 2008 202 2077 τδν
222 2006 388 2092 λεγόμενον
404 2009 541 2095 Σόφωνα
563 2008 599 2073 τδ
623 2000 697 2094 ὅρος
720 2004 915 2092 ὑπερβάντες
937 2006 1040 2091 α’γχοῦ
1066 2012 1125 2074 τοῦ
1143 2033 1252 2097 φρου-

147 2114 220 2197 ρίου
246 2112 302 2193 τῆς
323 2112 515 2192 Matusalae
543 2108 600 2194 τήν
635 2108 840 2193 παρεμβολήν
869 2104 1068 2191 ἐποιήσαντο.
1121 2116 1185 2174 τών
1213 2112 1250 2175 δὲ
1302 2174 1309 2191 ,

146 2213 270 2275 σκοπάν
307 2208 563 2293 ἀπαγγειλάντων
594 2205 637 2284 aia
668 2232 749 2283 τινες
779 2212 941 2289 πολέμιοι,
966 2210 1007 2271 ου’
1032 2211 1160 2286 πλείους
1186 2211 1249 2275 τών

145 2315 234 2377 πέντε
259 2304 280 2394 ή
301 2312 334 2390 ἓξ
353 2312 520 2394 χιλιάδων,
545 2312 655 2385 ου’τοῖς
672 2308 885 2396 ἐπεφάνησαν,
907 2306 1010 2385 eddela
1033 2308 1251 2387 δῬοοσέλιος

101 2410 181 2485 γοοδ
204 2408 350 2477 ἐνυάλιον
375 2412 533 2491 α’λαλάξαι
555 2416 763 2495 προσέταττε,
786 2414 841 2495 κατ’
860 2408 894 2476 τὸ
918 2408 1142 2495 στρατιωτικὸν
1163 2404 1249 2477 άπατ

147 2510 297 2593 ε’ξώπλιζε
321 2509 402 2597 πρὸς
433 2512 487 2578 τὸν
511 2513 658 2595 πόλεμον.
706 2506 789 2607 η’σαν
821 2514 856 2577 δὲ
879 2511 995 2587 πάντες
1016 2508 1047 2576 οἱ
1065 2510 1166 2603 ταύτην
1187 2538 1249 2579 σν-

146 2612 389 2698 στρατεοόμενοι
411 2610 553 2700 Φράγγοι
575 2608 759 2680 ἑπτακόσιοι
780 2613 835 2678 καὶ
863 2616 1031 2697 δισχιλιολ·
1055 2616 1161 2688 ου’δείς
1183 2612 1247 2697 γάρ

146 2710 190 2779 ἔτι
210 2718 273 2780 τών
297 2714 466 2797 Ῥωμαίων
492 2718 600 2792 ου’τοῖς
632 2712 815 2802 προσερράη
848 2710 902 2779 διά
925 2713 960 2780 τὸ
982 2712 1040 2799 τήν
1062 2710 1172 2801 φήμην
1193 2717 1248 2797 τής

218 2880 242 2932 1.
263 2882 517 2954 παρασκευάζοντα
535 2879 565 2935 G.

148 3029 250 3094 liberis,
269 3031 382 3083 arcessit
401 3032 479 3083 etiam
499 3030 595 3083 luccas
617 3029 683 3081 clam
702 3030 753 3081 iam
767 3027 928 3082 Graecorum
947 3027 1112 3095 provinciam
1130 3040 1245 3096 aggres.

148 3118 190 3156 sos
210 3110 237 3154 et
254 3102 344 3157 multis
363 3104 500 3171 promissis
519 3102 661 3172 persuadet
679 3110 708 3153 ut
728 3100 839 3154 llnselio
858 3102 1072 3152 adversarentur.
1120 3098 1245 3152 Ruselias
1282 3131 1297 3169 γ

147 3184 233 3227 autem
252 3183 338 3227 castra
357 3173 468 3228 mouens
488 3174 649 3242 chrysopoli
667 3173 849 3227 Nicomediam
872 3172 992 3224 studiose
1010 3172 1139 3223 recessit:
1159 3170 1247 3222 studet

147 3247 228 3315 igitur
250 3246 352 3299 milites
373 3248 532 3301 Graecorum
561 3246 612 3299 sibi
638 3246 785 3318 conciliare
811 3243 886 3296 etad
911 3243 1105 3295 multitudinem
1122 3256 1245 3310 magnam

148 3333 220 3371 suum
239 3333 337 3387 cogere
359 3321 519 3372 exercitum:
534 3326 619 3387 ‚atque
638 3318 698 3370 idco
718 3316 834 3370 vinculis
858 3316 968 3368 solvens
988 3316 1128 3370 Gaesarem
1149 3321 1175 3365 et
1192 3312 1244 3384 bc-¹

147 3390 234 3455 nignis
253 3392 345 3456 gratiis
364 3393 468 3459 priores
494 3392 604 3443 iniurias
630 3398 735 3457 praeter
760 3404 864 3440 omnem
883 3404 957 3455 spcm
983 3387 1132 3455 corrigens,
1152 3400 1244 3453 regern

149 3460 307 3513 Graecorum
327 3462 398 3513 hunc
416 3464 533 3514 restituit
552 3460 755 3513 salutationibus
784 3469 811 3511 et
827 3460 977 3529 insignibus
995 3460 1079 3527 regiis
1097 3458 1243 3526 potentiam

149 3533 173 3582 ei
190 3532 331 3597 magnifice
350 3534 523 3584 constituens.
562 3548 621 3582 cum
639 3540 725 3583 autem
740 3539 802 3596 post
816 3531 1023 3584 declarationem
1037 3530 1116 3582 huius
1134 3529 1243 3580 nuntius

148 3600 286 3652 Turcarum
305 3602 337 3653 iis
356 3604 505 3665 afferretur,
524 3611 580 3652 toto
599 3617 657 3651 cum
677 3599 798 3652 exercitu
815 3600 968 3667 Sophoncm
986 3604 1032 3669 qui
1050 3602 1146 3652 dicitur
1163 3614 1244 3650 mou·
1271 3627 1294 3672 s

147 3680 197 3723 tem
215 3675 375 3740 transgressi
394 3686 478 3739 prope
497 3671 635 3724 castellum
645 3669 797 3723 dietabolen
815 3680 901 3722 castra
919 3678 1074 3738 posuerunt.
1112 3669 1243 3737 quodcum

148 3742 328 3810 speculatores
346 3745 522 3807 nuntiassent,
537 3742 627 3793 hostes
642 3739 796 3803 nonnullos,
815 3756 870 3791 non
886 3741 977 3807 plures
996 3742 1113 3809 quinque
1131 3748 1177 3800 aut
1193 3754 1243 3792 sex

148 3814 253 3867 milibus
272 3815 324 3867 sibi
343 3816 508 3883 apparuisse,
528 3814 614 3867 statim
633 3810 759 3864 liuselius
778 3811 921 3864 clamorem
939 3812 1067 3865 bellicum
1084 3810 1147 3863 tolli
1164 3812 1242 3865 iussit

149 3895 173 3938 ct
192 3889 337 3938 exercitum
357 3888 510 3939 uuiversum
527 3886 560 3937 ad
576 3884 675 3938 bellum
695 3882 849 3949 apparabat.
870 3893 944 3937 crant
963 3893 1050 3936 autem
1069 3898 1177 3947 omnes,
1194 3884 1242 3951 qui

148 3975 203 4011 cum
232 3958 284 4011 hoc
309 3959 474 4024 militarent,
501 3957 595 4011 Franci
623 3957 787 4023 septingenti
814 3965 841 4009 et
870 3955 912 4009 bis
939 3956 1025 4009 mille.
1068 3971 1147 4007 nemo
1171 3947 1242 4006 αἰτίαν

64 4058 66 4061 -
149 4032 279 4083 etiamtum
306 4031 466 4084 Graecorum
493 4032 525 4083 iis
544 4028 707 4092 adduxerat,
734 4028 797 4094 quia
816 4028 885 4080 fama
911 4027 1099 4081 declarationis
1117 4028 1241 4081 Caesaris

81 4128 83 4131 ·
146 4103 259 4163 nondum
276 4102 415 4171 divulgata
434 4111 461 4154 et
479 4102 567 4153 audita
586 4108 643 4153 erat
662 4100 781 4153 Graecis.
819 4116 877 4151 cam
902 4109 989 4152 autem
1007 4101 1158 4153 detinerent
1176 4115 1241 4150 cur·

147 4190 199 4227 aum
219 4183 245 4227 ct
263 4175 363 4247 Caesar
382 4182 409 4225 et
427 4174 532 4242 quidam
550 4172 727 4235 nobiliorum,
746 4179 776 4222 ut
795 4172 868 4224 clare
886 4170 1239 4240 perspicerentfmultitudi.

146 4260 202 4301 uem
221 4247 453 4312 adversariorum,
472 4261 527 4298 non
547 4254 605 4311 est,
629 4242 740 4299 lluselio
768 4242 817 4297 illc
835 4245 888 4310 ait,
908 4243 1061 4312 ferendum,
1082 4260 1171 4299 coram
1189 4258 1241 4299 sex
