3017 4892
502 387 504 392 ,
588 310 797 380 rinnau.
896 248 948 394 A,
1151 288 1251 375 ἐτ

142 486 308 570 τύραννον,
332 477 552 553 πυκνώσαντες
574 473 631 552 τάς
644 475 783 548 α’στιίίας
806 468 836 537 οἱ
857 470 932 557 περὶ
949 472 1004 536 τὸν
1027 471 1174 556 βασιλέα,
1196 466 1252 534 καί
1300 496 1302 563 j

142 582 200 660 τάς
222 579 343 665 αἰχμάς
368 579 616 662 α’ντιστήσαντες,
638 568 722 656 οὕτω
743 573 801 658 την
819 571 936 659 ἔφοδον
955 574 1144 654 ἐξεδέχοντο,
1156 574 1250 675 ’βρα-

145 693 214 770 χείς
232 686 291 766 μὲν
306 675 390 757 ὄντες
412 684 466 744 ταί
480 681 562 763 μηδὲ
583 676 663 760 πρὸς
683 674 716 740 τὸ
741 673 917 741 πολλοστὸν
938 676 991 758 τῆς
1006 675 1126 738 ἐκείνου
1151 695 1251 753 στρα-

79 785 86 790 ’
143 787 216 859 τεᾶς
238 777 466 860 α’τιοσάζυντες,
488 775 517 843 οἱ
541 777 668 853 πλειόυς
692 777 722 840 δ’
743 777 851 841 αὐτῶν
874 773 1126 856 α’πειρσπόλεμοί
1143 775 1250 857 τεκαὶ

117 883 325 965 ὃξάγιιλυδες,
351 882 477 946 πίσυνοι
495 879 534 942 dd
564 880 602 964 τῇ
633 872 878 964 α’ποτειχιζοάση
911 872 1252 962 τάφρφααθεστῶτες

144 982 221 1060 τούς
255 981 432 1057 ἐναντίους·
462 979 647 1063 ’ἀρθέντων
681 970 737 1042 οὖν
766 979 827 1042 τῶν
855 977 993 1060 σημείων
1028 973 1061 1038 αἱ
1092 971 1253 1063 φάλαγγες

146 1082 352 1168 ἀνεφάνησαν
366 1079 557 1166 σεοιχηδόν,
581 1076 615 1142 αἱ
635 1081 695 1159 μὲν
718 1076 994 1164 προπορευάμεναι
1026 1074 1080 1158 τῆς
1113 1073 1254 1138 τίποστα-

146 1186 234 1269 ταιῆς
265 1185 461 1267 παρουσίας,
495 1179 529 1245 αἱ
553 1183 588 1246 δὲ
609 1181 670 1268 τῷν
695 1174 834 1264 κεράτων
855 1177 1061 1263 έξηρτημέναι
1084 1175 1139 1240 καί
1159 1165 1254 1238 ἄλλαι

146 1287 201 1369 τῆς
236 1283 390 1369 οὐραγίας
420 1285 588 1366 ἐχόμεναι,
620 1283 686 1358 ἓωςΛ
710 1276 857 1346 άπέναντι
886 1280 942 1362 τῆς
980 1261 1118 1364 τάφροά
1138 1298 1255 1342 cvnc-

103 1393 138 1446 10
147 1389 302 1470 ταγμένας
341 1386 399 1462 τὰς
442 1384 594 1467 δυνάμεις
627 1379 813 1466 έστὴσαντο.
868 1374 935 1446 εἶτα
964 1380 1054 1462 σιγῆς
1086 1378 1254 1465 γενομένης

148 1485 378 1571 ἀκροβολισμοὶ
409 1483 445 1552 τά
481 1488 607 1568 πρῶτον
643 1487 803 1568 ἐγίνοντο,
836 1479 891 1546 καί
927 1481 1100 1546 πελτασταί
1130 1477 1254 1561 σπορά..

152 1591 205 1663 δες
228 1590 260 1666 ἐξ
281 1579 430 1676 ἑκατέρου
458 1590 578 1670 μέρους
607 1581 753 1666 ἀλληλοις
782 1585 987 1662 συνέπιπτον,
1015 1577 1071 1642 καί
1092 1571 1178 1642 οὕτω
1199 1582 1255 1660 τῆς

148 1691 254 1772 μα’χης
286 1685 366 1750 κατά
388 1685 503 1772 μικρὸν
532 1685 748 1768 άναπτομένης
777 1681 908 1748 ἱππόται
930 1689 997 1758 τοῖς
1022 1681 1081 1744 τοῦ
1099 1681 1256 1761 βασιλέως

149 1789 256 1864 πεζοῖς
285 1793 350 1860 τοῖς
371 1785 458 1862 έκτός
489 1787 544 1850 τοῦ
571 1787 715 1870 χάρακος
746 1783 991 1872 προσπηδησασι
1022 1779 1079 1856 τάς
1097 1781 1255 1869 σαρίσσας

107 1898 140 1952 15
150 1888 316 1971 ἐπέφερον.
368 1879 437 1950 εἶτα
464 1885 562 1972 μοῖρά
585 1909 632 1960 τις
662 1887 884 1968 ἀποτμηθεῖσα
917 1886 972 1948 κατ’
991 1889 1057 1958 τοῖς
1073 1877 1256 1968 Ἀγαρηνσις
1396 1945 1407 1952 c

150 1986 205 2052 εἰιί
227 1988 373 2066 μέτωπον
395 1992 604 2070 προαχθείσα,
626 1989 681 2050 καί
703 1982 796 2064 δόξαν
818 1989 1044 2069 παρασχομένη
1059 1987 1176 2071 φυγῆς,
1199 1988 1256 2070 τῆς

150 2088 269 2160 οἰκείοις
290 2086 431 2162 στάσεως
453 2087 494 2162 (ὃς
515 2085 685 2162 διώκοντας
707 2083 826 2161 αάτοάς
837 2083 1091 2171 μετεστήσατο··
1118 2089 1174 2150 καί
1195 2111 1256 2150 τα-

147 2187 231 2270 χέως
247 2192 497 2272 μεταστρέφουσιν
528 2187 603 2265 τοίις
625 2187 784 2276 ῥυτῆρας,
804 2190 850 2262 είς
880 2190 978 2267 μέσον
998 2189 1128 2264 τούτους
1146 2190 1255 2254 συνέκ·

149 2292 246 2369 λεισε,
270 2285 324 2352 καί
345 2285 440 2374 φόνον
462 2293 581 2356 τούτων
604 2292 660 2355 συίι
678 2292 893 2375 ευάρίθμητον
905 2285 1144 2372 κατειργάσατο.
1186 2289 1259 2352 έπεί

107 2389 186 2456 λθδὲ
209 2391 264 2452 καί
283 2391 329 2465 εἰς
349 2388 406 2474 τήν
426 2392 575 2478 τοιαύτην
589 2393 750 2479 ἐπιφοράν
772 2386 952 2476 ἐποιήσατο,
977 2390 1129 2474 σύνθημα
1148 2392 1256 2474 γέγονε

151 2499 215 2565 τοῖς
230 2485 343 2556 ἑστῶσι
362 2499 620 2577 συντεταγμένοις
635 2493 792 2572 ἀλαλάξαι
807 2495 996 2574 πολεμικῶς,
1014 2487 1070 2556 καί
1080 2488 1257 2556 σαλπισάν-

150 2617 211 2656 των
234 2595 299 2656 ταῖν
320 2599 500 2660 σαλπιστῶν
532 2597 678 2677 ου’τοβοεί
698 2617 729 2659 τε
761 2595 805 2681 τῷ
821 2592 942 2677 χάρακι
965 2595 1172 2677 ἐπιφέρονται
1202 2595 1257 2656 καί

151 2694 263 2759 τοῦτον
287 2692 434 2778 αἱροῦσιν
453 2698 486 2776 ε’·’ξ
508 2696 649 2783 ἐφόδου,
673 2693 965 2780 περιστοιχίσαντες
988 2693 1077 2777 δίκην
1096 2694 1279 2776 μελισσάν,
1322 2765 1329 2781 ,-

226 2856 252 2910 5.
273 2853 455 2934 decurrisse?
562 2857 606 2910 20.
627 2857 679 2928 εἰς]
701 2872 735 2910 au
754 2854 907 2946 ελοαιίθρςλ

152 3028 223 3095 regii
243 3035 271 3078 et
289 3027 413 3094 cuspides
434 3035 527 3080 contra
545 3035 677 3095 tenentes,
698 3031 737 3083 ita
750 3030 877 3097 impetum
897 3028 1076 3096 excipiebant,
1095 3028 1173 3095 pauci
1193 3029 1255 3096 qui.

152 3100 213 3152 dem
232 3108 311 3167 atque
330 3115 365 3150 nc
385 3108 478 3152 contra
497 3101 628 3152 minimam
654 3103 760 3170 quidem
786 3109 888 3169 partem
908 3102 1041 3152 exercitus
1060 3100 1134 3151 illius
1152 3102 1255 3152 servari

153 3171 286 3234 valentes,
307 3171 397 3238 plures
417 3181 504 3224 autem
524 3186 615 3224 eorum
633 3173 700 3225 belli
725 3176 842 3240 imperiti
868 3182 895 3224 et
912 3174 1043 3236 advenae,
1063 3172 1110 3225 sed
1129 3171 1190 3224 freti
1208 3187 1254 3222 ar.

154 3250 231 3294 cente
252 3243 324 3294 lossa
348 3245 483 3296 adstantes
508 3253 600 3296 contra
629 3245 735 3308 bostes3
762 3246 874 3298 sublatis
894 3245 976 3314 igitur
1002 3244 1087 3312 signis
1106 3243 1254 3312 phalanges

154 3323 333 3381 apparuerunt
352 3317 505 3381 instructae,
525 3316 595 3368 aliae
615 3326 773 3369 anteeantcs
793 3319 895 3385 copiam
922 3317 956 3367 ad
974 3316 1155 3368 delectionem
1173 3331 1254 3383 para.

152 3394 214 3448 tarn,
236 3385 307 3437 aliae
326 3389 484 3440 coniunctae
504 3405 564 3442 cum
583 3390 723 3453 cornibus,
745 3398 772 3440 et
788 3389 859 3441 aliae
878 3389 978 3440 ultimis
997 3388 1184 3449 adhaerentes,
1203 3387 1254 3438 do.

152 3471 203 3506 nec
231 3465 292 3506 ante
319 3458 414 3509 lessam
442 3461 583 3512 instructas
614 3463 686 3513 vires
711 3463 921 3526 constituerunt,
947 3470 1001 3512 turn
1026 3459 1136 3512 silentiu
1160 3467 1253 3509 coorto

153 3541 259 3595 pugnae
279 3529 380 3578 eminus
399 3531 534 3582 institutae
554 3534 665 3598 primum
685 3534 799 3596 fiebant,
827 3545 853 3585 ct
871 3530 1003 3600 peltastae
1022 3532 1107 3600 sparsi
1127 3546 1161 3581 ex
1179 3539 1254 3582 utra-

154 3611 205 3663 que
225 3603 300 3661 parte
320 3612 349 3646 se
368 3599 483 3650 invicem
502 3604 739 3668 aggrediebantur,
762 3613 847 3671 atque¹
860 3607 899 3656 sic
919 3620 977 3655 curn
996 3618 1085 3671 pugna
1104 3617 1191 3668 paene
1209 3604 1253 3652 in.

155 3667 322 3730 conderetur,
344 3669 447 3735 equites
466 3671 599 3734 peditibus
618 3676 691 3740 regis
718 3683 792 3724 extra
815 3674 915 3724 vallum
935 3674 1052 3740 egressis
1079 3672 1189 3722 sarissas
1208 3673 1253 3722 in.

154 3738 284 3802 ferebant,
306 3747 360 3789 tum
379 3753 442 3805 pars
467 3742 594 3807 quaedam
620 3743 706 3794 divisa
733 3752 760 3794 et
777 3743 909 3811 Agarenis
933 3745 959 3792 in
986 3742 1073 3792 fronte
1098 3743 1209 3794 adducta
1227 3751 1254 3794 et

154 3810 272 3878 speciem
290 3811 421 3877 praebens
442 3811 522 3879 lugae
542 3813 663 3865 internae
683 3814 822 3865 seditionis
842 3814 917 3882 quasi
937 3821 1064 3881 urgentes
1085 3829 1130 3864 cos
1149 3816 1252 3867 consti.

153 3883 213 3944 tuit,
234 3890 260 3933 et
279 3882 406 3934 celeriter
426 3892 532 3936 vertens
553 3884 629 3936 irena
654 3884 755 3938 medios
784 3884 833 3937 bos
852 3885 970 3948 inclusit,
990 3893 1017 3935 et
1032 3886 1140 3938 eaedem
1159 3885 1252 3938 borum

153 3953 372 4006 innumerabilem
393 3955 518 4007 confecit.
557 3973 615 4008 cum
635 3965 721 4008 autem
742 3958 871 4010 etiamad
891 3956 961 4007 bunc
979 3953 1059 4008 talem
1079 3958 1204 4024 impetum
1223 3975 1253 4010 se

152 4026 321 4092 accingeret,
349 4027 559 4094 signum'datum
588 4037 628 4081 est
653 4030 789 4082 instructis
815 4030 860 4098 qui
887 4028 1024 4080 adstabant
1053 4037 1082 4079 ut
1107 4029 1253 4082 clamarent

152 4094 260 4146 militari
279 4098 355 4148 modo
374 4107 400 4149 ct
419 4113 477 4148 cum
492 4101 652 4154 cecinissent
670 4101 858 4154 buccinatores
877 4102 961 4168 primo
974 4097 1091 4152 clanrorc
1110 4101 1184 4152 uallo
1203 4103 1252 4154 ad.

153 4166 290 4218 ieruntur:
310 4177 389 4238 atque
410 4169 460 4220 bec
480 4169 578 4222 tollunt
596 4175 680 4239 primo
698 4176 798 4241 impetu
818 4175 956 4241 cingentes
976 4173 1064 4240 apium
1076 4175 1158 4226 instar
1177 4189 1250 4225 sum-

153 4253 222 4292 num
241 4255 359 4314 murum,
387 4249 414 4294 ct
432 4243 547 4310 ingrcssi
573 4247 643 4298 intus
667 4245 766 4302 multos
790 4245 921 4302 necabant
946 4254 973 4298 ct
992 4244 1129 4302 calcabant
1149 4259 1250 4308 rerum,
