3017 4892
513 296 920 419 ¹otmemtt-⁴
1178 337 1288 419 tto·

115 582 127 605 ι
146 510 235 587 ’στας
254 504 395 595 έβόδιζε,
418 510 475 584 καί
495 509 531 576 τό
558 514 644 593 δέμο
657 513 721 577 τῶν
737 506 958 596 Ἀρμενιακῶν
980 510 1170 593 καταλαβών
1187 520 1253 590 τοῖς

116 614 316 697 ’προτέροις
345 612 447 679 ον’τού
472 610 622 695 κόστροις
644 616 699 679 καί
725 606 823 690 αὖθις
846 614 1052 698 ἀποκατέστη,
1075 611 1130 677 καί
1151 608 1254 689 ούτως
1331 677 1334 683 Α

148 710 307 797 ἐκδρομὰς
330 714 408 779 κατὰ
433 716 496 781 τῶν
523 715 670 798 Τοόρκων
686 709 875 794 ποιούμενος
894 714 1038 798 οἷπεῖρξεν
1059 711 1176 789 αύτούς
1197 716 1255 782 τού

149 817 195 903 τῷ
217 812 348 902 τοιούτῳ
380 818 498 896 θόματι
526 814 737 897 προσβάλλειν
768 820 824 881 καί
851 821 1030 895 πολεμικοῖς
1055 812 1255 900 περιβάλλειν

123 922 270 991 exausta
292 916 309 979 ό
330 917 365 981 δὲ
383 916 534 999 βασιλεύς
549 920 751 1000 θυμομαχῶν
765 922 834 981 κατ’
848 916 950 981 αύτού
972 916 1176 999 ἔξύποβολῆς
1197 918 1256 979 τού

152 1018 386 1099 προρρηθέντσς
418 1014 582 1101 εύνούχοο
602 1019 660 1081 τού
688 1017 898 1103 Νικηφόροο,
935 1026 1104 1105 προῃρεῖτο
1131 1016 1254 1095 μύλλοι

143 1113 226 1192 ,τούς
259 1114 419 1197 Τούρκους
450 1116 489 1180 τό
517 1116 688 1200 Ῥωμαίων
722 1116 806 1201 ἔχειν
835 1121 891 1182 καί
916 1112 1004 1200 όγειν
1035 1111 1205 1200 πρόγμοιτα
1231 1109 1254 1198 ἢ

152 1214 208 1279 τόν
237 1222 378 1283 Λατῖνον
407 1219 518 1283 τοῦτον
543 1206 577 1284 ἒν
605 1214 654 1283 ἑνί
682 1217 769 1307 τόπῳ
796 1223 975 1303 χωρεῖσθαι
1007 1220 1062 1282 καί
1085 1216 1255 1297 ’ύπείργειν
1316 1270 1319 1275 .

152 1315 209 1393 τὰς
230 1318 355 1382 ἐκείνων
378 1317 563 1401 ε’πιδρομός.
607 1318 661 1384 διὰ
688 1324 780 1386 τούτο
809 1324 865 1384 καί
885 1320 1004 1395 πολλός
1027 1313 1176 1401 μηχανύς
1198 1320 1255 1381 καί

108 1418 341 1501 Ιδσονθηματα
367 1422 422 1484 καί
456 1418 645 1504 ὑποσχέσεις
676 1427 741 1495 τοῖς
778 1417 929 1503 Τούρκοις
955 1399 1052 1498 δοόςι,
1084 1420 1114 1482 εἰ
1141 1418 1253 1480 τοῦτον

151 1514 331 1599 ποιήσοιντο
360 1522 448 1608 αύτῷ
467 1518 667 1603 ὑποχείριον,
696 1524 894 1597 ἐξαπέστειλε
923 1522 984 1583 τῶν
1017 1520 1051 1580 έν
1080 1516 1255 1596 ύπερσχαῖς

151 1616 342 1699 ἀξιωμάτων
370 1621 436 1699 ἕνα,
459 1617 657 1701 στρατιώτην
678 1624 738 1699 μὲν
763 1609 851 1697 όντο,
878 1619 948 1682 νέον
977 1619 1012 1680 δὲ
1040 1615 1096 1698 την
1130 1613 1255 1696 ἡλικίαν

152 1719 207 1783 καί
228 1720 413 1803 φρονήσεως
427 1720 482 1781 καί
504 1718 636 1801 όνδρίας
653 1716 781 1791 ούδενός
796 1718 981 1798 ἀποδέοντα,
1002 1718 1138 1793 Ἀλέξων
1160 1714 1256 1796 πρόε-

154 1819 229 1900 δρον
254 1816 309 1881 τόν
333 1818 514 1901 Κομνηνόν·
567 1815 601 1893 ὃς
626 1815 659 1883 έν
676 1822 720 1903 τῷ
742 1810 833 1882 ύιστει
861 1819 916 1899 τῆς
937 1818 1106 1899 Ἀμασειλις
1127 1813 1256 1898 γενόμε.

110 1934 143 1987 15
155 1939 206 1992 νος
229 1915 417 2001 ἐκαραδόκει
439 1915 472 1982 τό
496 1919 621 1997 μέλλον.
673 1914 688 1979 ό
712 1919 746 1981 δὲ
765 1917 941 1991 Ῥοοσέλιος
969 1920 1078 2001 φιλίας
1101 1919 1156 1980 καί
1177 1938 1256 1979 σνν-

63 2036 67 2043 ·
153 2016 256 2103 θήκας
289 2015 370 2099 μετύ
392 2020 449 2081 τού
467 2021 531 2082 τῶν
559 2019 705 2101 Τούρκων
738 2016 925 2102 ἐξάρχοντος
949 2016 1257 2101 ποιησόμενος,σο-

69 2135 75 2141 “
154 2120 251 2201 oditis
273 2114 397 2192 τούτοις
420 2120 570 2195 πολλάκις
592 2122 788 2201 ἑψιλωμόνος
812 2119 1025 2202 στρατιωτῶν.
1082 2119 1116 2180 ἐν
1135 2119 1196 2205 μιᾷ
1220 2119 1256 2180 δέ

53 2295 60 2301 ‚
152 2213 339 2291 σύνδειπνος
368 2217 491 2294 τούτοις
520 2217 673 2303 ύποίρχων
704 2216 877 2301 ἐπιβουλὴν
907 2218 1027 2300 ύπέστη
1061 2212 1182 2300 δεινήν·
1225 2211 1256 2280 οἱ

117 2345 124 2351 ·
153 2315 215 2401 γόρ
243 2321 376 2401 Τούρκοι
396 2321 502 2385 πᾶσαν
525 2323 636 2407 φιλίαν
659 2317 862 2405 προδιδόντες
887 2315 1077 2402 χρημάτων,
1099 2318 1256 2400 κατέσχον

109 2406 257 2487 tondant
277 2418 333 2481 καί
353 2419 517 2505 δεσμώτην
538 2422 724 2502 ἀ’πὲδειξαν,
748 2423 956 2504 παράγγελμα
978 2417 1112 2500 νόμιμον
1134 2416 1258 2500 ἔχοντες

153 2516 187 2583 τό
213 2516 286 2593 τούς
306 2519 483 2601 Ῥωμαίους
504 2523 630 2586 aaaron
659 2524 713 2585 καί
736 2522 886 2608 σφάττειν
917 2524 971 2586 καί
994 2520 1182 2603 προδιδόναι
1203 2516 1259 2583 καί
1350 2593 1354 2603 Ι

61 2638 65 2641 ·
154 2616 196 2701 μη
222 2619 361 2685 δεδιέναι
383 2614 486 2702 ύρκον,
507 2616 580 2687 ὅσον
601 2621 635 2685 τό
660 2629 729 2686 κατ’
753 2620 879 2697 αύτούς.
903 2626 957 2686 καί
978 2616 995 2682 ό
1015 2624 1074 2703 μὲν
1095 2620 1258 2699 κατείχετο

156 2718 317 2804 δεσμώτης
338 2720 462 2807 αὐτοῖς,
482 2721 497 2787 ὁ
518 2724 552 2787 δὲ
577 2720 730 2807 πρόεδρος
758 2723 897 2800 Ἀλέξιος
923 2715 1179 2806 ἐπραγματεύετο
1202 2714 1256 2782 διοὶ

156 3025 285 3079 militibus
314 3035 340 3079 et
365 3040 449 3079 uxore
475 3034 501 3079 et
519 3025 610 3080 liberis
637 3034 662 3079 et
680 3026 890 3091 suis,·mediam
914 3041 962 3093 per
986 3033 1084 3076 terram
1108 3024 1255 3091 intrepidus

157 3098 327 3166 procedebat,
348 3108 374 3151 et
394 3100 533 3167 provincia
550 3100 708 3153 Armeniaca
729 3106 839 3166 recepta
864 3098 953 3165 priora
972 3105 1058 3149 castra
1076 3110 1166 3148 rursus
1186 3096 1256 3146 reli.

157 3172 228 3238 quit:
249 3179 328 3238 atque
347 3172 386 3223 sic
405 3173 572 3224 incursiones
592 3180 684 3223 contra
703 3170 799 3223 Turcas
818 3171 920 3221 faciens
939 3170 1026 3221 arcuit
1046 3182 1102 3233 eos,
1120 3181 1155 3217 ue
1175 3164 1256 3217 talem

156 3243 321 3311 provinciam
340 3244 551 3311 aggrederentur
565 3252 590 3295 et
605 3243 713 3295 bellicis
733 3243 927 3294 circumdarent
941 3240 1035 3293 melisa
1053 3240 1101 3292 sed
1118 3254 1167 3291 rex
1185 3252 1257 3305 pug-
1276 3263 1298 3311 γ

155 3321 208 3367 nat
227 3322 318 3365 eontra
338 3330 396 3367 eum
416 3315 529 3368 consilio
549 3324 627 3367 antea
647 3316 843 3367 commemorati
862 3312 1006 3381 Nicephori
1029 3311 1143 3363 malebat
1159 3311 1257 3362 Turcus

157 3386 316 3439 Graecorum
337 3395 433 3439 terram
451 3396 544 3439 tenere
563 3405 705 3455 rerumque
723 3388 805 3455 potiri
830 3402 907 3454 quam
926 3386 1045 3437 Latinum
1067 3384 1136 3435 hunc
1155 3384 1182 3433 in
1202 3393 1255 3431 uno

156 3460 217 3509 loco
237 3458 321 3522 recipi
342 3466 368 3509 et
387 3473 479 3509 arcere
497 3460 605 3511 illorum
622 3463 745 3526 impetus.
784 3466 926 3526 propterea
946 3460 1024 3510 etiam
1043 3455 1125 3507 multa
1144 3452 1257 3505 artificia
1324 3472 1326 3477 ·

158 3538 185 3580 et
203 3534 280 3593 pacta
300 3535 326 3577 ct
351 3530 480 3594 promissa
498 3530 588 3582 'lurcis
608 3532 698 3594 dedit,
724 3532 746 3581 si
775 3530 846 3581 hunc
871 3531 1013 3582 redderent
1031 3528 1082 3581 sibi
1101 3524 1255 3586 obnoxium,

158 3607 184 3650 et
202 3599 274 3648 misit
291 3598 445 3665 dignitatum
464 3601 634 3651 maximarum
646 3602 785 3668 quendam,
806 3601 916 3651 militem
927 3601 1043 3667 quidem,
1061 3600 1186 3649 iuvenem
1204 3611 1256 3661 qu-

157 3679 210 3721 tem
230 3675 317 3735 aetate
333 3676 360 3719 et
375 3668 555 3735 intelligentia
569 3678 648 3736 atque
662 3670 817 3721 fortitudine
830 3672 937 3719 nemine
948 3670 1112 3731 inferiorem,
1131 3667 1256 3718 Alexium

160 3742 321 3795 Comncnum
340 3739 503 3806 praesidem:
525 3743 570 3808 qui
590 3741 705 3807 quidem,
725 3748 863 3807 postquam
879 3740 1011 3791 Amasiam
1030 3738 1120 3788 urbem
1138 3737 1255 3801 advenit,

159 3814 273 3865 futurum
294 3810 472 3877 exspectabat.
493 3811 619 3864 Ruselius
638 3820 725 3863 autem
745 3820 883 3879 postquam
897 3812 1037 3861 amicitiam
1058 3817 1084 3860 et
1102 3817 1179 3876 pacta
1198 3824 1258 3859 cum

158 3884 298 3937 Turcarum
325 3885 483 3950 imperatore
508 3885 610 3948 iunxit,
636 3900 717 3951 saepe
745 3885 820 3934 venit
845 3884 877 3934 ad
897 3883 964 3946 hos,
984 3881 1094 3932 nudatus
1114 3879 1256 3933 militibusa

159 3955 300 4025 aliquando
320 3964 407 4007 autem
433 3970 491 4005 cum
510 3956 578 4021 apud
605 3972 651 4007 eos
671 3956 825 4023 epularetur
844 3956 955 4005 iusidias
984 3952 1064 4005 subiit
1083 3953 1168 4004 dirasr
1187 3951 1255 4005 Tur.

159 4044 205 4078 cae
225 4028 310 4090 enim,
331 4026 375 4094 qui
395 4040 498 4077 omnem
518 4028 659 4079 amicitiam
680 4027 856 4094 prodidissent
877 4027 1013 4093 pecuniis,
1042 4032 1171 4093 oeperunt
1196 4041 1256 4076 eum

160 4108 185 4151 et
204 4100 321 4151 vinctum
341 4098 520 4163 reddiderunt,
540 4101 687 4151 mandatum
713 4101 838 4150 usitatum
857 4099 995 4161 babentes,
1025 4104 1052 4147 ut
1072 4095 1187 4149 Graecos
1206 4097 1256 4147 de.

160 4174 280 4239 ciperent
305 4178 331 4222 et
357 4170 520 4222 trucidarent
551 4180 577 4221 ot
602 4170 745 4238 proderent
768 4187 856 4241 neque
884 4177 1042 4224 vererentur
1066 4167 1256 4231 iusiurandum,

161 4251 283 4311 quantum
303 4243 334 4295 ad
354 4256 400 4294 eos
420 4242 586 4310 pertinebat:
606 4251 685 4313 atque
704 4243 748 4296 hic
767 4244 874 4312 quidem
893 4240 1056 4318 retinebatur
1075 4241 1195 4310 captivas
1213 4237 1257 4307 iis,
