3017 4892
514 398 518 407 s
592 356 802 439 mollin.
950 460 957 467 .
1003 358 1006 368 '
1174 350 1245 426 163

148 526 253 590 δπνιιυν
266 523 554 607 ἐπαναστρέφοντες
569 521 613 605 μή
626 523 706 587 έδεῖν
727 520 784 587 τόν
793 521 939 602 βασιλέα,
952 521 987 585 τί
1001 520 1141 602 γέγονεν,
1164 522 1248 603 ἐρω-

146 625 281 706 τύμτνοι
300 624 519 704 α’πεκρίναντο.
565 628 622 687 καί
652 614 692 706 ήν
715 619 844 704 σεισμός
873 611 937 695 νέος
959 620 1016 684 καί
1037 617 1175 704 δδυρμδς
1193 621 1250 683 καί

147 721 242 801 πόνος
262 726 318 789 καί
339 722 440 809 φόβος
461 722 625 809 οἷκίχητος,
647 720 703 787 καί
724 722 744 806 ή
765 719 851 798 κόνις
866 722 1021 805 αἰθέριος,
1042 720 1098 785 καί
1109 723 1197 795 τέλος
1217 715 1249 782 οἶ

151 828 288 909 Τούρκοι
318 821 519 906 πανταχόθεν
540 819 617 906 ήμίν
639 828 869 909 περιρρέοντες.
921 816 998 919 όθεν
1027 826 1082 886 καί
1102 816 1145 895 σός
1166 812 1250 901 εἶχεν

122 927 278 1001 δέκαστος
297 918 434 1010 όρμήςή
453 927 596 1007 σπουδής
610 918 633 1008 ή
647 928 772 1007 ι’σχύος,
792 927 880 1011 φυγῇ
891 924 948 1009 τήν
960 920 1076 988 ἑαυτοῦ
1089 918 1248 1005 σωτηρίαν

148 1029 342 1091 ἐπίστευσεν.
386 1022 415 1088 οἱ
430 1027 458 1089 δ’
476 1027 612 1091 ἐναντίοι
626 1026 768 1090 ’κατόπιν
789 1022 956 1101 δισέκοντες
970 1021 1026 1102 silc
1043 1025 1101 1105 μὲν
1124 1024 1249 1085 α’νεῑλαν

149 1124 206 1204 ούς
233 1129 269 1191 δέ
299 1130 417 1215 ζωγρίᾳ
448 1118 553 1210 εἷλον,
587 1122 716 1211 ἑτέρους
742 1128 778 1192 δὲ
814 1125 1025 1193 συνεπάτουν.
1075 1121 1130 1188 καί
1154 1114 1193 1203 ήν
1214 1118 1250 1185 τό
1342 1138 1376 1189 .’

148 1230 281 1311 πρᾶγμα
302 1225 374 1292 λίαν
393 1228 556 1293 ἐπώδυνον
577 1226 632 1292 καί
650 1228 753 1293 πάντα
767 1230 886 1312 θρῆνον
904 1222 1105 1311 ύπερβύλλον
1126 1221 1180 1287 καί
1195 1246 1250 1286 κο-

148 1324 253 1394 πετόν.
296 1333 329 1393 τί
345 1328 406 1411 γοὶρ
431 1327 640 1413 ἐλεεινότερον
668 1332 727 1394 τού
746 1326 960 1420 στρατόπεδον
983 1322 1068 1391 ἅπαν
1088 1323 1250 1409 βασιλικόν

106 1440 140 1493 10
150 1434 237 1515 φυγῇ
261 1434 317 1494 καί
337 1425 413 1518 ήττη
434 1430 520 1512 παρὰ
550 1429 724 1516 βαρβάρων
748 1425 974 1514 ἐπανθραίπων
1005 1432 1061 1492 καί
1080 1424 1251 1507 α’ποτόμων

149 1529 360 1613 ἐλαύνεσθαι,
382 1534 437 1595 καί
462 1529 514 1595 τόν
542 1536 678 1612 βασιλέα
698 1537 907 1616 βαρβαρικοῖς
937 1524 1045 1602 ὅπλοις
1072 1526 1251 1611 ἀβοήθητον

37 1642 45 1650 ’
150 1632 437 1714 περιεστοιχίσθαι,
458 1635 513 1697 καί
532 1631 590 1705 τοὶς
610 1629 932 1714 βασιλείους-σκηνὰς
955 1632 1009 1691 καί
1025 1626 1082 1705 τός
1103 1625 1251 1711 ήγεμονι-

149 1732 208 1804 κάς
231 1728 300 1810 ἅμα
317 1733 372 1795 καί
390 1730 621 1816 στρατιωτικός
637 1730 699 1795 rimi
722 1728 870 1795 τοιούτων
886 1731 1012 1815 α’νδροόν
1032 1728 1251 1813 πορνεύεσθαι,

151 1832 207 1893 καί
228 1822 313 1894 όπαν
336 1830 512 1896 α’νόστατον
525 1826 560 1895 τό
577 1828 757 1913 ,Ῥωμαϊκὸν
778 1834 992 1914 καθορᾶσθαι,
1016 1828 1072 1894 καί
1084 1832 1252 1912 βασιλείαν

109 1932 186 1996 15ἐν
207 1934 326 2013 αἰιαρεῑ
349 1940 510 1995 κατανοεῖν
531 1934 768 2013 συμπεσούσαν.
846 1992 850 2000 ,
922 1999 928 2009 ,

251 2034 324 2097 Καί
340 2032 380 2096 τὰ
400 2035 459 2113 μὲν
486 2036 545 2097 τού
573 2036 688 2097 λοιποῦ
717 2031 859 2117 πλήθους
889 2038 923 2099 ἐν
950 2032 1094 2110 τούτοις·
1136 2034 1191 2098 τὸν
1216 2036 1251 2098 δέ

151 2137 287 2215 βασιλέα
305 2135 597 2217 περιστοιχίσαντος
627 2131 657 2197 οῖ
690 2138 837 2215 πολέμιοι
867 2134 924 2198 orire
946 2134 1134 2218 εὐχείρωτον
1155 2132 1251 2217 ἔσχον
1313 2137 1325 2154 ‘

151 2233 261 2320 εύθύς,
284 2233 353 2298 αλλ’
375 2226 433 2297 ἅτε
454 2232 652 2319 στρατιώτης
667 2226 724 2298 καί
734 2238 906 2319 πολεμικῆς
926 2233 1090 2319 ἐμπειρίας
1113 2234 1252 2319 αἰδήμων
1317 2310 1320 2320 Ι

152 2337 207 2398 καί
228 2334 386 2410 κινδύνοις
407 2337 645 2418 προσομιλήσας
667 2340 806 2417 πολλοῖς,
831 2336 990 2420 καρτεραῖς
1012 2331 1155 2418 ἠμύνατο
1176 2334 1251 2410 τούς

107 2441 142 2495 2⁰
151 2433 423 2518 προσπίπτοντας,
454 2436 510 2500 καί
533 2436 670 2512 πολλούς
700 2435 820 2503 α’νελιόν
844 2440 930 2511 τέλος
958 2437 1077 2521 ἐπλήγη
1097 2434 1251 2526 φασγάνῳ
1297 2482 1302 2487 -

150 2537 206 2621 τήν
222 2546 339 2621 χεῖρα,
372 2542 431 2602 τού
455 2562 489 2602 τε
517 2536 614 2602 ἵππου
644 2543 751 2619 βέλεσι
771 2544 1069 2613 κατακοντισθέντος
1100 2541 1135 2603 ἐκ
1156 2536 1252 2613 ποδός

150 2639 333 2723 μαχόμενος
360 2638 481 2705 ἵστατο.
525 2638 691 2721 νομόνδ’
715 2634 801 2722 ὅμως
832 2638 912 2723 πρός
935 2636 1073 2725 ἓσπέραν
1091 2638 1253 2719 ἁλώσιμος

152 2742 206 2803 καί
224 2738 432 2824 ύπόσπονδος,
454 2744 518 2827 φεύ
538 2746 597 2806 τού
618 2738 752 2823 πόθους,
773 2743 905 2825 ἐγένετο.
949 2745 1005 2805 καί
1026 2744 1064 2827 τῇ
1086 2742 1145 2821 μέν
1164 2736 1255 2803 νυκτί
1341 2746 1348 2755 “

154 3044 333 3111 εροαδοτααττ
361 3050 442 3112 atque
467 3052 524 3097 erat
547 3043 712 3111 perturbatio
738 3028 864 3113 tanquam
890 3052 917 3095 et
939 3041 1057 3095 ululatus
1085 3050 1111 3095 et
1128 3041 1205 3094 labor
1227 3049 1254 3095 et

154 3116 217 3184 fuga
244 3116 350 3183 rapida:
376 3114 467 3183 pulvis
492 3118 524 3169 ad
561 3115 665 3167 coelum
692 3111 855 3181 tollebatur,
869 3123 963 3183 ,atque
992 3122 1127 3181 postremo
1153 3114 1254 3180 l'urcae

153 3188 269 3255 undique
288 3186 366 3239 nobis
386 3186 621 3239 circumfluebant:
651 3188 821 3257 quamobrem
847 3188 925 3239 etiam
951 3188 1062 3254 quisque
1081 3202 1129 3253 pru
1151 3185 1255 3239 viribus

152 3257 198 3309 vel
218 3258 357 3310 celeritate
376 3260 422 3313 vel
442 3260 536 3327 opibus
559 3261 640 3329 fugae
658 3260 772 3313 sulutem
791 3259 993 3311 commendavit.
1041 3259 1131 3310 hostes
1150 3272 1216 3311 vero
1238 3274 1255 3309 a

152 3336 229 3397 tergo
247 3331 421 3397 insequentes
439 3331 508 3383 alios
532 3331 736 3397 interfecerunt,
755 3332 823 3383 alios
849 3332 928 3385 vivos
950 3338 1088 3397 ceperunt,
1107 3329 1176 3381 alios
1195 3329 1254 3381 cal.

99 3398 112 3413 ⁸
131 3409 136 3417 ’
153 3409 262 3452 carnut:
283 3408 363 3469 utque
383 3411 440 3453 erat
457 3419 500 3454 res
519 3404 597 3455 nimis
615 3405 699 3455 tristis
728 3405 854 3470 omnique
878 3402 952 3454 luctu
980 3418 1011 3454 ac
1030 3402 1140 3470 planctu
1160 3404 1253 3454 maior.

153 3471 216 3538 quid
235 3473 304 3523 enim
322 3474 447 3523 miserius
466 3490 544 3541 quarn
574 3477 721 3527 exercitum
740 3488 844 3526 omnem
868 3476 971 3542 regium
993 3476 1021 3525 iu
1039 3474 1128 3541 fugam
1148 3478 1175 3523 et
1195 3473 1254 3525 cla.

153 3543 212 3593 dem
231 3556 246 3591 a
264 3542 384 3593 barbaris
402 3542 551 3596 inhumanis
572 3550 599 3594 et
618 3545 770 3597 crudelibus
791 3545 859 3612 pelli
880 3554 906 3596 et
924 3561 1017 3612 regem
1034 3545 1154 3597 barbaris
1174 3546 1254 3597 armis

153 3611 253 3677 absque
272 3611 382 3663 auxiliis
402 3613 591 3675 circumdatum
612 3631 671 3665 esse
689 3623 716 3665 et
732 3617 806 3681 regis
825 3616 974 3683 ducumque
995 3618 1110 3668 tentoria
1129 3615 1207 3665 simul
1227 3622 1255 3667 et

58 3735 63 3739 ,
152 3680 265 3731 militum
283 3682 383 3735 talibus
402 3682 435 3733 ab
454 3683 607 3735 bominibus
618 3694 770 3750 expugnatu
789 3700 858 3748 esse,
872 3701 948 3752 quam
963 3688 1050 3737 omnia
1069 3686 1170 3738 Graeca
1188 3700 1254 3751 per.

32 3761 52 3781 ‘
153 3751 257 3803 turbata
274 3769 442 3822 regnumque
459 3753 538 3806 brevi
556 3753 690 3821 lapsurum
709 3755 821 3807 videre:
840 3763 920 3823 atque
940 3755 1060 3823 reliquus
1078 3756 1184 3825 quidem
1204 3773 1254 3809 ex.

153 3824 252 3879 ercitus
270 3825 308 3876 ita
325 3841 355 3877 se
374 3824 498 3877 babebat.

98 3972 105 3978 ⁴
251 3912 352 3980 Regem
372 3929 438 3970 vero
459 3916 702 3967 circumvenientes
728 3914 819 3967 hostes
836 3930 890 3967 nun
909 3915 1075 3968 tractabilem
1094 3920 1255 3971 invenerunt

150 3984 243 4037 illicoz
262 3985 311 4037 sed
327 3994 358 4037 ut
374 3985 455 4039 miles
474 3995 501 4038 et
520 3988 703 4054 experientiae
728 3987 845 4039 bellicae
863 3989 965 4054 peritus
990 3989 1172 4059 periculisque
1189 4006 1253 4044 usus

149 4055 241 4109 multis
271 4058 461 4124 aggredientes
497 4066 607 4111 strenue
630 4060 729 4111 arcuitr
763 4057 908 4127 multisque
934 4060 1082 4113 interiectis
1118 4070 1253 4129 postremo

151 4128 218 4181 ictus
241 4135 283 4181 est
300 4127 390 4196 gladio
410 4131 438 4181 in
456 4145 535 4181 manu
555 4138 581 4181 et
600 4146 670 4198 equo
690 4130 752 4183 telis
772 4131 877 4183 deiectu
895 4132 978 4198 pedes
996 4136 1133 4202 pugnavit.
1172 4136 1254 4187 (leia-

150 4200 248 4266 rigatus
265 4207 354 4253 tamen
372 4202 405 4255 ad
423 4217 566 4268 vesperum
591 4202 761 4271 (miserabile
790 4203 861 4254 dictu
870 4204 892 4272 l)
912 4202 961 4255 sub
984 4198 1181 4259 conditionibus
1200 4207 1250 4258 de.

151 4270 256 4325 ‹liticius
285 4272 372 4325 lactus
401 4281 451 4327 est.
497 4282 576 4343 atque
601 4283 682 4327 nocte
706 4276 813 4345 quidem
832 4274 881 4326 illa
899 4282 928 4327 ut
952 4276 1029 4345 vulgi
1045 4277 1143 4345 aliquis
1161 4286 1272 4339 terrae.
