3017 4892
307 324 381 396 308
611 329 833 396 ostensuris
860 326 1122 396 nmluorsn

307 493 363 572 κής
382 490 439 572 τῆς
463 487 574 564 νυκτός
603 493 662 564 ἓως
682 497 885 574 μεσημβρίας
916 492 1026 573 αὐτῆς.
1071 484 1141 554 εἶτα
1167 477 1442 570 συμφρονησᾰν·

313 614 376 655 των
395 598 460 664 τοῖς
480 590 694 674 ἀποστάταις,
715 595 771 678 βίη
794 595 849 654 καί
872 594 911 654 ου’
933 594 1060 668 πειθοῖ,
1083 580 1147 653 τάν
1172 579 1439 660 ἀντιδοξούντοι

309 687 344 754 τὸ
366 689 534 772 πρότερον,
561 687 661 754 ἔπαθε
684 696 743 769 μὲν
775 691 881 766 σύδείς
902 695 967 754 τῶν
989 693 1023 756 ίν
1051 692 1091 777 ιη’
1117 681 1368 770 βασιλευούσῃ
1393 681 1436 742 καὶ

222 799 239 810 ’“
306 789 365 873 τήν
385 788 496 874 ψυχήν
512 793 711 876 κατεσείσθη.
734 793 906 875 δημοτικὴν
928 794 962 855 δὲ
984 796 1148 876 φλυαρίαν
1161 791 1226 854 κατ’
1247 786 1434 868 μειρακιεύ-

307 893 359 967 δες
382 885 516 975 ἄθυρμα
540 898 749 975 λογισαμένου
770 897 828 957 τού
846 896 1004 974 βασιλέως
1024 892 1059 956 τὸ
1085 888 1243 974 γεγονός,
1282 885 1458 968 συνήχθηέἶ

209 997 221 1014 ’
306 997 395 1058 πᾶσα
420 993 438 1077 ή
460 995 612 1077 γερουσιά
635 993 691 1058 καί
710 999 767 1077 τῆς
786 991 963 1077 συγκλήτου
987 995 1104 1075 βουλῆς
1125 988 1160 1055 τί
1181 987 1359 1072 ἔκκριτον,
1382 983 1428 1066 τήν

306 1099 413 1160 πίστιν
435 1095 541 1159 αύτάν
566 1098 824 1178 ἐπιβεβαιούντες
845 1095 888 1183 aql
910 1099 1042 1176 βασιλεῖ
1057 1095 1114 1157 κατ’
1133 1093 1425 1177 κληροφοροῦπέἰ

305 1201 420 1284 μέχρις
445 1195 563 1259 ὀστέων
584 1199 639 1259 καί
659 1201 789 1276 μυελῶν
809 1196 1023 1261 κινδυνεύσειν
1042 1191 1252 1275 ύπὲραύτσύ
1265 1188 1332 1254 καί
1354 1213 1424 1251 παι-

307 1288 403 1380 δημεί
421 1293 494 1371 τούς
517 1296 698 1381 ἀλιτηρίους
721 1301 1013 1380 καταγωνίσασθαι.
1057 1293 1286 1377 συνήχθησαν
1316 1294 1358 1356 δὲ
1381 1290 1425 1352 καί

307 1393 338 1460 οἱ
357 1398 414 1480 τήν
435 1395 665 1488 ρτρατεύσιμσν
687 1391 814 1482 ἡλικίαν
834 1397 967 1480 ἔχοντες,
997 1401 1051 1462 καί
1074 1391 1143 1460 ὅσοι
1167 1396 1231 1476 τῆς
1254 1395 1446 1474 βασιλικήςρ

306 1501 516 1584 δορυφορίας,
538 1497 773 1582 ἀκατάπληκτον
796 1497 921 1580 ἔχοντες
942 1499 997 1582 τήν
1019 1496 1132 1582 δρμήν,
1162 1498 1224 1559 καί
1245 1497 1422 1579 προκινδυ-

305 1602 419 1665 νεύσαι
440 1603 495 1664 τοῦ
518 1597 754 1685 φιλανθρώπου
776 1604 932 1679 βασιλέως
955 1604 1010 1663 κατ’
1036 1601 1315 1683 φιλοικτίρμονας
1348 1618 1420 1677 προ-
1456 1596 1458 1651 l

306 1695 517 1781 θυμούμενοι.
560 1698 632 1764 lios
654 1697 712 1782 τήν
745 1698 894 1766 ἁπάντων
928 1701 1098 1774 ἐπαινέσας
1120 1703 1345 1783 προαίρεσιν,
1376 1696 1420 1759 καί
1456 1690 1458 1711 '

304 1799 399 1885 γνούς
421 1802 491 1865 οἵαν
512 1801 754 1887 εὐγνωμοσύνην
774 1799 842 1885 ἔχει
865 1800 944 1886 πρὸς
974 1795 1070 1866 αύτὸν
1091 1797 1124 1864 τί
1150 1795 1306 1882 ύπήκσον
1333 1801 1418 1882 (τού-
1456 1804 1458 1809 ’

306 1925 363 1966 του
385 1901 446 1985 γάρ
464 1899 561 1985 χάριν
583 1900 688 1984 οἴομαι
711 1903 765 1967 τὸν
785 1896 932 1987 τάραχον
947 1901 1073 1967 τουτονί
1095 1905 1439 1985 παρατολμηθήναι,ϋ

306 2003 359 2065 ίνα
381 1999 521 2087 φανερὸν
543 1999 578 2066 τύ
602 2001 835 2087 παριστάμενον
858 2005 934 2068 πᾶσι
957 2007 1122 2087 γίνηται),
1146 1999 1252 2066 ναυσί
1272 2006 1344 2082 μὲν
1368 2024 1416 2064 πι-

307 2108 450 2182 λεμικαῐς
471 2103 528 2168 τδν
549 2107 661 2169 τούτου
686 2105 833 2188 πορθμὸν
855 2102 1078 2187 κατωχύρωσε,
1098 2106 1223 2184 μείζονι
1249 2104 1290 2167 δὲ
1314 2129 1415 2185 παρα-

306 2205 403 2290 σκευῇ
428 2201 467 2266 τά
498 2202 578 2267 κατά
610 2207 673 2270 ταῖν
704 2207 891 2271 ἀποστατῶν
921 2202 1083 2286 ἔξαρτύων
1115 2198 1202 2286 ὅμως
1236 2203 1305 2268 καί
1335 2227 1413 2276 τινας

306 2303 471 2370 ἀπέστειλε
499 2301 577 2388 πρὸς
602 2303 729 2386 αύτούς,
763 2309 1026 2387 πυνθανομένους
1055 2311 1090 2370 τί
1107 2305 1267 2387 βούλεται
1289 2306 1410 2390 τούτοις

306 2401 341 2467 τδ
366 2406 540 2481 στασιῶδες
560 2411 651 2473 τουτί
670 2413 725 2472 καί
746 2408 926 2488 ἀπάμοιον.
971 2407 1001 2470 oi
1025 2409 1059 2471 δὲ
1092 2405 1150 2490 τήν
1172 2399 1322 2479 ἄστατον
1355 2426 1434 2476 sss-s

307 2509 428 2590 ροινίτιν
450 2507 555 2572 αὐτῶν
569 2511 624 2572 καί
644 2507 798 2588 ἀδόκιμον
818 2511 1039 2591 γλωσσαλγίαν
1049 2506 1105 2572 καί
1116 2511 1409 2591 παρακεκινδυνευ-

304 2609 401 2690 μένην
423 2600 575 2673 ἀπόνοιαν
598 2608 868 2694 δμολογήσαντες,
900 2607 1087 2692 συγγνώμην
1109 2633 1142 2674 τε
1170 2601 1275 2696 ᾔτουν
1305 2615 1408 2691 λαβεῖν

304 2709 360 2770 καί
379 2713 441 2771 τῶν
464 2713 776 2794 πεπλημμελημίνων
796 2705 1018 2794 συγχώρησιν,
1042 2714 1098 2773 καί
1118 2713 1175 2794 τῆς
1202 2715 1407 2790 συμπαθείας

304 2802 422 2892 ταύτης
442 2810 593 2891 ἐνέχυρον
614 2805 670 2891 τήν
692 2811 737 2884 είς
762 2808 905 2874 τούπίσω
926 2808 1101 2893 περαίωσιν
1122 2805 1335 2896 ἐπιζήτησαν,
1357 2807 1407 2874 καί

305 2902 408 2983 ούτως
429 2906 526 2974 αάτὸν
547 2906 602 2973 τόν
623 2913 812 2992 πρωταίτιον
840 2912 896 2994 τῆς
919 2915 1069 2996 κοσμικῆς
1094 2914 1318 2987 κακοπαθείας
1346 2924 1431 2975 riu-25

378 3089 419 3142 17.
436 3077 546 3158 τούτου]
567 3092 616 3143 τοῦ
634 3090 742 3145 Στενού
751 3087 766 3138 ‘l

306 3246 347 3290 est
369 3253 448 3288 nemo
467 3239 495 3288 in
518 3239 594 3305 regia
613 3238 775 3290 versantium
795 3237 936 3306 quidquam
960 3252 1049 3305 neque
1066 3238 1155 3288 animo
1182 3252 1331 3290 concussus
1348 3246 1397 3290 est:

305 3308 451 3377 populares
476 3315 566 3358 autem
592 3307 749 3376 quisquilias
776 3317 803 3361 et
819 3307 953 3361 iuveniles
980 3323 1065 3376 nugas
1083 3315 1193 3376 putante
1211 3324 1279 3377 rege
1296 3310 1396 3372 lactum,
1456 3330 1458 3352 ι

305 3389 415 3432 coaetus
435 3387 475 3430 est
493 3385 563 3430 totus
589 3386 696 3430 senatus
724 3387 750 3429 et
768 3387 916 3431 conventus
943 3378 1024 3430 electi
1054 3379 1131 3430 iidem
1150 3394 1225 3431 suam
1241 3380 1395 3434 allirmsntes
1456 3384 1457 3449 q

303 3452 363 3518 regi
383 3459 409 3501 et
426 3458 579 3502 asserentes
597 3465 627 3500 se
648 3464 732 3517 usque
751 3451 783 3501 ad
797 3463 857 3502 ossa
882 3459 908 3502 et
927 3449 1069 3503 medullam
1088 3459 1302 3520 propugnaturos
1322 3455 1353 3517 ei,
1371 3460 1396 3502 et
1456 3452 1457 3509 ζ

303 3529 361 3574 toto
381 3521 482 3590 populo
502 3520 633 3574 scelestos
652 3521 834 3573 debellaturos
844 3525 857 3572 z*
872 3523 995 3574 conducti
1014 3531 1076 3574 sont
1094 3524 1174 3573 etiam
1194 3524 1241 3590 qui
1260 3522 1395 3576 militarem

304 3601 419 3646 aetatem
437 3592 553 3661 agebant
572 3601 599 3644 et
617 3594 769 3662 quicunque
784 3609 816 3643 ex
828 3594 912 3661 regiis
931 3591 1092 3645 satellitibus
1110 3595 1297 3647 iuoououssum
1315 3595 1393 3646 habe.

303 3665 368 3718 bant
385 3668 511 3733 impeturn
530 3673 557 3716 et
573 3679 742 3732 propugnare
757 3663 871 3715 humano
890 3667 949 3732 regi
969 3671 996 3716 et
1014 3666 1180 3717 misericordi
1199 3665 1332 3718 volebant
1347 3665 1393 3716 ille

210 3776 214 3784 .
305 3746 392 3790 autem
411 3733 526 3789 omnium
551 3736 660 3788 laudans
680 3735 844 3788 voluntatem
871 3743 897 3786 et
915 3749 1099 3804 cognoscens,
1119 3735 1199 3804 quale
1220 3739 1329 3789 studium
1345 3736 1391 3787 lu.

219 3847 226 3862 .
305 3809 401 3863 herent
419 3824 483 3877 erga
504 3823 533 3860 se
553 3808 665 3860 subiecti
687 3811 845 3875 (propterea
869 3807 939 3858 enim
965 3815 1028 3873 puto
1048 3807 1150 3858 turbam
1175 3807 1245 3859 hanc
1263 3811 1391 3860 excitatam

308 3896 378 3944 esse,
398 3889 427 3932 ut
444 3879 579 3932 manifesti
598 3879 665 3932 socii
685 3878 806 3928 omnibus
826 3879 955 3946 fierent),
974 3878 1087 3930 navibus
1112 3878 1221 3931 bellicis
1241 3880 1330 3932 fretum
1344 3879 1390 3930 fir-

304 3951 396 4015 mavit,
415 3953 516 4003 maiore
534 3959 622 4002 autem
642 3957 770 4017 apparatu
788 3964 857 4016 quae
868 3948 900 4000 ad
917 3950 1059 4002 seditiosos
1074 3950 1244 4017 pertinebant
1260 3952 1388 4012 instruens,

291 4029 396 4090 ,tamen
416 4024 494 4074 etiam
511 4021 657 4076 nonnullos
676 4022 749 4072 misit
767 4022 800 4072 ad
812 4036 868 4084 eos,
888 4022 933 4087 qui
948 4029 1085 4088 rogarent,
1104 4022 1166 4089 quid
1183 4022 1235 4073 sibi
1253 4021 1332 4075 vellet
1344 4036 1388 4072 se.

306 4093 372 4145 ditio
391 4089 458 4141 haec
477 4101 504 4143 et
524 4095 688 4145 coniuratio:
708 4090 749 4143 illi
769 4100 856 4144 autem
875 4091 1005 4142 infirmam
1017 4091 1145 4145 insaniam
1158 4108 1232 4145 suam
1251 4101 1277 4144 et
1292 4090 1388 4160 ignobi-

303 4165 358 4218 lem
378 4161 513 4214 audaciam
533 4173 559 4213 et
577 4172 731 4218 temeratam
751 4163 952 4230 imprudentiam
971 4163 1088 4230 professi
1106 4165 1211 4216 reniam
1232 4163 1343 4231 petebant
1361 4168 1388 4212 st

304 4237 435 4296 factorum
447 4231 642 4302 remissionem,
667 4243 747 4305 atque
760 4235 959 4291 misericordiae
972 4235 1050 4292 huius
1063 4236 1159 4307 pignus
1173 4237 1306 4295 transitum
1320 4241 1386 4288 retro
