3017 4892
255 351 328 434 elo
560 355 782 424 nicolaus
809 351 1073 424 nasamonas

255 533 409 600 εἰσελθών
438 534 484 606 εἰς
515 528 572 614 τὴν
598 527 857 611 βασιλεύουσαν,
889 526 952 610 πρὸ
982 528 1039 590 τοῦ
1059 524 1115 608 την
1151 524 1251 589 τ’διλαν
1285 516 1434 584 οἰκίαν

255 614 444 713 καταλαβεῖν
476 633 640 714 παρῆλθον
662 629 708 705 είς
730 629 769 692 τά
790 633 957 711 βασίλεια,
978 624 1032 691 καί
1064 627 1107 712 τῷ
1128 627 1315 708 λογοθέτῃ
1346 622 1430 686 Νι-

255 733 384 821 κηφόρρι
404 731 492 815 πρὸς
521 728 634 813 λόγους
657 724 761 793 έλθών
781 730 881 793 πάντα
901 726 942 795 τά
968 728 1205 810 συνενεχθέντα
1230 716 1428 808 προσήγ-

255 841 354 922 γειλα,
380 837 434 898 κατ’
454 834 489 896 τὸ
511 835 653 915 ποιητέον
676 829 766 916 αίτηῖ
788 832 1033 911 συνεβούλευσα,
1057 827 1111 892 καί
1129 826 1177 902 ιδς
1201 819 1261 890 ὅτι
1287 821 1424 904 τάχι-

177 974 181 985 ·
256 960 318 1001 στα
340 932 404 1019 χρη
426 933 482 1018 τήν
502 957 535 998 τε
558 929 745 998 Ῥαιδεστὸν
777 930 1004 1018 χρυσοβοίλλη
1037 929 1117 1016 λόγῳ
1138 926 1447 1005 κατακοιμίσαιε

254 1038 309 1100 καί
331 1030 574 1121 φιλανθρώποις
608 1028 790 1110 δεξιάσεσιν
821 1031 1065 1114 οἰκειώσασθαι,
1094 1028 1150 1093 καί
1187 1025 1256 1101 τάς
1281 1022 1417 1098 ἄλλας

254 1136 361 1212 πόλεις
383 1135 546 1216 mundane,
567 1136 621 1197 καί
642 1129 677 1197 τὸ
696 1130 926 1216 στρατιωτικὸν
946 1129 977 1208 ές
999 1129 1114 1196 sodada
1134 1132 1411 1212 συναθροῖσαε,

255 1241 309 1301 καί
329 1237 516 1320 παραλῦσαι
536 1233 593 1317 την
613 1238 675 1298 τῶν
698 1239 854 1298 πλείστων
875 1233 953 1315 πρὸς
982 1230 1037 1298 τὸν
1059 1227 1253 1312 ἀποστάτην
1275 1219 1408 1294 συνά-

252 1342 398 1422 θρνισιν·
443 1329 528 1418 άπῆν
549 1334 609 1418 γάρ
634 1331 679 1398 ἔτι
696 1336 749 1418 τῆς
768 1319 1063 1416 Ἀδριαναυπόλεως
1085 1333 1124 1396 ου’
1141 1329 1273 1412 μικρὸν
1297 1324 1401 1394 ὅπο-

253 1441 321 1517 θεν,
343 1430 393 1500 ὅτε
415 1439 470 1507 καί
493 1436 537 1524 τῷ
559 1437 735 1523 Βασιλάκη,
759 1421 1034 1524 τῷάποσταλέντι
1062 1436 1127 1517 μετ’
1152 1428 1262 1496 αὐτὸν
1285 1429 1440 1498 δουκίςο

253 1542 462 1624 Δυρραχίου,
495 1523 807 1630 παρασυχῖδνέντός
825 1540 884 1600 τοῦ
915 1527 1024 1611 άσιεος
1045 1539 1102 1619 τῆς
1125 1533 1392 1614 Θεσσαλονίκης
1485 1558 1486 1583 ι

253 1665 327 1725 περι
349 1664 405 1723 της
427 1663 530 1723 αρχης
550 1636 795 1724 ημφισβὴτησε·
850 1635 905 1701 καί
926 1636 1014 1720 εἴπερ
1037 1637 1147 1714 δεξιῶς
1169 1641 1242 1708 τοῖς
1268 1634 1386 1714 πράγ-

253 1764 353 1824 μασιν
367 1738 384 1803 δ
397 1740 593 1814 Βασιλάκιος
612 1742 653 1824 τῷ
673 1738 742 1803 τότε
764 1735 932 1822 ἐχρήσατο,
948 1739 1206 1831 κατεπολέμησεν
1226 1725 1276 1796 α’ίν
1294 1736 1382 1797 τοῦ·

253 1863 307 1908 ταν
328 1842 362 1906 έν
385 1841 472 1928 α’ρχῇ
493 1845 549 1924 τῆς
569 1839 777 1918 ἀποστάσεως
798 1838 986 1906 σαλεύοντα.
1030 1833 1046 1900 δ
1072 1839 1107 1901 δὲ
1129 1840 1314 1921 λογοθέτης
1337 1837 1377 1897 έν

253 1940 444 2024 μειδιάματι
472 1946 659 2023 ποιούμενος
696 1939 736 2008 τά
764 1944 841 2031 παρ’
875 1942 955 2022 ἐμοῦ
984 1939 1084 2028 τούτῳ
1111 1935 1195 2019 μετὰ
1217 1938 1418 2019 σπουδῆςιὸ

255 2039 484 2126 εἶσηγοάμενα,
516 2050 748 2125 μετεωρισμοῖς
778 2041 846 2107 τισί
867 2047 922 2108 καί
942 2041 1117 2125 ἀναβολαῖς
1138 2038 1178 2104 τοὶ
1200 2043 1292 2123 μηδὲ
1311 2061 1374 2119 μι-

254 2146 333 2223 αρᾶς
369 2143 573 2225 ὑπερθέσεως
615 2143 749 2224 δεόμενοι
782 2147 1033 2228 παραδέδωκεν,
1059 2148 1119 2219 ἕως
1139 2144 1206 2224 {sori
1240 2137 1373 2215 πάθους

255 2247 504 2327 φλεγμαίνοντος
534 2244 592 2330 την
622 2243 767 2330 ἰατρείαν
795 2249 1086 2332 ἐπεχείρησενμέν,
1116 2242 1198 2330 ἔγνω
1227 2232 1269 2310 δέ
1304 2241 1373 2324 μά-

255 2365 311 2427 την
333 2346 516 2424 παρακινοῦν
537 2343 577 2409 τά
594 2344 735 2430 α’κίνητα.
758 2351 811 2411 καί
831 2344 903 2412 τότε
924 2350 1020 2412 πάλιν
1041 2344 1187 2434 ᾐσθόμην
1211 2346 1258 2423 αἱς
1281 2347 1372 2432 καλρῖ

255 2440 291 2508 τό
315 2441 412 2508 κακὸν
434 2447 548 2512 ἰᾶσθαι
572 2446 669 2530 ὀλίγον
695 2449 759 2512 τάν
782 2452 816 2513 έν
841 2449 918 2532 ἡμίν
942 2448 1122 2530 α’νθράπων
1142 2447 1351 2532 δεδύνηνται.
1377 2455 1415 2510 λθ
1487 2476 1488 2532 γ

355 2543 558 2640 Καταλαβών
588 2542 644 2612 οὖν
666 2549 710 2624 εἷς
734 2550 988 2632 Τραϊανοάπολιν
1014 2545 1033 2611 δ’
1049 2552 1222 2632 Βρυέννιος
1246 2571 1373 2629 συνην·
1487 2537 1488 2554 ’

257 2640 340 2729 τήθη
365 2645 452 2730 παρὰ
476 2651 534 2712 τοῦ
555 2649 698 2733 α’δελφοῦ
730 2655 785 2714 καί
803 2650 865 2713 τῶν
886 2652 1117 2732 συναραμένων
1138 2645 1222 2735 αὕτη]
1247 2645 1372 2730 Φράγ-

253 2769 317 2829 γων
338 2750 646 2842 καίὶΜακεδονικῶν
667 2747 885 2836 παρατάξεων.
906 2752 1123 2837 παρήχθησαν
1143 2751 1173 2814 δ’
1194 2745 1285 2834 atro
1311 2751 1373 2813 καί
1486 2717 1488 2850 Ι

255 3030 348 3084 urbam
368 3041 510 3104 antequam
533 3051 618 3087 meam
636 3036 740 3088 domum
758 3044 917 3105 assequutus
942 3051 1009 3103 sum,
1028 3037 1132 3090 accessi
1149 3036 1182 3088 ad
1199 3036 1314 3104 regium,
1337 3045 1365 3088 et

256 3119 316 3156 eum
333 3103 474 3175 logotheta
492 3105 644 3174 Nicephoro
666 3106 818 3160 collocutus
846 3110 935 3160 omnia
953 3117 1113 3178 quaegesta
1132 3117 1208 3160 erant
1224 3109 1363 3174 nuntiavi,

256 3175 355 3246 quidve
381 3177 533 3228 laciendum
561 3187 632 3229 esset
661 3180 686 3230 ei
706 3181 845 3244 persuasi,
872 3188 952 3248 atque
973 3195 1050 3248 quarn
1072 3180 1214 3232 celerrime
1232 3187 1362 3247 oportere

254 3247 416 3300 lluedestum
440 3250 612 3314 imperatoria
639 3251 762 3300 oratione
786 3250 939 3304 demulcere
958 3260 986 3302 et
1010 3251 1129 3306 humanis
1148 3250 1361 3303 allocutionibus

256 3317 412 3381 conciliare,
433 3326 513 3386 atquc
532 3329 635 3372 ceteras
654 3321 733 3372 urbes
750 3320 825 3386 item,
847 3331 874 3374 et
891 3324 1037 3375 exercitum
1056 3325 1083 3376 in
1101 3338 1181 3373 unum
1200 3323 1286 3374 locum
1304 3337 1360 3373 co.

255 3403 321 3458 gere
348 3395 375 3438 et
389 3389 540 3440 dissolvere
561 3388 733 3455 plurimorum
752 3394 785 3444 ad
804 3401 949 3460 apostatam
969 3402 1146 3448 conventum:
1176 3394 1359 3446 onerarentur

256 3460 390 3511 etiamtum
419 3460 451 3512 ab
476 3460 652 3529 Adrianopoli
679 3478 733 3514 non
760 3464 877 3531 paulum,
903 3468 1007 3534 quando
1038 3467 1116 3518 etiam
1141 3482 1199 3517 eum
1223 3462 1359 3527 Basilace,

255 3531 301 3599 qni
319 3531 352 3582 ud
367 3548 426 3582 eum
435 3533 531 3583 missus
552 3541 616 3596 erat,
636 3535 697 3592 duci
708 3535 869 3603 Dyrrhachii
889 3538 1062 3591 conveniens
1079 3540 1149 3589 intra
1167 3538 1259 3589 urbem
1271 3535 1358 3588 Thes-

254 3599 393 3656 salonicen
414 3603 447 3654 de
465 3605 577 3670 imperio
601 3607 671 3673 egit:
699 3615 779 3677 atque
798 3610 821 3661 si
845 3609 937 3660 dextre
955 3610 1035 3662 rebus
1053 3608 1203 3664 Basilacius
1222 3615 1276 3660 tum
1284 3623 1358 3660 usus

255 3679 341 3740 esset,
367 3673 532 3728 debellasset
555 3675 636 3728 hunc·
650 3678 677 3728 in
704 3681 836 3748 principio
861 3682 1000 3733 seditionis
1027 3681 1078 3733 sibi
1106 3695 1161 3732 non
1182 3687 1356 3733 constante..

203 3807 210 3822 Ι
254 3746 301 3800 sed
320 3746 460 3814 logotheta
478 3749 533 3800 risu
551 3749 689 3815 excipiens
708 3767 778 3819 qnae
796 3768 812 3803 a
828 3768 872 3802 me
890 3753 952 3803 huic
971 3753 1090 3804 studiose
1108 3753 1292 3816 narrabantur,
1311 3750 1358 3803 le-

253 3815 331 3871 vitati
352 3827 378 3870 et
397 3819 546 3871 dilatationi
569 3835 609 3885 ea,
633 3836 702 3888 quac
732 3839 767 3874 ne
785 3825 919 3875 minimam
938 3825 1044 3893 quidem
1064 3825 1260 3888 cunctationem
1280 3832 1358 3891 pute-

253 3896 363 3954 rentur,
382 3891 505 3956 tradidit,
525 3892 610 3942 donec
628 3892 698 3944 malo
718 3893 848 3962 flagrante
871 3895 1029 3946 medicinam
1054 3898 1222 3962 experiretur
1241 3896 1358 3963 quidem,

255 3959 303 4010 sed
321 3960 488 4030 intelligeret
514 3979 543 4015 se
569 3962 666 4014 frustra
685 3981 795 4018 movere
822 3982 898 4035 quae·
911 3970 1015 4018 moveri
1039 3981 1092 4018 non
1119 3974 1257 4034 poterant:
1278 3974 1358 4034 αληασ

254 4033 310 4150 sulm
334 4043 424 4150 rfursus
439 4035 529 4101 sensi,
561 4047 661 4102 paucos
688 4035 879 4090 hodiernorum
904 4037 1039 4090 hominum
1059 4039 1151 4091 valere
1176 4038 1274 4092 malurn
1292 4037 1357 4105 pul·

257 4113 321 4150 cro
351 4115 439 4154 unare.

355 4189 501 4246 Assecutus
519 4209 584 4262 crgo
603 4195 777 4264 Trianopoliu
793 4196 945 4263 Bryennius
972 4201 1090 4252 occurrit
1109 4199 1247 4254 ordinibus
1265 4197 1358 4252 fratris

180 4308 187 4314 .
259 4262 348 4331 etqui
367 4275 425 4314 cum
453 4277 485 4315 eo
510 4274 681 4322 surrexerant
699 4267 862 4338 Francorum
888 4279 915 4330 et
937 4270 1127 4326 Macedonum:
1151 4271 1234 4326 allatu
1252 4276 1313 4324 sunt
1332 4271 1359 4322 ei
