3017 4892
575 318 783 394 HISTORIA.
1157 315 1233 388 287

106 476 294 572 γινόμενος
316 483 372 550 καί
386 484 445 570 τήν
460 482 585 571 εἰρήνην
609 483 857 569 διαπορθμεύων
888 486 943 549 καί
969 480 1068 548 πολλοὶ
1091 482 1153 546 τόν
1173 481 1238 564 οἷμ-

110 587 383 676 φισβητημοὶιωυ
405 585 585 662 deducitur
618 583 852 670 καταπραῧναι
881 582 937 648 καί
955 581 1129 664 πολεμικός
1146 594 1237 666 ιτέρι·

109 690 261 765 στάσεις
282 689 465 771 ἀποσοβῶν·
510 686 600 752 ἔπεσε
623 688 658 750 dd
678 690 847 770 τηνικαῦτα
880 687 914 764 ἐξ
935 679 1116 766 αὐτομάτου
1137 684 1157 766 ἡ
1180 683 1239 747 τοτ’

113 791 312 873 Βρυεννίου
334 789 440 876 σκηνή,
462 792 517 854 τοῦ
534 784 656 874 ὀρόφου
679 787 799 872 ταύτης
820 789 1063 871 παραλυθέντος
1085 779 1238 848 κυκλόθεν

78 888 282 980 5οἶοροίτοις
303 894 424 976 χερσίν.
468 884 545 976 ότιερ
567 893 790 975 καταστροφῆς
822 890 924 954 arisai
949 884 1108 968 σύμβολον
1131 886 1239 966 νίψεν-

116 993 182 1064 otc
206 997 274 1066 τοῖς
294 1000 433 1067 συιετοῖς
455 991 644 1075 όιιγνιόσθη,
668 988 738 1054 εἰιεί
760 978 815 1054 καί
834 989 895 1072 πρό
918 990 1012 1053 τιναῖν
1036 982 1162 1071 ἡμερῶν
1184 981 1237 1048 ἔτι·

114 1098 237 1173 λειψις
261 1096 315 1176 τῆς
337 1091 468 1177 σελήνης
489 1098 636 1175 γεγονυῖα
658 1091 858 1176 cinaediae
877 1090 980 1156 αότοιῖ
1001 1087 1056 1152 καί
1076 1082 1158 1172 αότή
1176 1110 1236 1150 και·

116 1196 310 1278 τεμήνυσε·
356 1199 538 1279 τινιμοιίρειν
569 1191 628 1277 γόρ
650 1190 705 1278 τήν
734 1188 870 1277 σελήνην
898 1193 943 1266 είς
964 1187 1035 1264 νοός
1052 1185 1264 1264 ιίιιοστόταςλ
1276 1201 1366 1257 231r.

117 1291 151 1358 nl
178 1299 259 1378 περί
290 1294 348 1373 τός
374 1299 437 1360 τοόν
458 1295 634 1382 φωστήρων
664 1293 802 1380 δινήσεις
825 1295 925 1358 dissat
944 1295 1000 1358 καί
1018 1289 1238 1376 μαθηματικοί
1337 1306 1342 1315 “

67 1411 108 1464 10
120 1399 269 1479 λέγουσι,
291 1401 346 1462 καί
368 1396 403 1462 τό
427 1395 532 1472 πόθος
548 1397 667 1482 ταότης
688 1397 793 1471 πόθος
814 1395 873 1459 τοῦ
886 1393 1137 1466 οἷαοστατοόιτος
1157 1411 1236 1474 προ·

122 1502 363 1581 καταγγέλλειν.

225 1598 470 1673 Ἐπανελθόντος
501 1601 537 1660 δὲ
562 1600 621 1661 τοῦ
650 1591 793 1662 τοιοότου
819 1599 999 1680 πρέσβεως,
1020 1587 1235 1674 καταγελάσας

124 1691 143 1760 ό
167 1698 324 1778 βασιλείας
347 1703 405 1781 τῆς
427 1701 484 1762 τοῦ
504 1702 680 1781 Βρυενυίου
701 1695 904 1780 θρασύτητος
934 1692 1036 1779 ἔργων
1059 1690 1236 1773 πολεμικόν
1320 1709 1330 1722 ‘

124 1796 185 1861 καί
212 1800 482 1883 στρατηγημάτων
511 1801 666 1881 ίαιμελῶς
689 1797 812 1880 εἴχετο,
842 1795 896 1860 καί
925 1793 982 1881 τήν
1002 1798 1060 1859 τοῦ
1080 1790 1235 1876 ιυροὶννοτ

80 1905 116 1962 15
127 1897 305 1964 κατάλυσιν
329 1900 499 1984 ου’θαρσοῖς
519 1900 730 1986 προηγόρευεν
751 1899 784 1961 όκ
802 1903 857 1981 τῆς
878 1891 945 1960 dom
966 1893 1063 1982 ῥοαής
1083 1892 1139 1956 καί
1155 1896 1236 1974 βου·

127 2001 187 2081 λῆς
210 1999 266 2064 καί
286 2001 341 2082 τής
354 2002 441 2076 ἰδίοις
463 2001 633 2085 εὐβουλίας
654 2001 710 2064 καί
728 2001 958 2084 γενναιότητος,
979 1998 1033 2080 τῆς
1045 1997 1131 2078 νίκης
1152 1989 1236 2075 ἔχων

129 2100 261 2183 οἷψευόή
283 2099 321 2165 τό
346 2105 493 2187 ἐνέχυρα.
537 2098 618 2166 α’λλό
645 2103 699 2166 καί
719 2098 748 2165 οἱ
781 2102 815 2164 ἐν
837 2103 919 2163 τέλει
943 2099 1055 2170 πάντες
1078 2097 1118 2160 δι’
1140 2093 1236 2177 όργής

36 2193 38 2200 ’
130 2202 321 2286 ἐποιήσαντο
351 2200 408 2284 τήν
435 2205 492 2266 τοῦ
516 2205 689 2286 Βρυεννίου
706 2202 948 2285 τίιιανθρωπίοιυ
978 2201 1034 2263 καί
1053 2194 1236 2279 ἆόιόιιριτον

130 2299 270 2388 γνοόμην,
291 2303 337 2386 μή
362 2303 576 2387 διακρίναντας
601 2302 656 2387 τήν
678 2325 710 2368 τε
732 2305 796 2367 τοῖν
818 2299 981 2386 προγόνων
1001 2302 1058 2364 τιό
1078 2300 1235 2379 βασιλέος
1262 2355 1270 2366 x

85 2403 295 2488 λθεόγένειαν
318 2408 372 2468 καί
392 2405 448 2488 τήν
471 2398 595 2470 όνωθεν
609 2408 872 2486 αεριλόμιιουσαν
894 2402 1011 2479 αότοός
1032 2405 1066 2465 ἐν
1085 2408 1152 2474 τοῖς
1174 2421 1234 2461 uo·
1331 2442 1337 2447 -

131 2511 270 2586 λεμιιιοῖς
300 2505 589 2590 όνόραγαθήμασιν
625 2503 739 2589 α’ρειήν
761 2503 816 2568 καί
845 2501 885 2568 τό
906 2501 987 2567 κατὰ
1016 2505 1080 2565 τόν
1106 2497 1235 2583 ἐχθρόν
1330 2538 1334 2548 ‚

134 2610 338 2689 α’γωνίσματα
372 2609 426 2670 καί
450 2610 684 2688 παλαίσματα,
708 2603 764 2669 καί
791 2602 847 2686 τήν
873 2603 975 2689 adrani
995 2603 1053 2667 τοῦ
1077 2600 1234 2680 βασιλέως

136 2705 338 2791 λαμπρότητα
371 2705 427 2771 καί
445 2705 608 2790 όπεροχήν
630 2709 664 2771 ἐν
691 2706 853 2788 σ’ξιιόμασι
871 2706 927 2768 ναί
945 2707 1127 2782 πολεμικοῖς
1146 2697 1234 2781 dyn-

136 2811 287 2892 νιόμασι,
321 2809 377 2873 καί
396 2804 431 2873 τό
454 2807 562 2890 όγενὲς
583 2811 639 2892 τῆς
659 2802 776 2871 ἑαυτοῦ
799 2808 938 2892 φατρίας
966 2804 1022 2868 καί
1042 2799 1232 2886 συγγενείας.

139 3114 329 3166 controversias
350 3111 506 3181 plerumque
525 3111 649 3181 mitigans
669 3119 696 3163 st
714 3107 815 3162 bellica
838 3105 959 3176 pericula
978 3105 1127 3175 depellens.
1165 3121 1232 3158 con.

139 3187 198 3238 cidit
214 3193 301 3236 autem
319 3192 373 3236 tum
394 3195 489 3252 sponte
509 3184 638 3251 Bryennii
657 3184 801 3234 tentorium
824 3189 897 3232 tecto
925 3181 982 3232 eius
1010 3176 1142 3232 dissoluto
1162 3178 1232 3230 circa
1306 3179 1309 3185 '

58 3250 64 3272 '
137 3257 249 3310 manibus
268 3272 321 3308 non
349 3257 554 3324 apparentibus:
577 3257 604 3308 id
635 3255 705 3323 quod
723 3254 873 3307 eversionis
902 3255 959 3304 cius
986 3252 1091 3319 siguum
1118 3248 1232 3301 inlellax

138 3329 301 3396 prudentibus
323 3329 552 3396 cognoscebatur:
581 3344 638 3379 cum
660 3329 738 3379 etiam
764 3323 902 3378 nonnullis
919 3324 1013 3375 diebus
1033 3331 1095 3374 ante
1113 3321 1230 3373 delectio

131 3399 211 3460 lunae
230 3415 319 3450 casum
347 3402 403 3451 eius
424 3401 525 3467 etipsa
544 3401 740 3466 significasset:
771 3405 893 3467 spectare
914 3397 983 3448 enim
1001 3395 1091 3447 lunam
1111 3394 1144 3445 ad
1162 3408 1230 3460 apo-

140 3476 212 3520 statas
231 3470 321 3520 dicunt
340 3472 384 3536 qui
411 3479 513 3520 meatus
542 3469 669 3519 luminum
691 3471 771 3537 periti
796 3477 858 3521 sunt
886 3477 913 3520 et
939 3465 1128 3531 mathematici,
1149 3471 1230 3533 atqua

140 3539 210 3590 huius
228 3540 399 3590 mutationem
418 3547 556 3605 apostatae
575 3541 746 3590 mutationem
766 3548 844 3591 antea
861 3540 994 3590 nuntiare.

217 3635 351 3687 xReverso
370 3642 458 3686 autem
477 3634 524 3686 tuli
542 3633 633 3702 legato
653 3635 766 3686 irridens
787 3650 835 3685 rex
853 3635 989 3686 audaciam
1001 3632 1131 3698 Bryenuii
1149 3631 1230 3682 rebus

140 3705 236 3758 bellicis
257 3714 284 3756 et
302 3705 401 3757 artibus
420 3705 499 3758 valde
520 3705 670 3770 studebat,'
692 3712 719 3756 ct
738 3705 845 3770 tyranni
864 3707 1033 3757 eversionem
1051 3703 1121 3754 bono
1141 3703 1228 3752 animo

140 3776 308 3844 praedicabat,
329 3793 343 3827 e
362 3792 460 3843 supera
478 3777 615 3828 decisione
635 3785 661 3826 et
680 3777 819 3828 voluntate
839 3783 865 3826 et
880 3791 929 3826 sno
948 3773 1062 3826 consilio
1083 3781 1110 3824 ct
1126 3771 1229 3824 nobili.

141 3856 189 3902 tato
211 3850 339 3900 victoriae
365 3848 465 3899 habens
489 3855 562 3900 certa
590 3848 711 3914 pignora.
743 3848 807 3900 ,sed
835 3847 913 3898 etiam
943 3848 1114 3914 magistratus
1137 3859 1229 3896 ornnes

142 3921 195 3972 irsti
213 3928 286 3972 erunt
310 3927 420 3987 propter
437 3918 565 3986 Bryennii
589 3921 777 3976 immanitatem
805 3927 832 3970 et
850 3916 1150 3980 incertumconsilium,
1169 3931 1228 3968 cnm

142 4007 189 4044 non
203 3992 372 4059 dignosceret
389 3992 518 4043 maiorum
534 3991 606 4059 regis
625 3990 793 4042 nobilitatem
814 3998 840 4040 et
859 4004 974 4055 superne
994 3986 1229 4041 circumlucentem

144 4077 184 4116 eos
205 4064 229 4114 iu
248 4061 354 4115 bellicis
378 4063 500 4114 victoriis
530 4064 656 4114 virtutem
676 4070 702 4112 et
732 4062 876 4112 certamina
902 4071 928 4114 ct
946 4060 1051 4128 proelia
1069 4069 1161 4117 contra
1178 4058 1228 4109 nd.

144 4136 264 4190 tersurios
283 4133 454 4197 instituenda,
474 4142 553 4201 atque
572 4135 655 4201 ipsius
665 4133 738 4200 regis
758 4131 929 4199 splendorem
948 4141 975 4186 et
993 4131 1180 4186 excellentiam
1199 4131 1228 4182 in

144 4207 303 4278 dignitatibus
322 4214 350 4260 et
367 4204 475 4262 bellicis
492 4205 679 4259 certaminibus
694 4213 721 4257 et
739 4204 936 4274 ignobilitatem
949 4221 1015 4260 suae
1027 4205 1119 4273 stirpis
1134 4209 1163 4256 et
1176 4215 1230 4256 cc-
