3017 4892
484 405 488 412 ,
558 377 559 380 ¹
610 364 823 438 neroum.
881 383 885 391 ·
954 362 957 369 ’
1171 400 1174 407 1
1218 346 1271 443 'uo
1355 408 1359 416 -

171 549 237 612 ρων
260 528 290 592 δ’
311 526 329 592 δ
359 526 511 609 βασιλεύς
539 528 596 596 τδν
611 532 791 616 γογγυσμόν
822 535 884 599 τάν
901 534 1034 615 ξπολλοδν
1063 536 1118 600 καί
1137 531 1196 619 τὴν
1217 536 1273 600 λέ-

170 652 293 713 γουσαν
315 627 424 716 φήμην
449 622 497 696 δτι
518 632 691 718 φειδωλίας
721 632 759 702 τά
778 631 946 717 Ῥωμαίων
979 626 1217 718 άπεμπσλούντύ
1237 659 1273 702 τε

171 735 227 796 καὶ
249 735 493 815 καταπρσΐεντσ,
524 730 621 813 ἔξεισι
651 737 708 820 τῆς
728 736 976 824 βασιλευούσης,
1005 738 1062 802 καί
1080 728 1270 823 καταντικρύ

171 831 230 897 τοῦ
251 831 398 915 Ἀθύρος,
417 831 493 918 περί
510 830 605 899 τύπον
638 826 722 901 ciro
742 830 938 920 καλούμένον
957 838 1222 923 Χοιροβάκχους,
1241 835 1276 901 ἐν

145 922 198 1020 5ᾦ
219 930 274 997 καὶ
293 931 462 1016 βασιλικάς
487 931 748 1020 παραπεπήχασι
771 937 917 1022 κτήσεις,
948 936 1065 1025 σκηνάς
1086 936 1170 1013 ι’διύις
1193 936 1275 1021 ἐπή-

174 1037 252 1112 ξατο
274 1033 330 1116 καί
349 1036 411 1098 τάν
435 1031 496 1100 σύν
517 1034 616 1123 αύτῷ.
669 1038 726 1100 καί
746 1031 829 1123 η’σαν
848 1042 979 1117 πλείους
995 1042 1066 1125 ταῖν-
1079 1038 1134 1124 ρύ,
1154 1040 1193 1101 ού
1213 1061 1273 1102 πο-

174 1126 286 1218 σάτητι
310 1137 443 1215 μείζονι.
497 1128 575 1199 ὅθεν
595 1138 651 1201 κου’
672 1145 799 1216 πολλοῖς
820 1136 1001 1222 θαυμάζειν
1031 1141 1168 1223 ἐπῆλθεν
1187 1130 1296 1215 ἅπας’
1347 1127 1360 1154 “’
1377 1144 1391 1189 -’·“

171 1233 363 1322 τηλικαύτην
395 1234 491 1319 ἰσχύν
520 1233 600 1318 μετά
620 1236 779 1306 τοσούτων
802 1240 818 1305 ri
839 1239 991 1324 βασιλεύς
1014 1240 1205 1325 άνδραρίιον
1218 1240 1273 1324 τῆς

71 1384 85 1403 .
171 1334 404 1422 βασιλευούσης
425 1332 664 1428 ύπανεχάρησε,
685 1342 757 1408 δέον
776 1340 924 1428 πρότερον
937 1342 994 1418 τάς
1015 1338 1097 1418 ἐάας
1121 1337 1274 1423 δυνάμεις

130 1444 361 1518 ιοσυναγαγεῖν
382 1435 437 1501 καί
459 1432 563 1518 ούτοος
583 1447 757 1530 ἐξορμῆσαι
777 1440 856 1527 πρὸς
887 1440 926 1508 τά
948 1438 1090 1527 ἑσπέρια.
1134 1440 1190 1505 καδ
1211 1441 1273 1530 ἰηλ-

171 1558 219 1599 κει
240 1538 280 1623 τῇ
294 1539 500 1628 μυθευομένη
523 1546 582 1607 τοῦ
594 1545 754 1612 Διονύσου
778 1547 921 1631 στρατιᾷ,
945 1536 997 1607 ὅτε
1010 1540 1088 1623 μετά
1109 1544 1172 1607 τῶν
1193 1565 1274 1621 μοι-

170 1632 274 1701 νάδων
300 1640 417 1732 ἐκεῖνος
436 1644 493 1704 καί
513 1646 574 1708 τάν
593 1648 752 1731 Σειληνῶν
782 1646 899 1727 ταύτην
921 1646 968 1707 ἐπ’
990 1639 1107 1717 Ἰνδούς
1129 1633 1275 1726 ἤλαυνεν.

172 1738 212 1802 ἐνΙ
226 1734 354 1825 τοιαύτη
387 1742 423 1819 δέ
442 1743 557 1807 τούτου
578 1748 767 1833 παρασκευῇ
787 1749 1004 1829 καθεστῶτος,
1024 1746 1176 1827 δρομαῖσά
1191 1767 1275 1820 τινες

93 1862 97 1866 ·
172 1838 207 1901 ἐκ
235 1838 299 1901 τοῖιν
318 1833 563 1922 ἀπεσταλμένων
592 1846 638 1921 εἰς
666 1839 857 1929 τὸνἼστρον
885 1841 1108 1921 ἐπανελθόντες
1136 1836 1275 1929 παντελῆ

128 1939 231 2012 15νοῦ
251 1935 365 2014 ἔθνους
388 1939 582 2026 α’πηγγειλαν
601 1941 745 2033 ὄλεθρον.
788 1950 998 2035 προέφθασαν
1012 1948 1074 2033 γάρ
1098 1944 1128 2010 οἱ
1152 1946 1275 2029 αἰχμα-

173 2042 379 2117 λωτισθέντες
399 2044 548 2129 ἡγεμόνες
575 2046 737 2139 ρὐσθῆναι
760 2053 814 2133 τῆς
834 2051 960 2113 ἐκείνων
979 2048 1097 2134 χειρός,
1117 2046 1174 2113 καί
1191 2045 1297 2130 γνά-Δ

171 2168 236 2225 μας
255 2142 481 2226 εἰσενεγκάντες
502 2151 558 2232 τῆς
590 2153 696 2216 αύτῶν
729 2147 949 2232 καταλύσεως,
983 2148 1158 2235 φράζοντες
1176 2147 1219 2224 ὥς
1244 2147 1275 2216 oi
1353 2224 1355 2231 Ι

170 2245 231 2324 μὲν
255 2242 385 2326 λογάδες
409 2248 473 2311 τάν
490 2244 604 2329 Ούζιον
622 2248 777 2338 σκάφεσιν
804 2250 955 2333 ἐμβάντες
983 2252 1169 2335 παραινέσει
1193 2250 1273 2337 [κατ’]

170 2344 234 2407 των
251 2342 441 2425 Ῥωμαϊκῶν
461 2348 574 2433 άρχιόν
596 2354 661 2417 τάν
683 2355 717 2417 ἐν
736 2359 802 2429 τοῖς
829 2352 988 2435 ’λσιρικοῖς
1009 2356 1129 2434 χειλεσι
1151 2351 1273 2415 πόλεων
1350 2352 1354 2357 ”

122 2433 360 2530 ροτδνἼστρον
380 2448 613 2536 διαβεβήκεσαν
637 2450 692 2518 καί
712 2453 757 2527 εἰς
777 2451 834 2535 τὴν
858 2456 950 2539 σφῶν
966 2454 1073 2517 αύτιόν
1093 2452 1273 2535 ἐπανάδρα-

168 2566 241 2627 μον,
266 2546 296 2611 οἱ
317 2549 353 2613 δέ
383 2556 661 2639 περιλειφθέντες,
686 2557 807 2639 πλῆθος
831 2556 886 2619 καί
907 2547 1010 2628 οάτως
1032 2554 1211 2637 ἀμύθητον,
1235 2550 1271 2618 τά

169 2648 278 2726 μάντι
300 2648 382 2738 νάσφ
416 2655 544 2743 λοιμικῇ
574 2657 630 2719 καί
648 2656 730 2744 λιμῷ
756 2658 1025 2739 καταπονηθέντες
1053 2654 1111 2718 καῖ’
1130 2650 1273 2737 ἡμιθνῆ-

171 2768 221 2821 τες
242 2745 457 2834 τυγχάνοντες,
479 2751 512 2818 τύ
538 2756 573 2820 δέ
585 2761 642 2821 καί
657 2764 722 2833 τοῖς
742 2758 985 2843 παρακειμένοις
999 2753 1197 2838 Βουλγάρυις
1218 2755 1273 2818 καί
1327 2749 1333 2758 ’

169 2853 235 2923 τοῖς
253 2850 469 2929 Πατζινάκοις
488 2846 809 2944 καταπολεμηθέντες,
830 2848 933 2942 ἄρδην
963 2854 1126 2925 άπούλοντο
1148 2854 1270 2944 σιδήρφ

151 3030 287 3120 ‘Graecus
305 3062 383 3131 prodi
402 3069 429 3114 et
451 3063 587 3131 proiectus
607 3077 685 3130 esse,
712 3063 848 3132 egreditur
875 3064 952 3132 regin
982 3070 1009 3116 et
1026 3062 1154 3117 adversus
1180 3061 1271 3130 Athy..

168 3150 228 3189 rem
247 3136 318 3188 circs
344 3135 450 3200 locum,
475 3136 521 3204 qui
547 3135 694 3188 vocabatur
716 3133 956 3200 Choerobucchus‚
982 3136 1010 3186 in
1036 3150 1087 3205 quo
1117 3135 1196 3186 etium
1222 3148 1270 3185 re.
1360 3164 1365 3173 ·

103 3221 105 3224 ·
168 3208 230 3277 gius
257 3207 393 3260 iirmuruut
423 3209 626 3275 possessiones,
657 3209 775 3260 tentoria
808 3208 916 3276 propriu
949 3207 1007 3259 lixit
1038 3216 1065 3259 et
1092 3221 1215 3271 suorum,
1247 3212 1273 3258 et

170 3286 249 3331 crunt
275 3280 366 3348 plures
390 3296 466 3348 quam
492 3288 598 3333 centum
621 3280 813 3351 quinquaginta
837 3296 891 3332 non
918 3280 1017 3331 maiore
1037 3294 1158 3344 numero,
1178 3294 1272 3348 quum-

170 3348 264 3403 obrem
298 3353 378 3405 etiam
409 3352 499 3404 multis
529 3354 666 3405 admiratio
699 3352 826 3418 obvenit,
855 3353 987 3421 quomodo
1018 3351 1099 3403 talem
1133 3352 1188 3403 vim
1213 3364 1272 3401 cum

170 3424 266 3487 tontis,
286 3439 334 3476 ren
361 3423 530 3477 homunculis
564 3427 658 3495 regiae
689 3424 810 3491 subiret,
847 3441 906 3477 cum
931 3439 1045 3476 neccsse
1071 3431 1161 3487 esset,
1194 3430 1273 3474 antea

171 3493 319 3549 orientales
346 3498 418 3547 vires
450 3497 600 3548 conducere
631 3505 659 3548 et
682 3498 719 3548 itu
744 3497 836 3565 egredi
863 3498 890 3547 in
921 3497 1095 3548 occidentem.
1146 3501 1173 3545 et
1196 3493 1273 3545 simi.

170 3568 207 3619 lis
233 3573 291 3615 erut
316 3564 438 3616 iubuloso
457 3566 556 3618 Bocchi
585 3568 730 3631 exercitui,
760 3568 863 3637 quondo
890 3584 948 3620 cum
966 3568 1079 3620 Bacchis
1104 3566 1154 3618 illo
1183 3572 1210 3615 et
1229 3563 1273 3616 Si.

171 3637 245 3691 lenis
264 3635 315 3686 hoc
335 3644 428 3686 contra
445 3636 524 3687 ludos
542 3638 762 3703 proficiscebatur
781 3640 840 3689 iter.
890 3656 948 3689 cum
974 3647 1060 3689 autem
1088 3636 1183 3687 intuli
1203 3643 1275 3687 esset

173 3711 220 3762 hic
241 3714 392 3774 apponius,
413 3707 510 3757 cursim
528 3707 651 3758 nonnulli
671 3708 810 3757 missorum
839 3709 872 3759 nd
889 3709 984 3759 istrum
1004 3713 1172 3759 revertentes
1192 3706 1274 3757 ubso.

173 3783 257 3835 lutum
276 3776 370 3846 populi
388 3779 543 3829 nuntiarunt
560 3776 717 3844 perniciem.
757 3784 948 3830 antevencraut
968 3780 1037 3829 enim
1057 3776 1128 3843 copti
1147 3776 1227 3828 luces
1245 3784 1275 3828 ut

172 3853 354 3908 liberarentur
371 3849 477 3901 illorum
490 3864 578 3914 mauu,
597 3850 643 3917 qui
662 3848 767 3916 quidem
782 3850 860 3900 etium
877 3851 1022 3903 sententias
1035 3849 1164 3899 inferrent
1183 3861 1274 3899 corum

174 3923 372 3990 dissipationis,
401 3930 539 3974 nsmuntcs
564 3920 696 3989 quomodo
725 3919 824 3972 delecti
843 3920 972 3974 llsorum‘
986 3920 1080 3973 lintres
1099 3921 1273 3973 ascendeutes

173 3998 281 4049 hortatu
313 3994 391 4046 etium
416 3994 575 4046 Graecorum
600 3992 770 4059 imperiorum
800 3993 904 4047 urbium
928 3994 956 4043 in
978 3994 1039 4047 lstri
1069 3992 1134 4059 ripis
1166 3994 1273 4045 siturum

172 4070 269 4136 Istrum
288 4066 443 4118 traieceriut
461 4072 488 4116 et
506 4066 533 4117 iu
549 4081 622 4117 suum
635 4067 752 4131 ipsorum
767 4058 1046 4128 terrumre'curreriut,
1067 4062 1155 4115 relicti
1175 4072 1272 4128 nutem,

172 4138 313 4191 multitudo
333 4139 371 4189 sic
391 4151 497 4205 quoquc
517 4139 621 4206 ingens,
641 4139 735 4202 purtim
763 4138 854 4189 morbo
875 4136 1004 4205 pestifero
1022 4145 1049 4188 et
1068 4136 1136 4187 inme
1156 4135 1273 4187 coniecti

175 4220 203 4261 et
221 4210 393 4274 semimortui,
413 4210 508 4277 purtim
528 4211 606 4261 ctiam
625 4224 674 4276 per
692 4210 844 4263 adiacentes
854 4209 985 4279 Bulguros
1005 4218 1031 4262 el
1049 4207 1204 4261 Putsinucos
1223 4206 1273 4257 de-

174 4280 269 4337 bellati
289 4282 406 4336 funditus
425 4282 556 4352 perierint
576 4282 647 4337 forro
667 4288 694 4333 ct
711 4283 820 4349 ungulis
838 4282 974 4337 brutorum
991 4279 1144 4341 animalium
1164 4287 1192 4331 et
1209 4277 1273 4347 ipsis

476 4515 481 4540 l
