3017 4892
255 298 330 371 aaa
461 264 463 269 ’
536 295 754 377 muninus
788 300 1049 377 amnionis

254 456 345 548 τήτος
367 470 431 539 τοῖς
453 468 515 531 τῶν
548 462 694 534 ἁπάντων
717 477 841 551 ψυχαῖς
863 472 1004 553 ἐγένετο,
1025 471 1082 534 καί
1101 466 1313 550 παχυὸσμιος
1342 460 1396 551 ἦν

254 565 372 646 πίθος,
405 564 460 632 καί
483 572 544 649 μία
564 573 691 651 piniana
714 566 749 634 τὸ
772 574 889 657 στέφος
914 570 1000 659 αὐτῷ
1032 571 1076 657 τῷ
1099 571 1159 659 υἱῷ
1180 574 1238 653 τῆς
1261 574 1392 650 βασι-

254 667 343 739 λείας
366 666 460 743 ἀξίως
486 671 520 733 ἐκ
540 674 659 735 πολλοῦ
679 673 735 735 τοῦ
751 672 868 755 χρόνου
882 674 1131 757 ἐπιφημίζουσα.
1172 675 1231 735 καί
1251 669 1282 735 οἱ
1307 674 1388 752 μὲν

255 767 372 842 εἰδότες
393 768 491 835 ου’τόν
520 775 574 837 καί
601 765 706 859 ἄκρως
735 778 939 859 ἐξησκημένοι
967 769 1023 858 τήν
1054 766 1155 857 ἄκραν
1176 772 1282 837 αὐτοῦ
1311 774 1387 836 er?-

255 872 385 948 τολμιάν
406 893 439 934 τε
449 869 455 895 ²
469 875 526 936 καί
545 872 755 959 οίνδρίιινικαί
777 867 873 949 αὖθις
891 872 987 958 πάλιν
1019 872 1077 957 τήν
1099 871 1283 958 ἆγαθὸτητα
1314 875 1386 940 καί
1391 883 1415 935 5

255 972 479 1037 πλουτοποιίαν
513 971 569 1039 καί
589 971 623 1037 τὸ
644 977 755 1060 ’πρᾶον
785 973 840 1039 καί
860 972 895 1039 τὸ
929 972 1111 1059 ὃμιλητικὸν
1144 976 1199 1039 καί
1232 970 1379 1042 οἷστεῐόν

255 1064 309 1131 καί
329 1064 455 1155 εὔχαρι,
476 1074 533 1159 ἀφ’
554 1068 677 1141 ἓαυταῖν
702 1070 789 1159 εἶχον
817 1072 873 1159 τήν
893 1076 1094 1159 μαρτυριάν,
1116 1078 1287 1162 κεχηνότες
1315 1076 1381 1141 “²⁸3

254 1170 311 1233 καί
330 1170 371 1231 δι’
393 1175 494 1255 ειίχής
525 1174 706 1255 ποιούμενοι
728 1174 763 1240 τί
788 1180 844 1259 τῆς
875 1176 1167 1266 βασιλειαςτοιίτιρ
1189 1179 1376 1263 περίοπτον

254 1270 368 1352 κράτος
381 1269 534 1338 ἔσεσθαι·
557 1272 586 1338 οἱ
602 1277 637 1339 δὲ
651 1275 695 1359 μή
711 1276 829 1353 εἰδότες
846 1270 867 1359 ή
885 1276 964 1363 πρὸς
981 1277 1085 1360 ὀλίγον
1098 1281 1319 1361 γινώσκοντες,
1337 1280 1375 1357 ἐξ

255 1370 351 1453 ἄκοής
371 1372 579 1455 τυγχάνοντες
601 1376 743 1460 ἐρασταί,
766 1377 828 1461 οιίχ
848 1368 942 1460 ἦττον
965 1380 1090 1444 ἐκείνων
1112 1380 1170 1464 τήν
1191 1380 1271 1464 ὑπὲρ
1300 1379 1421 1444 ari-10

230 1474 312 1564 ,τοῦ
335 1468 512 1554 ἐπιθυμίαν
533 1478 588 1541 καί
606 1479 664 1559 τήν
679 1476 826 1545 διάθεσιν
844 1476 990 1566 ἔτρεφον.
1035 1481 1079 1557 αίς
1100 1483 1128 1544 δ’
1151 1482 1170 1564 ἦ
1193 1480 1285 1567 φήμη
1307 1486 1371 1565 τῆς

248 1572 355 1643 ,αὐτοῦ
377 1572 581 1660 ἀναρρήσεως
610 1576 667 1662 τήν
698 1566 849 1661 βασίλίία
873 1585 1048 1663 κατέλαβε,
1068 1586 1223 1665 μετέωροι
1243 1586 1365 1657 πάντες

254 1671 400 1755 γεγόνασι
412 1680 467 1740 καί
486 1682 651 1763 χαρμονῆς
673 1681 919 1766 ἐνεπλήσθησαν.
964 1681 1019 1747 καί
1038 1674 1076 1765 ήν
1098 1687 1178 1749 ἰδεῖν
1199 1683 1277 1760 τούς
1300 1686 1363 1751 οἷν-

254 1767 405 1855 θραίπους
440 1775 540 1857 πτεροὶ
568 1784 747 1860 περιθεῖναι
773 1768 915 1866 ἑαυτοῖς,
937 1785 967 1847 εἰ
987 1776 1052 1849 οἷόν
1075 1808 1108 1849 τε
1129 1777 1178 1867 ἦν,
1198 1788 1363 1865 βουλομέ-

254 1894 344 1955 νους,
374 1879 431 1941 καί
449 1875 529 1963 πρὸς
553 1879 650 1962 αιίκόν
673 1883 869 1965 α’ποπτήναι,
900 1887 956 1949 καί
990 1888 1113 1973 παίδων
1142 1889 1360 1951 ἐπιλαθέσθαι
1372 1893 1402 1945 15

257 1973 312 2039 καί
331 1978 490 2057 γυναικῶν
509 1984 564 2045 καί
583 1982 689 2046 αὐτῶν
709 1984 828 2049 οίκιοῖν.
871 1981 890 2048 d
912 1985 950 2068 δή
972 1990 1027 2049 κατ’
1049 1990 1160 2050 notior*
1179 1988 1243 2051 cuia
1266 1988 1361 2051 α’στι-

257 2076 320 2137 κοόν
343 2080 562 2162 πεποιήκασιν.
620 2078 828 2165 ἀλογήσαντες
858 2086 919 2169 γὰρ
947 2088 1003 2151 καί
1030 2088 1135 2172 φόβου
1158 2088 1276 2163 παντὸς
1301 2091 1359 2152 τοῦ

257 2169 325 2237 τότε
347 2179 534 2258 κρατοῦντος
566 2183 612 2257 εἰς
641 2180 674 2245 τὰ
699 2181 876 2262 Βυζάντιον
899 2187 955 2251 καί
976 2175 1134 2270 τιμωρίας
1161 2190 1202 2251 δι’
1227 2190 1358 2269 αἵματος

259 2275 315 2341 καί
334 2276 454 2343 odaren
480 2284 535 2345 καί
562 2283 624 2347 τῶν
643 2286 701 2345 τοῦ
720 2287 830 2369 γένους
864 2286 1025 2372 φιλτάτων
1045 2288 1102 2352 καί
1130 2292 1194 2353 ταῖν
1214 2292 1250 2353 ἐν
1271 2292 1358 2377 με’σχο

169 2400 172 2405 ’
203 2410 210 2424 2
258 2378 313 2457 τῆς
334 2374 414 2441 idat
434 2375 550 2463 κόπων,
574 2380 629 2446 καί
651 2384 732 2467 μηδὲ
753 2389 817 2448 τοῖν
836 2386 1097 2454 ὄδοσκοποιίντων
1111 2388 1167 2452 καί
1185 2393 1240 2474 τῆς
1262 2388 1400 2459 εἶπαί-αθ

259 2476 341 2557 θρου
367 2477 560 2561 κρατούντων
586 2484 738 2567 Τοίρκων
760 2485 796 2548 τὸ
813 2489 934 2570 πλῆθος
950 2492 1124 2576 δείσαντες,
1147 2488 1263 2571 συχνοί
1283 2493 1359 2553 καθ’

259 2566 395 2661 ἓκοίστην
416 2579 654 2663 οίπήυτομόλουν
668 2582 747 2668 πρὸς
769 2586 878 2669 adeor,
900 2592 1032 2673 πρᾶγμα
1046 2592 1121 2673 πρίν
1143 2593 1291 2673 γενέσθαι
1311 2588 1353 2673 μή

260 2675 491 2759 πιστευόμενον.
535 2684 660 2749 ου’ίέπω
689 2686 750 2771 peip
772 2687 843 2752 τινοί
878 2713 927 2765 τις
946 2684 1029 2754 εἶδεν
1048 2687 1111 2774 cinti
1134 2694 1189 2774 τῆς
1206 2695 1358 2773 βασιλευ-

336 2834 377 2890 14.
398 2842 425 2894 εἰ
441 2854 484 2895 om
502 2842 550 2920 ⁰⁶,
608 2846 650 2899 15.
670 2834 759 2915 αὐτήν
778 2815 940 2918 α’ποστήναι
958 2851 988 2906 G.

189 3032 193 3037 ,
261 2978 426 3055 declarabat)
446 2988 545 3056 duplex
573 3007 647 3045 amor
665 3002 693 3045 et
711 2994 789 3047 favor
813 2997 841 3047 in
874 3000 989 3051 omnium
1024 3001 1118 3053 animis
1151 3002 1300 3056 oriebaturt
1329 3014 1355 3058 et

262 3055 333 3104 omni
359 3060 456 3111 mundo
478 3069 545 3128 „erat
565 3064 725 3117 desiderium
752 3076 840 3120 etuna
868 3079 995 3123 erat-vox
1014 3061 1139 3125 coronam
1158 3076 1182 3125 ei
1200 3075 1258 3126 tilio
1278 3077 1351 3143 regni

222 3144 223 3149 ¹
261 3123 341 3191 digne
362 3144 395 3179 ex
414 3131 496 3184 multo
516 3140 829 3203 temporeportendens,
848 3148 927 3209 atque
947 3145 993 3210 qui
1012 3160 1071 3194 eum
1089 3155 1222 3198 noverant
1241 3156 1268 3197 et
1278 3148 1351 3199 valde

260 3204 413 3261 spectarunt
431 3204 487 3253 eius
509 3219 633 3259 summam
653 3209 789 3261 audaciam
809 3218 836 3261 et
862 3212 1043 3265 fortitudinem
1068 3233 1213 3285 rursusque
1239 3220 1352 3270 strenui.

194 3267 201 3275 '
260 3272 341 3317 tutam
360 3277 387 3319 et
405 3270 596 3339 benignitatem
618 3286 645 3328 et
664 3279 834 3333 clementiam
853 3292 879 3334 et
898 3287 1048 3337 comitatem
1075 3297 1101 3339 et
1127 3288 1300 3340 urbanitatem
1328 3298 1352 3341 et

260 3337 384 3403 gratiam,
406 3356 439 3391 ex
458 3358 487 3394 ae
507 3344 640 3399 habebant
658 3351 853 3417 testimonium,
876 3358 1015 3422 cupientes
1034 3375 1139 3425 semper
1157 3369 1185 3411 et
1202 3370 1347 3427 precantes,

260 3416 291 3459 ut
308 3412 387 3477 regni
406 3412 519 3466 illustris
539 3422 658 3483 potentia
678 3421 740 3473 hnic
766 3425 950 3493 contingeret:
976 3432 996 3479 ii
1020 3438 1116 3495 autem,
1142 3433 1187 3500 qui
1216 3448 1274 3483 eum
1301 3448 1350 3483 non

178 3490 179 3495 ’
260 3489 393 3533 noverant
410 3492 456 3535 aut
473 3501 565 3552 parum
594 3489 725 3545 audiendo
759 3512 819 3547 eum
845 3508 1039 3566 cognoscentes
1069 3519 1128 3553 eum
1155 3504 1284 3569 amabant,
1301 3519 1350 3555 uon

260 3552 348 3603 miuus
367 3552 423 3608 illis
446 3559 596 3624 cupidinem
626 3571 653 3615 et
677 3565 879 3632 dispositionem
899 3587 963 3639 erga
982 3586 1041 3623 enm
1059 3574 1175 3625 alebant.
1214 3592 1273 3626 cum
1289 3574 1351 3626 iana

263 3623 320 3675 eius
339 3628 543 3683 renuntiationis
562 3633 653 3685 urbem
679 3650 855 3705 occupasset,
881 3642 944 3694 etati
972 3659 1063 3695 omnes
1090 3647 1197 3699 fuerunt
1216 3655 1243 3698 et
1262 3648 1350 3716 gaudio

262 3695 385 3763 impleti,
404 3706 484 3767 atque
503 3711 608 3769 poterat
626 3706 724 3776 uliquis
751 3712 855 3777 videre,
870 3714 992 3768 homines
1020 3716 1076 3768 alas
1100 3718 1152 3769 sihi
1170 3720 1192 3769 si
1212 3719 1271 3769 fieri
1291 3734 1350 3787 pos-

262 3774 312 3831 aet,
332 3770 495 3824 circumdare
514 3774 649 3843 volentes,
670 3788 695 3830 et
720 3782 753 3833 ad
773 3798 831 3833 eum
849 3785 959 3836 avolare
981 3795 1007 3837 et
1025 3786 1170 3839 liberorum
1189 3790 1310 3842 oblivisci
1327 3799 1351 3841 et

262 3852 372 3891 uxorum
394 3850 421 3893 et
439 3844 554 3911 ipsarum
573 3848 711 3901 domuumr
730 3854 757 3903 id
770 3856 841 3920 quod
861 3858 940 3907 etiam
958 3858 1034 3909 multi
1055 3875 1090 3910 ex
1107 3859 1179 3912 urbis
1199 3861 1294 3914 incolis
1312 3862 1350 3913 ie.

262 3918 364 3960 cerunt.
384 3928 472 3982 neque
491 3918 559 3968 anim
575 3921 704 3972 rationem
724 3923 854 3977 habentes
873 3929 957 3979 omnis
976 3930 1078 3984 timoris
1091 3939 1145 3982 tum
1163 3933 1191 3982 in
1202 3932 1349 3999 Byzantium

262 3976 422 4033 dominantis
443 3994 470 4037 et
489 3989 599 4041 ultionis
619 3994 749 4061 sanguine
769 3996 900 4060 ethonis,
926 4007 953 4050 et
970 4004 1084 4051 maxime
1105 4002 1271 4069 dilectorum,
1289 4019 1349 4072 quae

262 4054 324 4101 aunt
342 4050 370 4132 in
388 4067 499 4122 genere,
520 4068 546 4111 et
564 4060 685 4115 laborum
703 4066 748 4132 qni
776 4068 804 4116 iu
827 4061 915 4119 medio
934 4070 1032 4122 itinere
1051 4082 1126 4125 erant
1152 4074 1288 4142 subeundi,
1304 4091 1349 4127 ne-

262 4134 315 4187 que
335 4135 392 4174 vias
412 4130 616 4183 custodientium
637 4142 664 4185 et
683 4144 775 4201 aperta
800 4135 861 4189 loca
881 4144 1026 4195 tenentium
1045 4144 1186 4197 Turearum
1210 4147 1348 4201 multitidi-

261 4204 323 4244 nem
353 4201 501 4254 metuentes
529 4203 605 4256 multi
633 4208 751 4275 quotidie
777 4209 990 4281 transfugiehant
1019 4204 1052 4269 ad
1070 4232 1146 4283 eum,
1166 4234 1236 4287 quae
1255 4218 1349 4289 quidem
