3017 4892
240 305 313 392 sot
513 308 766 391 ,mensotis
792 307 1052 381 amotionis
1111 358 1114 363 -

237 490 331 581 μενος
355 483 542 575 ἐνηβρδνεκο
571 490 612 575 τῷ
636 490 668 564 ἐξ
695 474 799 551 edroi
829 487 991 572 πορισμῷ·
1041 485 1061 568 ἦ
1090 482 1121 547 δ’
1142 478 1247 547 ἔνδεια
1268 479 1354 559 τοδς

238 596 357 669 πάντας
379 593 510 676 ἐπίεζεν,
533 589 570 653 οδ
583 588 679 672 μόνον
693 592 751 653 τοῦ
768 591 858 653 σίτου
873 586 952 653 atti
971 590 1027 653 καί
1036 591 1098 652 τῶν
1119 578 1225 649 ἄλλων
1238 588 1350 650 εἰδῶν.

238 696 358 763 ἐκείνου
378 690 437 778 γὰρ
453 696 751 774 στενοχωρουμένου
768 692 885 773 ἀνάγκη
904 693 958 754 καί
975 688 1014 754 τοὶ
1033 687 1128 753 λοιπὰ
1140 694 1352 769 στινοχωρεῖ.

238 800 328 881 σθαι,
352 788 402 858 ὅτι
426 795 467 858 δι’
488 793 588 857 αὐτοῦ
608 794 672 856 τῶν
685 782 790 856 ἄλλων
802 785 945 874 ῶνίωκῆ
970 787 1129 875 ἐπίκτησις
1141 782 1166 871 ’ἐγ
1177 792 1351 870 περιποίη.

238 920 289 971 σκς
308 900 445 979 γίνεται,
467 890 521 957 καί
548 890 578 957 οἱ
603 895 855 975 μισθαρνοῦντες
876 896 1077 974 βαρυτέρους
1098 887 1175 964 τοές
1192 886 1381 969 ,μισθοὺςδ

240 994 294 1062 διὰ
310 992 346 1059 τέ
367 997 470 1079 ἐνδεὲς
486 996 541 1077 τῆς
561 994 682 1077 τροφῆς
703 992 883 1056 ἀπαιτοῦσι.
906 993 962 1068 καί
980 988 1011 1053 οἱ
1023 992 1083 1070 μὲν
1102 985 1351 1071 α’ξιολογῶτεροι

240 1099 303 1163 τῶν
325 1092 504 1177 ἐνδρῶπων
534 1096 589 1159 καί
618 1091 647 1155 οῖ
676 1094 718 1179 τῷ
751 1090 908 1179 φοδνδακι
935 1090 1156 1180 πλησιάζοντος
1177 1081 1350 1171 ἐγίνωσκον

198 1208 203 1227 ”
241 1195 298 1281 τήν
317 1195 417 1260 αὐτοῦ
438 1193 647 1278 χαλεπότητα,
668 1195 723 1257 καί
743 1185 820 1257 ὅθεν
839 1194 882 1279 τῷ
903 1191 1010 1279 κόσμῳ
1032 1188 1065 1253 τέ
1087 1187 1193 1254 δεινόν
1214 1190 1267 1269 τῆς
1290 1183 1350 1248 έν-

242 1300 330 1372 δείοις
352 1297 458 1380 αἠδῶς
483 1295 673 1359 ἐπεπόλασε·
731 1292 766 1357 τέ
788 1294 819 1355 δ’
840 1283 949 1356 ἄδικον
971 1292 1090 1374 κέρδος,
1105 1288 1154 1374 ῶς
1173 1285 1352 1374 φάρμακον

239 1401 345 1483 μέλιτι
367 1398 656 1475 κατεσκευασμένον
676 1416 709 1459 τε
732 1395 787 1457 καί
811 1388 1031 1473 κλεπτόμενονς
1052 1389 1128 1466 τοδς
1149 1392 1349 1471 κρατοῦντας
1363 1405 1398 1459 10

241 1496 459 1583 ἀπειροκάλως
479 1498 658 1580 κατέθελγε,
680 1492 795 1580 μέχρις
818 1488 857 1559 έν
879 1489 940 1558 σῶν
961 1496 1005 1579 τῷ
1027 1494 1132 1578 κέρδει
1153 1486 1264 1555 τούτου
1290 1494 1351 1553 καί

241 1598 297 1687 τὴν
320 1601 433 1665 ου’σίον
454 1601 559 1663 πᾶσαν
582 1601 638 1662 καί
659 1594 716 1681 τὴν
740 1598 899 1681 σωτηρίαν
921 1593 1090 1677 ἐπέβαλον.
1157 1618 1160 1624 ·
1187 1632 1194 1637 -

340 1702 387 1764 Ἑν
407 1698 532 1774 τούτοις
555 1689 611 1762 οὖν
633 1700 694 1762 τῶν
717 1699 890 1779 βασιλικῶν
920 1694 1345 1780 φροντισμοὶτων·δπόντων,

239 1804 362 1886 μᾶλλον
381 1803 416 1865 δέ
437 1802 499 1865 τῶν
528 1802 586 1865 τοῦ
609 1797 797 1885 Νικηφόρον
818 1800 930 1861 δεινῶν
960 1797 1188 1878 βουλευμάτων
1207 1822 1349 1881 συναγο-

240 1908 364 1987 μένων,
395 1894 514 1986 ἤρξατο
534 1903 593 1983 μέν
616 1895 767 1984 διιορρείν
794 1899 810 1963 ὅ
833 1907 919 1971 σῖτος
946 1901 1001 1961 καί
1021 1897 1209 1981 καταλήγειν
1229 1897 1267 1962 τὰ
1288 1901 1348 1982 τῆς
1358 1916 1391 1967 15

240 2003 390 2087 εὐθηνίας
414 2004 459 2076 εἰς
479 1998 612 2082 ἔνδειαν,
633 1995 748 2085 ηὔξανε
771 2001 807 2063 δέ
829 1998 923 2063 ὁτῶν
936 1999 1061 2061 πολλῶν
1081 1997 1268 2081 γογγυσμός,
1291 1997 1349 2062 καί

239 2106 359 2185 μᾶλλον
387 2125 450 2165 των
480 2102 618 2185 ἀκριβῶς
646 2098 862 2183 ἐπισταμένων
890 2099 924 2163 sd
956 2089 1088 2179 droam,
1110 2101 1166 2162 καί
1188 2093 1259 2162 ὅσοι
1281 2102 1348 2163 τῶν

200 2238 204 2244 ’
238 2202 409 2287 γινομένων
435 2204 539 2266 κακῶν
570 2205 728 2285 ἐγγυτέρω
751 2206 961 2283 καθίσταντο.
1012 2204 1195 2283 ἐδρυλλιῖτο
1223 2202 1260 2263 δέ
1289 2199 1345 2263 καί

241 2299 274 2367 sd
298 2297 384 2385 παρῶ
407 2298 460 2365 τὸν
473 2294 616 2383 Ἴστρουν
640 2305 805 2366 κατοικοῶν
836 2298 1083 2385 μιξοβαρβαρον.
1134 2298 1348 2382 παράκεινται

241 2400 300 2486 γὰρ
321 2403 361 2489 τῇ
389 2393 472 2490 ὄχθη
504 2400 614 2467 τοέτου
645 2406 763 2466 πολλαί
795 2405 850 2466 καί
870 2400 1008 2485 μεγάλαι
1030 2397 1156 2482 πόλεις,
1186 2399 1220 2463 ἐκ
1239 2396 1391 2483 aduncos)

240 2502 382 2587 γλῶσσης
411 2506 604 2588 συνηγμένον
633 2490 768 2587 ἔχουσαι
790 2507 930 2588 πλῆθος,
961 2505 1017 2565 καί
1046 2496 1201 2565 ὁπλιτικὸν
1223 2500 1261 2565 οὐ
1285 2524 1347 2583 μι-

240 2602 317 2690 κρὸν
337 2605 588 2691 α’ποτρέφουσαι.
644 2602 724 2690 πρὸς
762 2594 814 2679 αῖς
845 2602 875 2668 οἱ
902 2606 1132 2689 περαιωθέντες
1162 2604 1286 2668 Σκύθαι
1307 2599 1343 2667 td

311 2740 337 2793 ο.
358 2715 484 2808 saccea

242 2868 343 2913 tentem
358 2860 528 2915 habentibus.
565 2871 645 2931 atquc
662 2864 713 2915 iste
732 2863 854 2931 quidem,
882 2861 927 2929 qui
952 2862 1092 2930 sexaginta
1114 2861 1190 2914 libris
1218 2861 1344 2914 horreum

243 2933 415 2997 conduxerat,
434 2933 550 2986 iactabat
568 2942 706 3003 quaestum
740 2935 814 2986 eius:
833 2935 925 3000 inopia
953 2941 1039 2984 autem
1068 2948 1159 2987 omnes
1185 2933 1343 3008 premebat,

241 3018 297 3055 non
315 3003 402 3055 solum
426 3004 550 3057 frumenti
575 3006 623 3059 sed
651 3007 731 3061 etiam
760 3012 911 3057 ceterorum
933 3019 1071 3079 generum.
1115 3005 1164 3056 illo
1192 3006 1262 3057 euim
1285 3007 1341 3056 mi.

242 3082 306 3127 nuto
325 3091 438 3129 necesse
459 3085 500 3129 est
518 3079 596 3129 etiam
615 3077 720 3144 reliqua
739 3077 899 3140 minuuntur,
920 3077 982 3144 quia
1001 3091 1033 3127 eo
1055 3084 1204 3129 ceterarum
1213 3078 1341 3127 mercium

241 3149 362 3201 accessio
380 3157 425 3200 aut
444 3150 588 3215 acquisitio
608 3149 637 3199 lit
657 3156 683 3198 et
705 3149 749 3216 qui
769 3148 894 3198 mercede
912 3148 1035 3200 serviunt
1053 3151 1205 3216 graviorem
1234 3164 1342 3200 merce.

243 3220 302 3271 dem
316 3227 426 3285 propter
444 3220 561 3285 inopiam
580 3218 699 3269 alimenti
719 3217 871 3285 postulant;
889 3226 970 3286 utque
989 3219 1152 3273 illustriores
1172 3221 1275 3287 quidem
1289 3219 1343 3271 bo-

242 3289 328 3341 mines
355 3297 381 3338 et
408 3291 452 3356 qui
479 3290 561 3340 vieini
590 3298 665 3340 crant
691 3290 804 3352 horreo,
831 3291 1030 3357 cognoscebant
1054 3292 1112 3343 eius
1135 3290 1292 3354 molestiam,
1314 3298 1345 3341 et

243 3359 314 3412 unde
332 3362 429 3412 mundo
449 3360 505 3411 dira
523 3361 615 3428 inopia
639 3361 783 3412 iniucunda
808 3360 965 3414 obveniret:
991 3364 1115 3415 iniustum
1136 3372 1223 3414 autem
1241 3362 1345 3414 lucrum

243 3440 366 3499 tanquam
386 3439 464 3498 potus
476 3430 558 3483 melle
569 3440 709 3498 apparatus
724 3440 749 3483 et
760 3439 906 3500 surreptus,
926 3433 1091 3487 dominantes
1110 3436 1223 3502 turpiter
1237 3432 1345 3485 demul-

245 3504 348 3567 ciebat‚
379 3503 464 3555 donoc
491 3518 548 3555 cum
574 3503 649 3556 lucro
681 3504 759 3569 buius
785 3504 865 3556 etiam
894 3505 1152 3558 facultatcsomnes
1181 3514 1209 3556 et
1232 3504 1345 3557 salutern

244 3576 420 3629 amitterent.-

344 3664 391 3717 llis
410 3665 492 3733 igitur
510 3666 537 3716 in
557 3665 636 3719 rebus
651 3682 708 3718 cum
728 3670 821 3737 ‘regiae
841 3682 921 3718 curae
934 3666 1084 3731 subessent,
1103 3667 1162 3717 sive
1181 3665 1269 3733 potius
1287 3663 1347 3716 dira

244 3736 391 3806 Nicephori
411 3738 524 3789 consilia
544 3738 739 3801 conferrentur,
760 3740 851 3808 eoepit
869 3738 987 3790 delinere
1007 3738 1166 3789 frumentum
1194 3744 1221 3786 et
1238 3734 1348 3787 deflecti

244 3809 361 3861 felicitas
387 3809 419 3860 ad
445 3810 579 3878 inopiamt
606 3811 752 3878 augebatur
780 3810 955 3862 multitudinis
984 3810 1130 3878 indignatio
1156 3816 1237 3876 utque
1255 3809 1346 3876 ‘magis

245 3893 335 3943 eorum
355 3882 399 3948 qui
419 3888 543 3933 accurate
562 3881 682 3933 sciebant
707 3898 761 3932 rem
787 3884 938 3950 ingentem,
966 3887 993 3931 ct
1013 3882 1164 3948 quicunque
1183 3879 1261 3930 malis
1279 3894 1347 3945 pro-

245 3950 305 4017 pius
324 3951 469 4004 adstabant.
496 3953 714 4020 frequentabatur
733 3956 811 4006 otiam
830 3952 996 4003 sermonibus
1017 3952 1131 4019 populus
1150 3950 1346 4003 semibarbarus

243 4021 276 4073 ad
294 4020 389 4071 lstrum
409 4022 543 4076 habitans:
565 4026 687 4076 adiacent
706 4026 774 4075 enim
803 4024 876 4076 litori
895 4023 972 4074 huius
995 4022 1096 4085 multae
1113 4038 1280 4091 nragrraeque
1298 4036 1348 4071 ur-

243 4093 300 4156 bes,
323 4106 356 4141 ex
376 4095 446 4142 omni
465 4094 557 4163 lingua
577 4104 693 4148 coactam
724 4096 853 4145 habentes
880 4093 1075 4147 multitudinem
1102 4104 1128 4146 et
1147 4094 1238 4162 gravis
1257 4107 1347 4143 arma.

244 4171 320 4215 turae
341 4164 486 4217 exercitum
505 4181 559 4215 uon
578 4183 687 4235 parvum
707 4166 826 4217 alentes:
847 4166 878 4215 ad
900 4181 965 4234 quas
983 4168 1144 4235 transgressi
1161 4166 1277 4233 Scythae
1295 4178 1348 4213 an.

240 4241 303 4302 tea,
328 4232 478 4303 Scythicam
505 4236 627 4290 adferunt
657 4239 727 4290 ritae
755 4237 988 4290 consuetudinem:
1019 4254 1034 4290 u
1064 4238 1159 4309 quibus
1190 4236 1349 4307 diripientes
