3017 4892
241 303 290 382 58
328 231 357 304 ⁹
538 306 761 378 attentatis
787 304 1045 375 marmorio

241 477 378 558 vetitet.
419 475 519 538 τκάτα
542 469 647 538 τοίνυν
669 473 848 556 ἀμφιβολον
877 468 935 533 τοό
956 464 1158 552 πατριάρχου
1178 464 1347 552 παρεισά-

241 597 290 660 χει
311 571 639 656 προβαάλευμα“πρός
661 569 697 636 τό
720 575 750 637 εἰ
773 573 828 636 καί
848 567 1045 652 ἑκατέρωθεν
1068 569 1297 650 μελετώμενον.
1326 653 1332 660 ¹

332 667 493 757 Ἤρξαντο
514 667 572 738 υόν
591 671 703 748 πάντες
724 675 801 753 μιᾶς
829 672 958 755 μερίάυς
983 671 1038 754 τῆς
1062 670 1233 754 Κσμνηνοῦ
1253 675 1344 754 γίνε-

242 781 333 857 σθαι,
355 777 410 838 καί
439 773 652 860 κατηρείπωτο
681 769 716 838 τό
748 769 860 856 κράτος
880 773 937 835 τοῦ
957 773 1121 854 γέροντος·
1174 764 1257 835 οὕτω
1276 771 1342 856 γάρ

152 864 154 870 ’
243 875 343 944 ον’πόν
363 873 508 940 ἐκάλεσεν
532 873 552 958 ἦ
576 876 640 939 τῶν
660 869 930 955 συμπνευσάντων
957 873 1023 936 κατ’
1046 872 1145 936 ου’τοῦ
1165 875 1377 956 συμμορία,5

242 981 297 1044 καί
317 976 332 1041 ό
354 974 444 1058 λόγος
467 967 555 1050 οὗτος
574 971 652 1058 άχρι
674 973 728 1038 καί
749 969 884 1056 τήμερον
904 962 1129 1059 ἐπεκράτησεή
1152 970 1207 1034 καί
1226 969 1344 1055 μικρόν

131 1095 135 1108 “
243 1071 365 1152 ἔπαθεν
396 1079 453 1160 τής
475 1076 646 1158 ἀντιπέραν
681 1073 789 1158 κώμης
817 1076 871 1158 τής
901 1072 1135 1156 Χρυσοπόλειος
1164 1070 1255 1158 φήμή
1285 1073 1341 1138 τόν

245 1175 415 1274 Kampos
437 1181 511 1260 περί
531 1176 653 1242 τούτων
677 1178 841 1256 κατέλαβε,
860 1177 997 1257 θαρρεῖν
1018 1176 1267 1258 παρεγγυωμένη
1289 1168 1342 1239 ότι

243 1275 458 1368 προήνίφκται
479 1278 565 1365 αότῷ
588 1274 629 1342 τό
654 1277 831 1359 ἀνάκτορα,
861 1276 918 1342 καί
938 1272 955 1338 ό
982 1276 1082 1358 δῆμος
1103 1268 1188 1349 άπας
1207 1279 1262 1357 τῆς
1282 1273 1342 1339 πό-

244 1373 323 1455 λεως
344 1376 442 1444 noris
463 1373 613 1464 εὐφημεῖ.
667 1379 781 1458 ἀπέσχε
801 1379 847 1447 Αδίε
868 1373 925 1460 τήν
946 1374 1069 1459 όρμήν,
1090 1375 1150 1448 ἕως
1171 1375 1291 1450 ἐντελές
1310 1401 1340 1442 τι
1354 1392 1394 1445 lo

244 1477 300 1546 καί
319 1483 395 1562 πυρί
412 1481 466 1563 τής
488 1479 548 1542 sori
568 1480 714 1561 γέροντος
737 1479 956 1559 καθαιρέσεως
986 1470 1137 1538 πάθοιτε.
1185 1471 1242 1538 καί
1261 1477 1343 1558 ἀήτα

242 1583 302 1646 aa&
324 1577 527 1665 πατριάρχου
550 1578 670 1652 πάντας
691 1575 765 1652 τούς
785 1578 819 1640 ἐν
842 1579 923 1640 τέλει
942 1577 1242 1657 μετακαλεσαμόνου
1262 1573 1343 1661 πρός

241 1679 376 1762 ἔαυτόν,
410 1675 468 1756 οάς
494 1683 553 1762 μὲν
574 1675 747 1759 ἑκουσίως,
776 1671 830 1754 σός
865 1681 900 1743 ot
927 1678 1083 1754 ἀκουσίως
1105 1675 1342 1758 ἐκβιασθέντας,

143 1855 146 1862 ,
242 1779 340 1864 τυχόν
362 1782 576 1868 οἰκονομικῶς,
600 1777 811 1864 στρατιωτικά
834 1781 869 1844 δὲ
891 1783 945 1844 καί
965 1779 1116 1863 ἀήμοτικά
1136 1778 1343 1862 συντάγματα

243 1879 344 1974 ἐκεῖσε
364 1879 421 1966 τήν
436 1887 597 1965 βασιλειαν
618 1886 767 1962 ἐξουσίαν
786 1883 902 1968 ἀφυεῖς
922 1882 1146 1965 μετεστήσατο,
1161 1882 1217 1943 καί
1238 1878 1388 1962 ἀρχάςιῑι
1432 1923 1438 1927 -

245 1989 310 2057 τοῖς
332 1980 524 2068 πράγμασιν,
550 1980 664 2048 ὁπόσαι
683 1980 786 2071 τοάτφ
816 1981 948 2047 ἐδόκουν
967 1984 1010 2069 τῷ
1031 1984 1132 2068 καιρῷ
1152 1977 1342 2066 πρόσφοροι,

126 2085 129 2092 “
223 2080 468 2166 -προεοτήοατω
520 2081 575 2147 καί
603 2086 645 2168 τῷ
663 2087 787 2166 γέροντι
814 2081 870 2165 τήν
895 2085 990 2167 τρίχα
1020 2087 1208 2146 καταθεῖναι
1225 2081 1342 2146 αότίκα

246 2179 350 2263 μάλα,
382 2183 413 2246 τί
444 2191 628 2267 προαιροῖτο
649 2183 682 2247 τό
705 2186 769 2267 ζήν,
791 2185 923 2267 μήνυμα
951 2181 1092 2268 σφοδρὸν
1113 2185 1343 2261 ἐξαποστέλλει,

246 2282 307 2345 τοῦ
328 2280 470 2365 πλήθους
491 2285 587 2346 τοῦτο
609 2282 799 2360 κελεύοντος.
843 2277 861 2344 ἀ
884 2285 940 2364 tt,
963 2285 1068 2348 καίτοι
1085 2287 1148 2348 των
1167 2280 1344 2366 τήςάόλής

247 2377 395 2461 όπλετοόν,
413 2380 468 2445 καί
487 2375 556 2454 ,ὅσοι
580 2379 683 2471 τοόττρ
704 2381 912 2468 προσήκοντες
932 2378 1025 2468 ήσαν,
1046 2386 1092 2460 εἰς
1112 2377 1239 2465 άμυναν
1255 2385 1387 2461 ἐξελ-ρο

234 2483 319 2544 ’θεῖν
340 2484 404 2546 τοῖν
425 2482 604 2550 ἀντιπάλων
628 2487 871 2566 ἀιατεινομόνων
893 2489 949 2550 καί
968 2483 1100 2560 τούτους
1124 2480 1258 2566 ἑτοίμως
1279 2508 1344 2548 τιο-

240 2579 471 2666 Υρυιστήσοισθαι
499 2583 555 2649 καί
582 2582 618 2650 τό
641 2583 754 2671 κράτος
779 2589 869 2674 αάτῷ
895 2589 1082 2670 βεβαιῶσαι,
1103 2586 1162 2648 υάκ
1184 2585 1343 2670 ήνέσχετο,

74 2779 81 2790 ¹
151 2715 155 2722 ¹
246 2686 491 2769 μισανθρωπίας
510 2684 564 2754 καί
585 2689 758 2774 φιλαυτίας
779 2687 861 2770 όμοό
880 2691 1013 2775 πρᾶγμα
1028 2689 1127 2772 λόχων
1147 2679 1230 2752 εἶναι
1250 2683 1342 2750 πόδι’

319 2883 360 2942 14.
380 2885 422 2960 δὲ]
445 2903 478 2942 an
497 2889 548 2946 ts?
656 2893 697 2946 16.
717 2891 812 2948 ἐδόκει
830 2891 859 2946 G.

249 3058 318 3128 haee
333 3061 576 3185 igiturtauoipitom
594 3063 762 3130 patriarchae
779 3065 907 3116 inducunt
925 3045 1015 3130 legem
1032 3063 1060 3113 in
1078 3077 1109 3114 ro
1127 3062 1192 3116 licat
1209 3064 1244 3116 ab
1260 3064 1344 3116 utris-

250 3147 302 3204 que
321 3149 417 3202 oxoogr
430 3142 480 3190 ata.

357 3222 511 3286 coeperunt
535 3223 618 3287 igitur
646 3235 736 3272 omues
755 3221 789 3270 ab
807 3235 860 3270 uua
878 3229 953 3287 parte
972 3222 1101 3275 comneni
1120 3231 1208 3286 stare,
1236 3231 1263 3273 et
1280 3225 1344 3276 des.

249 3291 388 3344 traebatur
406 3292 525 3355 potentia
544 3292 631 3342 senis:
658 3292 696 3342 sic
724 3292 794 3342 eninr
820 3306 879 3341 eum
896 3293 1044 3342 nominavit
1062 3293 1257 3343 coniuratorum
1277 3311 1345 3348 oon.

249 3370 290 3414 tra
309 3375 368 3413 eum
387 3359 490 3411 classis.
528 3370 607 3428 atque
626 3375 711 3413 sermo
731 3362 775 3425 hio
795 3362 873 3413 etiam
891 3377 976 3428 usque
994 3363 1028 3414 ad
1045 3362 1125 3414 hodie
1135 3361 1238 3413 valuit:
1256 3379 1346 3433 neque

249 3431 358 3484 multum
377 3431 466 3482 asico
481 3447 561 3483 verso
578 3433 609 3484 ad
620 3431 801 3499 chrysopolin
811 3432 879 3484 fama
890 3433 1051 3486 comnenum
1064 3433 1150 3485 dehis
1163 3432 1243 3485 rebus
1267 3449 1345 3488 asse.

251 3509 311 3554 outa
330 3510 387 3567 ost,
407 3506 437 3552 ut
460 3503 605 3571 tranquillo
625 3512 697 3556 osset
717 3504 804 3555 animo
823 3520 952 3568 mouens,
972 3521 1031 3556 oum
1048 3506 1100 3557 iam
1118 3513 1211 3573 aperta
1230 3514 1301 3558 osset
1320 3509 1345 3558 oi
1435 3505 1456 3523 ·’

249 3573 325 3642 rogia
344 3582 370 3626 ot
389 3572 503 3641 populus
514 3575 599 3627 omnis
617 3574 691 3627 urbis
711 3591 770 3626 eum
789 3575 947 3628 celebraret.
984 3578 1096 3629 retinuit
1113 3585 1201 3630 autem
1219 3579 1345 3646 impetam

249 3645 336 3699 doses
354 3653 437 3698 totum
456 3647 519 3714 quid
539 3648 617 3698 etiam
645 3648 677 3698 do
696 3647 748 3699 line
767 3649 839 3699 senis
857 3649 968 3700 audiret.
1006 3658 1086 3718 atque
1104 3658 1243 3718 postquam
1261 3649 1345 3716 patri.

249 3716 330 3778 archa
348 3733 439 3770 omues
457 3720 625 3787 magistratus
644 3719 677 3771 ad
701 3735 730 3771 ae
763 3721 950 3773 arcessivisset
968 3721 1036 3773 alios
1062 3722 1196 3784 volentes,
1215 3721 1284 3772 alios
1301 3721 1344 3769 in.

249 3790 319 3844 vitos
340 3799 456 3844 coactos:
476 3791 621 3857 prudenter
632 3792 754 3854 fortasse,
774 3791 886 3843 militurn
905 3800 932 3845 et
950 3794 1044 3861 popuii
1055 3793 1173 3861 collegia
1191 3792 1227 3842 ibi
1246 3793 1344 3859 regiam

249 3866 409 3924 potestatem
430 3863 536 3915 omnino
555 3870 704 3926 mutarunt3
725 3872 751 3914 et
769 3865 936 3930 magistratus
954 3865 1049 3928 rebus,
1070 3872 1202 3932 quotquot
1221 3863 1282 3915 huic
1301 3863 1345 3913 vi.
1453 3867 1456 3878 “

250 3928 378 3984 dotantur
396 3933 509 3997 tempori
529 3935 592 3998 apti,
610 3935 774 4000 praeposuit.
813 3935 933 3995 sosani,
951 3942 981 3984 ut
1000 3951 1103 3989 comam
1120 3936 1207 3988 statim
1231 3941 1347 4000 poneret

249 4001 271 4052 si
290 3999 505 4064 mulierositate,
525 4004 630 4069 indixit,
649 4005 819 4057 multitudine
838 4003 889 4054 hoo
907 4004 1025 4058 iubente.
1061 4008 1112 4058 ille
1130 4015 1232 4068 autem,
1253 4019 1345 4073 quant-

250 4085 327 4138 qtutm
352 4070 450 4124 milites
470 4072 569 4136 aulici,
590 4084 616 4126 ot
641 4079 773 4144 quotquot
796 4074 859 4123 huie
878 4074 1065 4141 adhaerebant,
1086 4079 1178 4144 egredi
1198 4076 1345 4137 studebant,

250 4155 306 4210 quo
330 4141 498 4197 aduersarios
526 4154 648 4199 arcerent
676 4155 703 4198 et
729 4145 894 4198 subiicerent
918 4149 1118 4216 potentiamque
1143 4149 1169 4198 ei
1193 4149 1344 4207 firmarent,

250 4227 305 4268 uon
324 4213 457 4279 sustinuit,
478 4230 536 4266 curu
548 4216 601 4267 odii
621 4217 754 4270 homiuum
774 4225 801 4269 et
818 4217 916 4270 amoris
934 4218 1063 4271 suisimrl
1083 4234 1143 4272 esse
1161 4219 1346 4285 diceretpro-
