3017 4892
199 336 204 341 ¹
282 319 357 391 ονε
574 319 795 389 nicaenus
822 315 1091 411 mmuomu

282 478 416 565 ἔβαλλον
447 484 515 547 κατ’
538 482 642 547 ου’τοῦ
643 478 850 567 ,προστάξας
878 477 974 555 αὐτάς
1001 474 1145 566 κεφαλάς
1164 480 1230 543 τάν
1249 498 1433 542 κατακο-

284 580 449 647 πέπωκ’
428 606 559 667 εναγχος
582 582 838 648 άισαπίστελλεν.
880 603 909 644 οι
897 579 967 645 δὲ
988 579 1108 656 ταύτας
1128 580 1251 654 ιδόντες
1271 580 1335 642 καί
1363 579 1430 665 τῶ

281 680 452 771 παραδόξῳ
478 688 787 777 καταπεπληγμένοι,
812 674 903 747 ἄλλοι
934 683 1047 747 δὲκαὶ
1073 672 1289 800 γνωρίσαντες
1311 702 1426 761 ovy-

281 787 378 866 ysacio
407 775 429 867 ἢ
458 788 560 871 φιλων
591 789 646 848 καί
671 783 836 906 ὁμογνίων
857 780 1025 867 τυγχάνειν
1054 778 1095 847 τά
1118 781 1253 903 κάρηνα,
1275 782 1338 843 καί
1366 777 1417 843 τά

282 881 388 960 πάθος
408 910 453 967 μη
477 874 671 968 ἐνέγκαντες,
700 881 757 958 τάς
780 886 892 969 τρίχας
918 888 1099 950 κατέτιλλον
1124 883 1182 946 καί
1201 881 1238 945 τὸ
1262 878 1445 965 &ceiam

282 986 328 1059 εἰς
349 985 467 1071 θρῆνον
488 990 669 1067 μετέβαλον.

381 1080 460 1151 Εἶτα
482 1091 608 1160 πολλοῖς
640 1086 883 1171 στρατηγήμασι
907 1088 1170 1172 καίσοφίσμαοι
1190 1086 1247 1149 καί
1265 1086 1410 1170 ταύτην

280 1187 336 1272 τη“ν
358 1184 451 1252 πόλιν
472 1187 758 1271 παραστησάμενος
776 1185 793 1249 ά
816 1191 950 1271 Φακᾶς,
972 1181 1057 1252 οὕτω
1078 1190 1185 1251 πᾶσαν
1206 1182 1267 1269 τήν
1292 1190 1408 1269 νῆσον
1499 1246 1501 1302 η

280 1290 419 1372 ὑποτελῆ
440 1286 495 1353 καί
515 1286 682 1373 άπόφορον
695 1296 761 1365 τοῖς
778 1287 954 1372 Ῥωμαίοις
974 1288 1130 1373 ἀπέδειξε,
1152 1290 1208 1351 καί
1219 1290 1403 1372 Χριστια-
1499 1315 1500 1320 “

176 1402 181 1411 ’
211 1450 214 1457 ,
280 1392 343 1456 νῶν
373 1387 429 1453 καί
457 1386 637 1473 ὄρθοδόξων
668 1390 738 1454 α’ντί
764 1393 961 1477 Σαρακηνάν
992 1390 1159 1472 πεποίηκεν
1190 1383 1444 1472 οἶκητήριον.ςρ

281 1490 336 1557 καί
356 1494 410 1555 νῦν
423 1487 541 1556 ditavi
563 1492 836 1567 κατασκευασθεὶς
855 1496 933 1576 παρ’
946 1492 1067 1558 ἐκείνου
1080 1485 1273 1575 περικαλλὴς
1297 1487 1392 1572 ναός,

280 1596 335 1659 καί
357 1594 405 1657 ἐπ’
428 1589 561 1673 ὀνόματι
583 1594 639 1673 τῆς
662 1589 814 1655 θεοτόκου
848 1581 1025 1672 τιμώμενος
1052 1592 1107 1656 κατ’
1119 1591 1185 1654 Υτοῦ
1203 1593 1392 1677 μαγίστρου

221 1716 227 1723 ·
280 1690 454 1775 λεγόμενος,
470 1688 526 1753 καί
539 1687 660 1765 ου’τὸςο
652 1689 794 1766 ‘iliande
809 1690 1097 1777 άνεστηλωμίνος’
1080 1718 1114 1757 εν
1134 1685 1235 1781 reiro
1258 1692 1387 1776 νικητης

280 1797 335 1857 καί
362 1793 597 1877 τροπαιοῦχος,
629 1792 742 1875 δειγμα
773 1795 831 1889 τῆς
852 1792 984 1911 άνδρίας
1017 1793 1119 1858 αυτοῦ
1141 1817 1194 1857 και
1190 1792 1387 1875 εὐσεβείας
1499 1821 1501 1926 η

279 1896 333 1981 τῆς
355 1891 545 2017 τηλικαύτης
574 1894 670 1976 νήσου
700 1894 863 1976 παριστάν
891 1895 950 1977 την
980 1892 1180 1978 κατάκτησιν.
1224 1896 1282 1957 καί
1303 1885 1428 1961 εἴδοντο
1499 1933 1500 1988 η

277 1997 386 2060 τοῦτον
407 1992 467 2075 ε’γιά
491 1996 531 2081 τῇ
543 1990 627 2082 νάσῳ
649 1989 906 2079 ἐπιδεδημηκώς·
931 2020 985 2060 και
1005 1992 1090 2060 ἔστιν
1111 1993 1257 2081 ἐμφερὴς
1280 1992 1385 2080 πάντη

207 2090 211 2097 ’
280 2097 325 2179 τῷ
347 2096 659 2176 προμνημονευθὲντι
671 2097 805 2174 βασιλεῖ
812 2100 912 2183 κυρίῳ
929 2093 1103 2182 Νικηφάριρ
1116 2097 1159 2182 τῷ
1170 2092 1385 2181 Βυτανειάτη,

234 2270 237 2277 .
278 2193 412 2265 πίστεως
434 2190 588 2274 ἀκριβοῦς
610 2189 771 2274 σύμβολον
793 2198 852 2258 τοῦ
879 2191 959 2263 εἶναι
986 2198 1095 2260 τοῦτον
1116 2197 1236 2259 ἐκείνου
1262 2194 1386 2277 ‹indro-

279 2314 343 2357 νον.
386 2292 416 2355 εἰ
436 2289 537 2375 diem)
560 2290 614 2357 διά
634 2291 693 2376 τῆν
712 2295 877 2375 εὐσέβειαν
896 2298 1000 2362 odacri
1019 2295 1074 2361 καί
1091 2293 1264 2378 εὐλάβειαν
1285 2297 1385 2378 συνῆν

266 2386 367 2478 ἀὐτῷ
388 2392 408 2475 ἦ
430 2394 506 2456 θεία
537 2394 721 2479 α’ντίληψις,
747 2393 874 2471 πάντως
907 2392 1025 2481 άπορος
1058 2392 1098 2462 άν
1128 2393 1264 2479 ἐγεγόνει
1285 2398 1344 2459 καί
1365 2393 1426 2477 ηὀι)
1499 2391 1501 2502 l

280 2490 363 2577 πρὸς
383 2490 440 2577 τὴν
465 2494 595 2580 Κρήτην
618 2492 693 2570 ὁδός
716 2496 769 2561 κατ’
798 2495 818 2579 ἦ
840 2499 904 2562 τῶν
923 2502 1183 2582 βεβουλευμένων
1203 2505 1269 2574 τοῖς
1291 2500 1385 2562 ε’ναν-

280 2596 361 2669 τιόις
383 2599 574 2681 φανέρωσις,
608 2597 663 2659 κατ’
685 2586 706 2679 ἢ
727 2588 886 2682 άπρακτος
907 2596 1124 2683 άπεχάρησεν,
1144 2588 1164 2682 ἢ
1185 2597 1385 2682 κατάβρωμα

278 2700 344 2770 τοϊς
365 2698 526 2779 πολεμίαις
553 2692 685 2780 ἐγεγόνει
718 2698 775 2761 καί
794 2698 1026 2783 καταπάτημα·
1077 2696 1161 2783 ἔχων
1181 2700 1217 2763 δὲ
1236 2698 1280 2761 δι’
1304 2700 1386 2781 σ’ρε-
1494 2699 1498 2789 l

198 2974 205 2987 ⁸
279 2986 384 3043 stabant
403 2995 522 3053 arceret,
543 2994 571 3039 et
588 2987 631 3040 illi
650 2987 753 3055 lapides
772 2988 893 3039 iacerent
918 2994 1010 3039 contra
1027 3001 1105 3052 eum,
1124 2989 1182 3055 ipse
1200 2988 1274 3040 iussu
1292 2987 1382 3054 capita

278 3064 366 3127 nup'er
385 3061 535 3113 occisorum
562 3059 690 3111 adversus
713 3072 759 3111 eos
779 3058 859 3111 misit,
903 3058 1051 3110 illiautem
1074 3058 1283 3111 haecvidentes
1302 3066 1383 3109 etro
1499 3095 1501 3146 3

278 3133 463 3198 inexspectata
484 3131 642 3198 stupefacti,
668 3129 715 3180 alii
731 3130 810 3181 etiam
829 3139 1006 3197 agnoscentes
1035 3130 1154 3181 affinium
1172 3138 1218 3182 aut
1234 3130 1383 3181 amicorum
1499 3149 1500 3156 ι

278 3210 324 3253 aut
354 3210 527 3267 cognatorum
561 3201 647 3266 capita
676 3212 765 3268 neque
784 3200 903 3253 dolorem
928 3202 1046 3254 ferentes
1070 3202 1158 3253 crines
1179 3201 1334 3255 evellebant
1353 3209 1383 3252 et

278 3271 438 3323 audaciam'
431 3288 458 3322 m
478 3272 681 3324 lamentationes
700 3271 850 3323 vertebant

377 3366 481 3418 Deinde
495 3365 585 3418 multis
604 3368 673 3420 dolis
692 3376 719 3418 et
735 3370 855 3422 artificiis
874 3378 1012 3439 postquam
1025 3370 1093 3423 hanc
1112 3384 1220 3438 quoque
1239 3368 1359 3421 urbem'
1349 3385 1382 3419 ιιι

277 3444 436 3507 potestatem
456 3452 528 3489 suam
550 3438 661 3508 redegit
672 3438 777 3492 Phocus
796 3442 835 3492 sic
851 3449 934 3493 totam
953 3441 1066 3494 insulam
1084 3440 1246 3509 vectigalem
1267 3448 1294 3491 et
1311 3440 1380 3492 sul>-

277 3513 375 3561 iectam
394 3510 519 3561 Romanis
550 3510 677 3575 reddidit,
705 3519 732 3563 et
750 3510 960 3564 Christianorum
987 3521 1067 3581 atque
1092 3512 1300 3564 orthodoxorum
1327 3526 1381 3577 pro

278 3580 418 3637 Saracenis
450 3581 515 3633 lecit
541 3581 720 3646 domicilium,
740 3590 820 3651 atque
840 3599 911 3635 nuuc
937 3598 1043 3667 quoque
1063 3592 1149 3636 exstat
1167 3582 1294 3650 templum
1311 3596 1379 3649 per-

276 3652 418 3722 pulchram
441 3652 474 3705 ab
500 3653 549 3705 illo
575 3661 735 3707 exstructum
763 3663 790 3705 et
819 3655 868 3708 sub
892 3657 1001 3706 nomine
1026 3658 1116 3708 matris
1150 3656 1193 3707 dei
1221 3654 1379 3705 honoratum

278 3735 306 3778 et
331 3726 458 3794 templum
483 3726 601 3795 magistri
624 3726 737 3789 dictum,
766 3733 846 3793 atque
865 3728 924 3793 ipse
941 3726 1044 3779 Phocas
1070 3726 1193 3778 columna
1219 3733 1324 3777 erectus
1348 3725 1380 3774 in

278 3799 330 3849 hoc
349 3805 379 3850 ut
404 3799 491 3851 victor
513 3798 699 3861 coleremus,
726 3797 911 3849 documentum
931 3799 1037 3850 virtutis
1065 3801 1123 3850 eius
1149 3806 1176 3849 et
1200 3798 1308 3865 pietatis
1333 3803 1378 3847 ta-

278 3868 312 3920 lis
332 3869 436 3921 insulae
456 3869 577 3921 ellicieus
597 3869 805 3936 possessionem.
844 3876 924 3937 atquc
943 3869 998 3920 ridi
1018 3869 1090 3921 hunc
1115 3868 1237 3937 equidem
1263 3883 1322 3919 cum
1347 3867 1378 3917 iu

276 3939 392 3989 insulam
417 3940 553 4006 profectus
576 3955 677 4004 essem,
698 3946 724 3989 et
747 3946 788 3990 cst
804 3938 853 3990 ille
875 3938 971 3992 similis
989 3943 1098 3993 omuino
1122 3941 1181 4008 regi
1203 3948 1282 3991 autea
1301 3952 1378 3990 com.

276 4019 422 4061 memorato
455 4011 560 4062 domiuo
589 4010 742 4078 Nicephoro
767 4008 937 4074 Botaniatuc,
970 4010 1033 4062 lidei
1063 4020 1153 4063 certae
1178 4011 1298 4079 signum,
1317 4023 1380 4061 esse

277 4079 349 4131 huuc
368 4080 401 4131 ab
420 4079 469 4131 illo
489 4083 638 4134 oriundum.
675 4083 728 4133 uisi
747 4088 834 4131 autem
859 4090 970 4148 propter
990 4083 1118 4150 pietatem
1138 4084 1196 4134 eius
1216 4089 1242 4133 ct
1261 4083 1381 4133 circum-

278 4151 445 4217 spicientiam
470 4152 576 4205 adesset
602 4154 628 4203 ei
654 4152 773 4204 divinum
792 4150 935 4215 auxilium,
966 4156 1072 4207 omnino
1092 4154 1219 4207 inefficax
1237 4154 1333 4205 luisset
1351 4158 1382 4202 ct

278 4223 331 4277 iter
349 4224 378 4279 ia
397 4222 502 4277 Cretam
521 4230 674 4291 susceptum
693 4232 720 4276 et
734 4221 908 4279 consiliorum
926 4224 1042 4282 hostiam
1058 4225 1215 4293 declaratio,
1234 4233 1314 4297 atque
1333 4229 1382 4277 aut
