3017 4892
244 313 327 402 tt
568 323 789 398 urcmams'
819 318 1078 399 sirmiense

275 489 395 570 αύτούς
424 495 469 570 ὥς
498 489 706 578 αἱρετώτερον
735 490 802 576 ἔχει
832 495 950 558 θόττον
979 489 1126 558 ἁπάντων
1157 495 1340 559 ἀποθανεῖν
1371 485 1405 579 εἲ

131 604 150 660 i.
172 604 221 658 175
240 621 263 660 r.
274 593 465 680 ψεύσασθαι
496 592 551 677 την
575 593 745 676 όμολογέαν
768 600 821 678 τῆς
840 594 909 674 μετ’
939 594 1045 660 αότοόν
1066 596 1201 677 στερροῖς
1224 595 1400 676 διαμονῆς

184 691 188 698 ’
274 697 329 761 κατ’
348 690 530 780 ἀθλήσεως,
560 694 688 768 οἰκείαις
714 697 749 778 dd
770 697 866 776 χερσί
893 694 967 769 τοός
993 695 1092 770 πόδας
1118 689 1289 776 ἀποτέμνει
1317 697 1398 760 τῶν

273 795 386 876 ἵππιον,
406 797 576 879 καὶμέχρι
597 797 704 871 τέλους
729 797 950 878 α’γοονόσασθαι
970 794 1025 859 τόν
1048 796 1122 880 περὶ
1141 797 1251 880 ψυχῆς
1270 797 1395 878 α’γαῖνατ

273 900 352 962 πόσι
377 891 657 980 κατεπηγγειλατσ,
690 895 745 960 κατ’
771 890 835 970 τόϊς
856 895 1100 977 πολεμιωτάτοις
1123 897 1304 978 όμόνεσθαι
1325 895 1425 962 acis

272 997 317 1082 μη
341 998 551 1083 διαρραγῆναι
582 998 813 1082 τῆςσονοδιάις
835 1001 945 1062 orituri.
1001 995 1031 1063 οἱ
1053 999 1088 1062 δέ
1112 996 1147 1062 τό
1169 997 1293 1082 θύρσος
1313 991 1391 1061 αό-

271 1101 331 1164 'toti
357 1102 412 1162 κατ’
438 1097 471 1164 τό
495 1101 549 1181 τῆς
576 1098 721 1180 εόγενοός
751 1100 885 1183 α’νόριάς
907 1095 1071 1184 όπερφνὲς
1097 1099 1301 1182 όῖγασθέντες,
1324 1097 1391 1162 καί

271 1197 327 1284 τόν
346 1203 401 1283 τῆς
420 1191 545 1284 γνοόμης
567 1194 726 1284 εόθύτητα
749 1202 805 1265 καί
826 1200 884 1282 την
905 1194 987 1284 όγαν
1017 1195 1187 1281 εότολμιάν
1208 1202 1264 1263 κατ’
1275 1223 1388 1282 ’στερ-

273 1297 410 1384 ροτότην
429 1303 542 1380 πίστιν
570 1297 781 1386 ἐκπληκτικῶς
816 1303 1057 1386 ἐπαινέσαντες,
1088 1303 1253 1376 εόέλπτόες
1281 1292 1386 1376 ὅντως

272 1404 433 1487 γεγόνασιν
448 1404 504 1468 tob
523 1405 622 1486 μηδέν
646 1425 678 1464 τι
706 1407 823 1466 παθεῖν
853 1399 1045 1485 α’νὴκεστον,
1078 1404 1218 1468 τοιοῦτον
1239 1398 1385 1487 α’ρχηγόν
1397 1407 1433 1462 te

272 1505 457 1588 censentiret
479 1507 534 1567 κατ’
552 1505 609 1567 soii
631 1506 771 1583 πολέμου
794 1506 922 1586 καὶτῆς
945 1502 1024 1566 όόοό
1045 1500 1293 1587 προεξόρχοντα.
1325 1498 1384 1564 έκ-

268 1623 339 1692 1τοτε
359 1595 419 1668 σόν
440 1605 493 1668 ἐπὶ
517 1604 605 1668 ἐννέα
633 1603 758 1686 ἠμέρας
779 1602 833 1666 κατ’
853 1594 1007 1676 τοσαύτας
1032 1599 1145 1676 νύκτας
1176 1599 1214 1663 ori
1236 1601 1383 1666 διέλιπον

272 1700 304 1770 oi
323 1707 467 1786 πολέμιοι
503 1703 763 1788 περιιππεύοντες
794 1702 913 1778 αύτούς
947 1708 1003 1768 καί
1032 1704 1305 1778 καθολακτσόντες
1326 1705 1383 1766 κατ’

272 1805 372 1882 τόξοις
392 1791 572 1886 βόλλοντες.
625 1801 655 1869 οἱ
685 1807 720 1870 δὲ
742 1805 800 1883 τός
823 1807 961 1880 α’σπέόας
992 1808 1207 1888 προτείνοντες
1230 1805 1380 1885 ἐδέχοντο

273 1907 332 1988 μέν
352 1903 388 1968 τό
415 1909 492 1990 βέλη
513 1897 633 1970 τούτων
657 1906 713 1970 καί
731 1905 958 1992 ἀπεκρούοντο,
981 1903 1128 1988 ἐχόμενοι
1159 1906 1194 1968 δὲ
1223 1905 1278 1987 τῆς
1300 1898 1380 1966 lidori
1391 1910 1425 1964 15

274 2004 306 2070 εἴ
325 2027 409 2080 τινας
432 1997 526 2089 πόρον
546 2003 674 2090 ἔγγιστα
696 2005 819 2082 τούτοις
843 2006 1135 2089 παραπελόζοντας,
1157 2006 1378 2088 στερροτέραις

185 2146 192 2156 ι
274 2101 357 2170 πάνυ
380 2101 572 2170 κατεπόνουν
593 2113 736 2192 πληγαῖς.
760 2107 815 2172 κατ’
835 2109 987 2191 περιέστη
1007 2111 1049 2194 τῷ
1078 2103 1277 2194 Βοταιειότῃ
1296 2100 1375 2185 μετό

274 2209 336 2272 τῶν
357 2205 439 2293 ἄμφ’
473 2204 574 2271 αότόν
603 2206 620 2270 ό
648 2212 706 2272 τοῦ
735 2211 874 2288 πολέμου
902 2206 957 2271 κατ’
985 2206 1040 2290 τῆς
1065 2207 1151 2269 duod
1171 2203 1312 2285 κύματος
1333 2205 1377 2278 εἰς

275 2305 352 2383 όλας
374 2307 495 2392 ἡμέρας
519 2309 629 2374 ἕνδεκα
651 2313 706 2374 κατ’
726 2311 842 2384 νύκτας
863 2309 952 2390 ἴσας,
974 2311 1105 2392 πρᾶγμα
1126 2309 1210 2390 μήτε
1227 2312 1292 2382 τοῖς
1313 2329 1375 2368 πα-

275 2416 376 2488 λαιοῖς
396 2407 525 2484 ἐκείνοις
545 2407 602 2473 καό
619 2411 786 2499 ᾀδομένοις
807 2413 853 2486 εἰς
881 2409 1014 2491 οἷνόριάς
1027 2407 1178 2474 -ἕπότασιν
1196 2405 1276 2490 μήτε
1295 2409 1375 2481 νέοις
1384 2429 1420 2484 20

274 2506 309 2573 έν
330 2533 365 2574 τε
381 2509 551 2592 Ῥωμαίοις
581 2515 636 2576 καί
655 2515 801 2596 Πέρσαις
823 2507 878 2574 κατ’
903 2517 1024 2585 λοιποῖς
1044 2507 1151 2575 ἔθνεσι
1171 2510 1374 2592 κατορθωθέν

273 2633 309 2675 τε
332 2612 388 2676 κατ’
408 2615 578 2697 τολμηθέν.
631 2613 648 2678 ό
669 2612 727 2698 γύρ
752 2609 889 2695 πόλεμος
912 2615 967 2676 καί
994 2612 1147 2696 ἡμίτομον
1169 2607 1291 2693 ἡμέραν
1311 2608 1374 2672 stri

274 2712 521 2800 προσγενόμενος
542 2717 717 2802 παραλύειν
739 2708 824 2780 οἶδεν
843 2709 942 2780 αότόν
961 2712 1017 2778 κατ’
1037 2711 1372 2790 distabescente,

344 2863 423 2988 §.tan
440 2863 560 2922 αότιλνλ
667 2865 707 2921 18.
726 2883 761 2920 aa
780 2865 873 2924 stadt
896 2880 987 2936 margo
1005 2865 1057 2921 τοό
1073 2864 1172 2922 νόθου.
1210 2861 1279 2920 όόοό
1295 2861 1370 2916 adam

345 2951 375 2988 m
389 2951 491 3005 srpres.
793 2950 794 2957 ¹

273 3102 324 3156 nis.
363 3101 479 3170 propriis
505 3109 593 3154 autem
611 3101 731 3155 manibus
758 3102 841 3168 pedes
868 3102 1000 3155 abscindit
1025 3116 1172 3170 equarum,
1201 3108 1228 3153 et
1242 3108 1271 3153 ut
1289 3115 1370 3169 οτηαο

274 3175 306 3226 ud
329 3174 408 3225 finem
427 3173 520 3244 salutis
549 3181 682 3226 certamen
702 3181 838 3225 certarent
854 3175 975 3226 omnibus
993 3176 1178 3243 pronuntiavit
1197 3182 1224 3224 et
1242 3172 1369 3224 inimicis-

274 3247 346 3298 simis
365 3246 525 3299 resisterent
541 3261 613 3296 neve
635 3246 832 3312 dissiparentur
850 3247 1042 3299 ub'coniuncto
1057 3248 1156 3298 itinere
1175 3247 1242 3297 eius.
1280 3242 1307 3296 hi
1322 3260 1370 3296 au-

273 3325 327 3370 tem
346 3318 460 3368 animum
487 3317 545 3366 eius
573 3325 599 3367 et
623 3315 722 3368 nobilis
747 3319 853 3369 uirtutis
878 3320 1084 3386 magnitudinem
1112 3318 1231 3370 admirati
1258 3323 1285 3367 et
1310 3330 1370 3366 sen-

274 3387 375 3438 tentiae
395 3385 592 3453 simplicitatem
604 3395 631 3438 et
647 3387 784 3456 ingentem
802 3391 1044 3458 magnanimitatem
1062 3399 1089 3441 et
1107 3390 1281 3442 firmissimam
1298 3387 1370 3439 fidam

275 3464 386 3522 stupore
405 3457 544 3509 laudantes
564 3473 638 3528 spem
656 3457 752 3510 bonam
771 3477 867 3513 revera
886 3469 1057 3529 acceperunt,
1076 3461 1144 3513 nihil
1163 3460 1282 3528 patiendi
1299 3459 1368 3508 into-

276 3526 398 3592 lerabile,
419 3545 477 3580 oum
496 3528 577 3580 talem
595 3529 688 3581 ducem
708 3530 838 3608 haberent
856 3542 883 3584 et
899 3533 967 3585 belli
987 3541 1014 3584 et
1025 3534 1130 3584 itineris
1147 3533 1304 3601 principem.
1340 3542 1370 3579 er

214 3612 217 3616 ’
276 3599 328 3652 hoc
358 3607 479 3667 tempore
504 3601 612 3653 circiter
640 3617 737 3658 novem
766 3605 823 3656 dies
848 3612 875 3656 et
901 3606 1010 3657 totidem
1037 3613 1131 3656 noctes
1156 3619 1212 3656 non
1237 3600 1370 3655 cessabant

245 3711 248 3718 ,
276 3671 368 3724 bottas
397 3673 547 3741 equitantes
566 3674 665 3725 circum
684 3690 730 3729 eos
751 3685 778 3728 et
795 3675 923 3729 latrantes
942 3686 970 3729 et
986 3676 1082 3728 iaculis
1102 3677 1241 3728 iacientes.
1279 3673 1307 3724 bi
1324 3687 1369 3723 an-

275 3752 329 3796 tem
355 3753 430 3796 scuta
454 3745 644 3811 protendentes
670 3748 839 3814 excipiebant
857 3749 945 3801 iacula
962 3748 1056 3800 borum
1076 3756 1103 3799 et
1118 3746 1296 3814 repellebant.
1329 3751 1369 3794 te·

274 3829 357 3866 nacco
377 3824 465 3866 autem
484 3817 545 3869 viae
565 3818 588 3868 si
610 3833 676 3885 quos
695 3820 858 3872 invenerunt
876 3835 960 3886 prope
978 3819 1020 3871 his
1039 3821 1285 3886 appropinquantes
1307 3817 1369 3868 den.

258 3885 391 3936 sionibus
412 3889 520 3938 omnino
540 3903 586 3940 eos
606 3890 746 3942 domabant
767 3891 884 3943 ictibus:
906 3900 933 3942 et
951 3891 1067 3943 instabat
1085 3891 1220 3943 botaniati
1239 3903 1298 3939 cum
1317 3887 1368 3938 eius

275 3952 403 4007 militibus
429 3955 495 4008 belli
523 3965 549 4008 et
566 3959 670 4014 itineris
698 3960 819 4029 fatigatio
844 3976 892 4026 per
917 3969 989 4015 totos
1012 3962 1070 4016 dies
1097 3962 1220 4015 undecim
1239 3967 1267 4011 et
1282 3965 1369 4010 noctes

274 4025 401 4077 totidem:
421 4042 464 4079 res
487 4042 575 4095 neque
600 4032 737 4084 veteribus
761 4031 818 4082 illis
837 4040 865 4081 et
883 4031 1026 4086 celebratis
1046 4043 1157 4104 propter
1181 4031 1289 4086 virtutis
1308 4043 1369 4081 con·

274 4097 421 4148 tentionem
448 4113 538 4167 neque
562 4104 641 4154 novis
667 4105 737 4155 inter
766 4102 882 4154 Graecos
909 4111 936 4153 et
962 4103 1057 4157 Persas
1085 4116 1112 4158 et
1137 4113 1243 4158 ceteros
1260 4097 1368 4171 papulas

275 4175 425 4244 perpetrata
445 4177 473 4221 et
495 4180 632 4238 suscepta:
651 4173 752 4228 bellum
777 4174 846 4225 enim
875 4174 954 4226 etiam
980 4192 1028 4243 per
1054 4179 1190 4231 dimidium
1207 4177 1277 4230 diem
1294 4171 1368 4225 alicui

274 4237 375 4294 latiam
402 4239 510 4294 soluere
536 4242 587 4296 scit
612 4259 672 4296 eum
700 4253 726 4297 et
752 4245 884 4298 infirmum
903 4245 1012 4311 facere,
1040 4249 1190 4316 etquidem
1211 4247 1367 4316 equitantem

289 4391 293 4401 ·
382 4365 405 4420 ὑ
