3017 4892
515 350 531 380 ·
616 364 827 436 ursronm.
868 311 897 359 ⁵
981 397 1020 446 ·,
1199 364 1270 437 133
1325 390 1327 397 s

171 538 300 603 σννσδσι
316 531 372 599 τόν
392 536 435 600 e’a'
448 536 504 619 τῆς
525 536 708 617 δυσχωρίας
728 534 789 617 οὐχ
809 524 933 617 ήττονα.
978 528 1115 596 διελθιάν
1136 530 1195 615 γάρ
1218 512 1276 597 διά

171 639 296 701 πολλῶν
327 639 485 719 τραχιυιόν
515 637 569 699 καί
599 630 769 717 δυσβάτων
794 634 899 721 λόφων
921 636 966 709 εἰς
993 632 1067 707 τοός
1088 630 1274 715 λεγομένους

171 740 303 813 Ἀνθίας
322 735 402 817 μετά
419 738 478 821 τῆς
498 732 749 821 ὑπολειφθείσης
772 734 859 822 αὐτῷ
879 737 1032 818 στρατιάς
1045 736 1271 816 κατεκομίσθη.

172 837 306 903 ἔστιδ’
327 837 344 901 ό
372 838 468 912 τόπος
495 836 715 921 ἔξυπωρειοόν
742 834 887 920 μεγάλων
918 839 1000 921 σ’ρων
1021 831 1144 908 πεδινός
1165 856 1200 897 τε
1221 858 1274 897 και

147 933 339 1022 δεόυδρος,
346 964 398 1003 και
394 936 486 1014 ταῖς
508 940 707 1031 δυσχωρίαις
735 936 956 1022 δνειλημμδνος
980 937 1193 1021 ψυχαγωγίαν
1213 932 1276 1015 οόχ
1336 978 1342 991 -

170 1035 287 1125 ἥκιστα
309 1048 375 1114 τοῖς
405 1042 612 1120 καταίρουσιν
633 1036 667 1103 ἓν
688 1040 786 1128 τοότῳ
810 1035 927 1123 ἐνίησι,
950 1030 1111 1123 ποηφάρος
1133 1030 1200 1117 άμα
1220 1032 1277 1098 κατ’

172 1134 344 1225 σιτοφόρος
372 1137 539 1223 τυγχάνων
570 1164 621 1202 και
655 1130 719 1202 οἷον
749 1131 939 1222 όμφαλόςή
967 1143 1109 1218 ταμιειον
1137 1136 1195 1217 τῆς
1217 1136 1275 1217 γῆς

172 1243 294 1324 ἐκείνης
313 1243 370 1305 καί
390 1242 496 1304 πεδίον
513 1243 649 1325 τρυφῆς.
704 1239 824 1324 ἡμέρας
847 1232 902 1304 odo
922 1242 1023 1305 ε’κείσε
1043 1237 1274 1320 στρατοπεδευ-

172 1333 310 1419 σάμενος
331 1340 348 1403 δ
369 1339 529 1421 βασιλεύς,
551 1336 606 1402 καί
636 1339 692 1405 τόν
716 1342 841 1421 Ταῦρον
861 1338 895 1403 τό
922 1330 1006 1423 ὅρος,
1026 1334 1080 1401 τόν
1103 1333 1191 1418 παρά
1210 1344 1274 1410 τοϊς

128 1436 338 1523 χοέγχωρίσις
359 1439 553 1520 καλούμενον
575 1439 782 1525 Μοόζουρον,
805 1436 950 1523 δπερβάς
975 1438 1130 1509 ἐπιπόνως
1152 1440 1197 1511 εἰς
1215 1434 1275 1519 τήν

171 1543 346 1625 Κελεσίνην
367 1540 477 1625 χάραν
498 1538 678 1625 κατήντησε,
702 1539 815 1622 διαβάς
838 1537 872 1603 τό
899 1534 1047 1621 δεάτερον
1067 1532 1276 1619 τόν-Εὐφρά-
1341 1540 1347 1549 ”

169 1652 226 1724 τήν
255 1643 425 1724 ποταμόν,
458 1638 537 1704 κατά
559 1640 633 1715 τούς
662 1639 825 1723 άρκτιόους
859 1638 1025 1721 πρόποδας
1052 1636 1110 1699 τοῦ
1146 1631 1275 1719 Ταύρου

170 1740 259 1825 παρά
282 1743 318 1804 τό
342 1747 439 1824 μέρος
461 1744 561 1805 ἐκεῖνο
581 1745 812 1824 παραρρέοντα,
834 1738 887 1802 καί
904 1738 1090 1821 διαιροῦντα
1111 1737 1180 1801 τότε
1202 1728 1276 1821 ὅρος

172 1842 226 1903 καὶ
255 1842 311 1923 τήν
336 1844 510 1925 Κελεσίνην
542 1833 648 1923 δίσπερ
683 1836 844 1921 μεθόριον.
898 1835 931 1901 ἐν
954 1833 1052 1924 ταάτη
1075 1830 1132 1900 σόν
1154 1831 1276 1921 ἡμέρας

130 1938 260 2019 ς5τινάς
290 1940 494 2016 αδλισθὲντος
514 1943 573 2004 τοά
592 1941 829 2023 στρατοπέδου,
862 1936 953 2023 φήμη
976 1962 1024 2012 τις
1053 1938 1202 2023 εἰσερρύη
1223 1936 1277 2001 τόν

172 2035 409 2125 ὑπολειφθέντα
432 2038 571 2125 στρατόν
592 2042 637 2116 εἰς
659 2038 718 2122 τήν
738 2042 801 2103 τάν
819 2040 968 2123 Τοόρκων
990 2038 1171 2102 άντίστασιν
1184 2032 1274 2122 μάχη

172 2143 228 2203 καί
241 2144 368 2227 πολέμῳ
391 2144 547 2226 κραταιάς
567 2142 744 2225 ἡττηθῆναι
758 2144 812 2203 καί
833 2139 967 2215 πολλοὺς
991 2141 1179 2222 άπολέσθαι,
1200 2133 1276 2209 τινός

114 2319 122 2325 .
172 2241 202 2301 δ’
225 2236 418 2315 άπολοίπους
444 2243 519 2325 περί
537 2240 603 2304 ’τόν
639 2244 766 2323 Ταῦρον
789 2242 989 2323 διασωθῆναι
1023 2234 1056 2303 τό
1082 2230 1164 2322 ὅρος,
1189 2234 1275 2320 ἔγγι-

172 2339 231 2407 στά
252 2363 314 2403 που
339 2343 396 2403 τοῦ
418 2345 557 2427 πολέμου
588 2344 815 2427 γεγενημένου,
844 2343 902 2405 καί
918 2339 979 2403 πού
999 2364 1086 2414 τινας
1108 2336 1275 2429 σποράδας
1328 2362 1335 2379 s

127 2443 217 2522 χοεῖς
238 2440 296 2525 τήν
319 2442 523 2527 παρεμβολήν
543 2447 686 2524 εἰσιέναι,
709 2442 765 2507 καί
784 2438 900 2517 ἄλλους
922 2443 979 2505 ου’κ
999 2443 1124 2525 ὀλίγους
1148 2440 1274 2517 ἐλπίζε-

170 2547 259 2608 σθαι.
293 2536 333 2625 ἦν
353 2546 388 2608 δὲ
412 2545 451 2607 οδ
471 2542 603 2629 ψευδής,
628 2544 670 2619 oie
691 2545 905 2629 άληθίζεσθαι
927 2538 1091 2606 κάνταῦθα
1111 2540 1146 2605 τό
1164 2540 1274 2604 Ἡσιό.

171 2644 276 2727 δειον,
294 2637 344 2707 ότι
367 2641 459 2729 φήμη
498 2646 529 2707 δ’
550 2641 639 2709 οόπω
661 2645 795 2727 πάμπαν
818 2643 1017 2734 ἀπόλλυται,
1038 2638 1145 2727 ήντινα
1166 2641 1275 2704 πολλοί

244 2838 268 2889 1.
289 2835 440 2895 διιίιόνῦ
549 2840 575 2890 2.
595 2816 793 2909 τραχήνιόνθ.
869 2840 911 2890 11.
930 2838 1142 2905 κείενοίνηνῦ.

170 3007 323 3089 importuno
346 3004 396 3068 lit,
420 3018 475 3055 non
492 3004 595 3057 minus:
616 3011 800 3073 transgressus
831 3004 899 3055 enim
925 3019 973 3071 per
1000 3004 1097 3057 multos
1117 3019 1227 3073 asperos
1245 3014 1272 3058 et
1334 3036 1336 3047 ·

171 3077 258 3129 invios
278 3075 363 3127 colles
373 3041 405 3128 ad
417 3084 527 3128 vocatos
537 3076 649 3129 Anthias
660 3093 718 3128 cum
730 3075 826 3127 relicto
839 3076 889 3127 sibi
901 3070 1021 3127 exercitu
1040 3075 1142 3129 delatus
1163 3085 1211 3129 est.
1232 3084 1305 3130 est
1301 3108 1305 3147 t

171 3157 257 3199 autem
275 3146 352 3199 loeus
373 3164 406 3199 ex
418 3149 450 3199 iis
470 3164 539 3215 quae
558 3148 607 3199 sub
626 3150 728 3216 magnis
746 3148 881 3199 montibus
894 3150 944 3201 sita
958 3156 1019 3199 suut
1038 3163 1139 3215 aequus
1159 3156 1185 3199 et
1204 3164 1273 3215 aqua

170 3220 284 3270 refertus
311 3229 337 3271 et
362 3220 414 3272 viis
440 3221 597 3287 importunis
626 3221 847 3283 circumcinctus,
869 3219 1063 3271 oblectamenta
1091 3235 1145 3272 non
1163 3221 1272 3271 minimo

169 3294 202 3343 iis
221 3292 265 3361 qui
281 3293 307 3342 in
319 3292 664 3359 hocdegredianturailert‚
685 3292 775 3345 herbis
796 3291 930 3345 abundans
950 3290 1027 3344 simul
1048 3300 1074 3343 et
1095 3292 1227 3345 frumento
1245 3300 1272 3342 at

170 3365 245 3431 quasi
258 3364 335 3415 umbo
344 3366 403 3415 sive
413 3364 552 3415 thesaurus
564 3364 639 3415 illius
649 3373 746 3427 terrae,
761 3372 787 3415 et
800 3379 906 3431 campus
919 3364 1050 3415 luxuriae.
1064 3366 1121 3417 dies
1134 3368 1274 3434 (numerus

170 3436 259 3501 deest)
280 3436 362 3503 igitur
381 3435 418 3485 ibi
437 3451 544 3485 manens
563 3452 612 3487 rex
631 3445 658 3486 et
670 3436 781 3487 Taurum
804 3444 929 3500 montem,
949 3437 994 3505 qui
1013 3436 1081 3501 apud
1100 3437 1202 3489 incolas
1221 3449 1273 3487 vo·
1296 3448 1307 3528 η

172 3513 246 3556 catur
274 3505 419 3568 llluzurus,
446 3514 625 3572 transgressus
644 3507 794 3573 laboriose,
820 3509 847 3558 in
876 3515 972 3558 terram
996 3506 1159 3560 lieleusinen
1187 3508 1271 3569 vonit,

171 3582 310 3641 postquam
323 3577 428 3626 transiit
438 3576 533 3626 iterum
540 3576 702 3642 Euphratem
714 3578 824 3630 fluvium
839 3579 1006 3645 subpedibus
1020 3578 1273 3646 septentrionalibus

171 3646 248 3697 Tauri
275 3652 375 3710 partem
401 3645 474 3695 illam
499 3646 746 3711 praeterfluentem,
774 3656 800 3697 ot
818 3649 980 3699 dividentem
999 3658 1025 3698 et
1042 3658 1159 3700 montem
1179 3656 1205 3698 et
1217 3648 1273 3699 llo

172 3716 283 3767 lesinam
304 3715 380 3782 quasi
400 3716 493 3765 linem:
519 3717 546 3765 in
566 3715 616 3765 hae
636 3718 718 3783 igitur
737 3718 794 3767 dies
813 3718 958 3769 nonnullos
985 3735 1043 3768 cum
1061 3721 1203 3771 mansisset
1223 3735 1273 3771 ax.

172 3788 280 3849 orcitus,
300 3786 367 3836 lama
387 3787 514 3853 quaedam
533 3784 646 3851 influxit,
665 3788 787 3837 nimirum
800 3788 923 3839 relictum
937 3790 1100 3843 exercitum
1094 3808 1120 3842 ru
1130 3790 1272 3841 Turearum

172 3859 342 3925 oppositione
353 3873 441 3941 pugna
455 3866 481 3908 ot
493 3857 566 3908 bello
585 3858 718 3909 violenter
731 3859 865 3911 devictum
885 3874 944 3911 esse
964 3868 990 3911 et
1007 3862 1105 3914 multos
1126 3862 1272 3915 cecidisse:

171 3930 290 3997 reliquos
310 3938 396 3980 autem
416 3931 488 3980 circa
504 3929 614 3980 Taurum
634 3940 755 3983 servatos
774 3948 833 3983 osso
851 3940 976 3997 montem,
996 3950 1053 3984 cum
1073 3934 1192 4002 proximo
1210 3934 1272 3986 bol.

170 4002 224 4053 lum
245 4002 298 4051 laet
288 4010 341 4051 tum
362 4009 443 4064 esset,
463 4009 489 4052 et
508 3994 633 4069 quosdam
646 4003 807 4069 dispersos
800 4020 827 4054 m
848 4013 932 4056 castra
950 4005 1064 4073 ingredi,
1084 4015 1111 4058 et
1129 4005 1197 4057 alios
1217 4020 1270 4059 non

169 4088 269 4141 paucos
290 4074 448 4139 exspectari.
488 4082 545 4123 erat
563 4080 649 4123 autem
669 4089 723 4125 non
749 4074 832 4139 falsa,
859 4077 896 4127 ita
915 4084 943 4127 ut
962 4092 1053 4129 verum
1072 4081 1107 4131 sit
1127 4078 1205 4129 etiam
1225 4078 1270 4129 liic

169 4144 331 4195 Hesiodeum
350 4144 425 4196 illud
465 4144 551 4209 „lama
570 4147 677 4196 omniuo
703 4162 756 4197 non
775 4149 862 4200 inanis
882 4157 936 4213 est,
957 4164 1033 4217 quam
1052 4149 1128 4203 multi
1148 4150 1268 4200 homines

170 4217 310 4266 dictitant:
338 4217 387 4267 dea
419 4224 492 4266 corte
513 4216 639 4293 quaedam
669 4228 708 4270 est
734 4227 761 4269 ot
779 4222 863 4286 ipsa.“
893 4253 926 4265 -
945 4221 1061 4273 conlecti
1084 4224 1153 4274 onim
1173 4220 1268 4271 animis

174 4286 266 4339 Graeci
285 4297 356 4339 motu
379 4288 520 4341 Turcarum
541 4305 598 4341 cum
618 4305 632 4340 a
653 4291 725 4358 regis
752 4299 779 4341 ot
802 4291 906 4359 reliqua
925 4294 1050 4360 discerpti
1070 4300 1160 4347 assent
1177 4290 1270 4343 multi-
