3017 4892
263 266 335 347 ινλ
549 269 767 342 nrcmnnss
801 271 1061 343 ιτιλιιοτλπ

259 412 435 523 συνήγαγε·
479 438 615 521 ιιοτδγνιο
636 436 697 521 γοὶρ
718 440 781 502 τῶν
795 437 962 520 Ῥωμαίων
983 438 1141 519 αόἐβιιαν,
1164 432 1214 501 δτι
1238 434 1283 501 ἐν
1315 458 1415 500 τοι-

260 639 317 717 τδς
338 646 452 723 χεῖρας
473 634 553 701 κοινοί
572 640 809 723 Χριστιανικοῖν
834 634 978 719 αἱμάτων
999 638 1187 719 ἐξώπλισαν,
1210 634 1260 721 μὴ
1289 636 1405 722 ἐφει-

260 745 355 823 μένον
389 733 426 802 δν
459 742 493 803 ἐν
521 736 622 826 ταύτῃ
650 748 716 813 τοϊς
744 736 930 822 δρδοδόξοις
957 742 1041 825 μηδὲ
1070 738 1148 803 κατὰ
1173 732 1403 825 ἀλλοφύλων

260 842 418 917 ἐπεξιέναι
447 837 502 903 καί
529 835 586 923 τήν
617 836 715 924 χάριν
748 838 890 921 oppetas
920 843 976 924 τῆς
1011 838 1222 915 ἀναστάσεως.
1286 834 1425 919 δμωςὸ

262 939 374 1024 πριίοις
406 940 530 1014 τούτοις
558 938 784 1023 προσενεχθείς
814 944 869 1005 καί
889 944 1094 1021 συμπαθείας
1127 933 1270 1017 ἇξιώσας
1295 940 1396 1003 οἷπὲ·
1481 946 1482 949 ’

189 1061 191 1070 “
262 1046 351 1105 λοσε.
393 1039 467 1117 τούς
488 1042 525 1105 δέ
543 1046 744 1124 τραυματίας
767 1045 801 1106 ἐν
815 1050 883 1117 ταῖς
904 1041 1025 1123 κιδμαις
1046 1040 1194 1123 ἐπέθετο,
1215 1041 1279 1125 τήν
1306 1040 1393 1105 ἐπι.

261 1146 392 1223 με’λειαν
415 1143 519 1207 αὐτῶν
544 1143 718 1225 ἐπιτρέψας
742 1141 1011 1227 δπαραλόγιστον.

366 1247 475 1308 Ταῦτα
508 1248 567 1307 τοῦ
593 1246 750 1325 βασιλέως
780 1243 1025 1328 μεμαθηκότος,
1055 1238 1245 1325 κατήπειξαν
1271 1242 1391 1307 αὐτὸν

200 1369 229 1420 x
263 1338 343 1426 προς
373 1342 433 1427 τήν
461 1339 577 1424 ἔξοδον.
620 1343 786 1425 γενόμενος
808 1336 865 1406 orio
896 1344 928 1406 ἐν
950 1345 990 1431 τῇ
1013 1344 1179 1439 ἐπρσριέυξι
1201 1342 1266 1406 τῶν
1294 1346 1386 1407 Με-
1397 1361 1430 1413 10

262 1445 433 1526 λαγνείαν,
466 1440 521 1506 καί
547 1440 625 1509 κατα
652 1443 768 1526 μικρὸν
799 1444 959 1527 α’θροίζοον
989 1440 1045 1526 τήν
1070 1439 1241 1525 στρατιάν,
1270 1435 1385 1505 ὁπότε

264 1543 346 1623 ιιοίμὲ
369 1538 449 1624 πρὸς
476 1540 533 1625 τήν
565 1542 668 1628 αδτὴν
689 1548 888 1627 λειτουργίαν
917 1540 962 1627 μὴ
985 1546 1119 1607 θέλοντα
1141 1542 1246 1605 ἐλθεῖν
1272 1566 1381 1625 κατη-

265 1640 398 1726 νάγκασε
426 1646 470 1731 τῷ
499 1647 562 1707 zeta
583 1650 758 1730 πατρικίων
792 1640 962 1729 τετιμηιιιδς
987 1641 1163 1722 α’ξιοίματι,
1188 1644 1290 1727 μέχρι
1312 1644 1381 1706 τοῦ

243 1744 448 1831 ξΔορυλαίον
475 1741 534 1827 τὴν
566 1742 671 1831 φοροὶν
706 1743 886 1829 ἐποιήσατο.
945 1748 1045 1809 ἐκεῖσε
1076 1746 1111 1807 δὲ
1143 1751 1225 1824 τρεῖς
1246 1740 1377 1827 ἡμέρας

264 1845 624 1933 προοιιαρτερήοαντος,
657 1846 804 1933 πρέσβεις
836 1839 910 1930 ἧκον
944 1843 977 1909 ἐκ
998 1849 1056 1911 τοῦ
1088 1844 1291 1931 Κρισπίνοο,
1313 1840 1376 1926 τὴν
1386 1861 1415 1912 15

265 1942 436 2027 ὁμολογίαν
462 1949 520 2029 τῆς
546 1944 731 2025 δουλώσειος
760 1951 877 2013 ἐκείνου
898 1951 1011 2034 σοφοῖς
1044 1945 1295 2029 ἀπαγγέλλοντες
1314 1942 1377 2005 καί

264 2045 322 2129 τὴν
344 2044 515 2127 ἐπολογιλιν
539 2050 592 2132 τῆς
614 2050 837 2123 α’ντιοτοὶσιοος.
889 2053 945 2113 καί
967 2048 1075 2137 διπλοῖς
1098 2042 1274 2130 ἀμνηστίαν
1298 2045 1373 2107 ἐπι-

265 2144 403 2231 ζητήσας
424 2148 486 2210 ταῑν
506 2146 580 2231 πρίν
599 2151 785 2231 γενομένων,
806 2148 848 2224 ιδς
863 2149 965 2213 αὐτοῦ
989 2150 1031 2233 μὴ
1053 2152 1197 2221 θέλοντος
1219 2150 1371 2225 πολεμεῖν

266 2243 297 2311 οἱ
311 2242 464 2328 Ῥωμαῖοι
491 2247 808 2333 προσυπαντήσαντες
836 2248 1095 2334 κατηνάγκασαν,
1123 2244 1216 2329 ἔτυχε
1238 2246 1295 2327 τῆς
1316 2244 1369 2307 αἶ-

264 2346 401 2431 τήσεοος,
426 2352 675 2431 τοδίβαοιλεύς
707 2352 890 2437 περιχαρῶς
926 2353 1097 2431 δεξαμένου
1130 2345 1189 2432 τὴν
1211 2337 1411 2429 'rotomnam

266 2446 434 2532 δμολογίαν
460 2448 515 2515 διοὶ
538 2451 649 2517 τὸτοῦ
679 2450 798 2538 οίνδρός
816 2460 958 2536 γενναῖον
984 2454 1038 2517 καί
1051 2448 1137 2536 πρὸς
1152 2447 1211 2524 τὰς
1234 2454 1365 2527 πολεμι-

265 2546 324 2627 κοὶς
345 2552 474 2637 πράξεις
505 2556 562 2619 καί
583 2555 741 2633 διατάξεις
770 2556 937 2633 ἐπίδοξον·
981 2556 1036 2619 καί
1056 2550 1115 2639 γάρ
1138 2552 1192 2631 καί
1219 2546 1362 2633 Τοίρκοιν

265 2821 321 2867 tam
345 2814 428 2882 igitur
454 2816 609 2883 praesidens
638 2816 792 2869 Latinorum
817 2816 944 2884 princeps
963 2830 1017 2867 non
1040 2814 1257 2883 intempestivum
1273 2827 1357 2881 neque

264 2886 384 2953 ineptum
402 2896 562 2940 conventum
579 2889 749 2941 convocavit.
787 2888 921 2940 damnavit
940 2888 1009 2939 enim
1030 2887 1189 2940 Graecorum
1201 2886 1356 2952 impietatem

265 2957 337 3026 quod
355 2957 402 3010 tali
420 2959 524 3027 ingenti
545 2966 571 3011 et
591 2958 739 3011 admirabili
761 2960 813 3023 die,
833 2960 904 3027 quod
925 2968 965 3011 est
986 2959 1114 3011 festorum
1140 2958 1247 3021 festum,
1271 2972 1355 3007 manns

265 3036 357 3080 contra
377 3028 586 3083 Christianorum
605 3033 761 3100 sanguinem
787 3031 972 3096 paravissent,
1001 3046 1058 3083 cum
1085 3044 1139 3081 non
1160 3036 1230 3081 esset
1249 3027 1355 3079 hoodie

265 3101 423 3167 permissum
442 3102 597 3154 orthodoxis
614 3119 649 3153 ne
669 3110 761 3153 contra
779 3116 898 3169 paganos
918 3103 1023 3170 quidem
1044 3102 1145 3169 egredi,
1158 3108 1184 3151 ct
1196 3099 1354 3151 clementiam

266 3171 375 3222 eludere
393 3174 726 3238 resurrectionisdomini.
766 3181 853 3224 tamen
879 3173 1025 3224 clementer
1050 3187 1095 3224 eos
1124 3179 1238 3223 tractans
1268 3178 1291 3221 et
1306 3170 1353 3219 mi.

265 3242 412 3293 sericordia
432 3243 544 3309 dignans
563 3244 679 3308 dimisit,
699 3243 852 3297 vulneratos
870 3252 957 3295 autem
976 3244 1003 3295 in
1024 3245 1099 3313 pagis
1120 3244 1252 3310 deposuit,
1272 3256 1351 3293 curem

265 3312 299 3362 iie
318 3311 460 3363 advertens
479 3312 658 3380 infallibilem.
687 3313 753 3365 haec
771 3324 909 3384 postquam
920 3332 968 3367 rex
978 3316 1088 3379 audivit,
1106 3315 1287 3367 excitaverunt
1300 3327 1351 3363 eam

265 3383 298 3435 ad
307 3384 367 3434 iter.
764 3396 766 3400 ’
791 3392 795 3400 “

364 3467 478 3523 versans
497 3472 579 3541 igitur
597 3474 624 3524 in
645 3476 786 3542 provincia
806 3474 941 3545 (delectu)
962 3475 1163 3542 Melangeornm
1174 3482 1200 3525 et
1215 3473 1288 3524 brevi
1306 3486 1350 3522 co-

265 3560 332 3613 gens
352 3544 507 3609 exercitum,
527 3560 579 3612 qno
599 3553 719 3613 tempore
740 3548 819 3598 etiam
838 3562 880 3597 me
900 3548 939 3615 ad
951 3548 1020 3598 idern
1040 3546 1157 3597 officium
1176 3545 1286 3597 invitum
1307 3558 1350 3593 ac.

265 3616 363 3668 cedere
392 3616 503 3684 coegit,
532 3618 704 3683 patriciorum
723 3619 857 3673 honorans
875 3620 1020 3686 dignitate:
1040 3627 1125 3685 usquc
1152 3617 1184 3668 ad
1203 3614 1350 3680 Dorylaeum

264 3688 390 3753 impeturn
411 3687 483 3739 fecit.
522 3688 559 3739 ibi
577 3697 665 3741 autem
684 3699 738 3752 tres
759 3692 816 3743 dies
837 3707 868 3742 eo
890 3692 1000 3742 durante
1016 3688 1099 3757 legati
1116 3695 1273 3739 venerunta
1286 3686 1348 3739 Cris·
1380 3708 1386 3713 ·

265 3759 329 3823 pino
349 3760 546 3812 confessionem
565 3763 702 3814 servitutis
723 3761 796 3815 illius
816 3770 908 3829 aperte
926 3761 1097 3812 nuntiantes:
1117 3759 1176 3828 (hic
1206 3758 1282 3809 colon
1306 3772 1349 3823 po-

265 3830 379 3879 nendum
398 3838 425 3881 et
443 3834 583 3897 sequentia
600 3833 633 3884 ad
651 3833 765 3885 alterum
784 3835 946 3886 enuntiatum
966 3831 1108 3901 trahenda)
1119 3838 1146 3881 ct
1167 3829 1348 3881 excusationem

266 3898 404 3952 seditionis
425 3910 452 3951 ct
470 3918 523 3952 uno
543 3902 626 3955 verbo
645 3906 751 3957 veniam
771 3919 901 3971 quaerens
921 3912 999 3954 antea
1017 3903 1163 3966 factorum,
1184 3916 1242 3951 cum
1260 3916 1287 3953 se
1310 3899 1348 3949 in-

266 3968 349 4019 vitum
368 3970 400 4019 ad
418 3970 519 4023 bellum
538 3976 692 4043 coegissent
710 3982 883 4026 occurrentes
909 3973 1013 4039 Graeci,
1042 3974 1101 4041 (hic
1129 3988 1231 4025 comma
1255 3984 1348 4037 ponen-

265 4038 340 4105 dum)
360 4039 470 4118 emptus
490 4054 530 4094 est
551 4047 621 4112 quod
639 4049 764 4113 petierat,
788 4060 855 4111 rege
873 4044 1019 4097 laetissime
1038 4046 1188 4112 accipiente
1208 4042 1346 4105 talempro-

266 4109 420 4173 fossionem,
441 4121 550 4178 propter
568 4117 620 4168 viri
645 4117 812 4171 nobilitatem
838 4116 949 4187 eiusque
975 4124 1067 4167 contra
1097 4116 1213 4169 hostium
1242 4114 1301 4165 iacta
1324 4118 1347 4160 et

267 4181 340 4238 acies
355 4180 477 4250 gloriam.
516 4187 613 4237 etenim
633 4192 711 4240 etiam
729 4188 821 4241 Turcis
840 4194 918 4240 antea
931 4203 1074 4241 occurrens
1085 4187 1253 4241 multitudine
1267 4196 1346 4251 magna
