3017 4892
620 349 828 420 nieman.
948 290 957 422 s
997 423 1000 426 ,
1213 346 1263 420 ει

162 529 223 588 νος.
266 509 453 598 συναγαγών
474 505 530 580 οὖν
549 508 635 578 dnos
656 512 689 578 τό
715 511 942 601 στρατιωτικόν
964 509 1147 601 δδηλωθιές
1160 537 1264 600 στρα-

161 611 272 699 τηγός,
296 613 359 678 τῶν
380 616 520 698 σημείων
544 613 707 698 άρέἐντων
726 621 832 699 χωρεῖ
856 612 932 698 πρὸς
952 614 1010 702 την
1029 606 1164 697 άμυναν.
1210 615 1266 680 καί

161 711 342 798 περιτυχών
367 716 766 799 κατεστρατοπεδευμένυις
794 717 904 792 αότοίς
925 713 1027 804 ζμάχη
1058 715 1114 781 κατ’
1141 717 1264 783 τούτων

161 811 324 899 ἐκράτησε,
346 811 402 880 καί
420 810 477 881 τόν
500 809 611 896 ὅμοιον
633 811 746 899 τρόπον
773 813 891 892 adroic
912 816 1037 892 διαθείς
1057 812 1131 892 τοός
1150 839 1184 882 τε
1203 838 1263 880 πε-

133 911 276 989 5σόντας
298 910 470 984 ἐσκόέενσε
492 915 547 980 καί
563 918 632 999 μετ’
655 915 814 984 ἐπινικίων
842 920 887 995 εἰς
908 916 965 1002 την
987 920 1147 1004 σφετέραν
1166 919 1264 1001 ἐγκα-
1339 980 1343 998 ,

159 1009 325 1099 τεσὴκωσε.
380 1022 505 1093 πολλοῖς
526 1019 561 1080 δὲ
583 1011 958 1112 τοιοόιοιςκάγωνισμασι
982 1015 1068 1092 ἐντὸς
1095 1020 1148 1102 τῆς
1166 1018 1263 1102 σιδη·

159 1117 220 1198 ράς
242 1110 414 1200 δπέρτερος
444 1119 507 1184 τάν
539 1119 688 1186 ἐναντίων
710 1117 933 1202 ἀποδειχθείς,
955 1119 1062 1186 πάσαν
1083 1118 1141 1204 την
1162 1119 1264 1202 ἐκεῖσε

159 1218 218 1301 γῆν
237 1217 292 1298 τῆς
313 1221 511 1304 βαρβαρικῆς
533 1221 655 1307 ἐφόδου
676 1224 815 1302 βεβαίως
835 1219 999 1305 ἐκάθηρεν.

259 1318 427 1403 Ἐπαρθείς
450 1311 507 1386 οὖν
530 1317 546 1383 δ
568 1320 722 1404 βασιλεός
753 1330 821 1398 τοῖς
838 1324 987 1388 ἐντεῦθεν
1008 1323 1212 1407 α’γωνίσμασί
1230 1347 1264 1388 τε

117 1423 217 1506 torni
236 1418 475 1505 προτερήμασι,
499 1421 601 1508 δόγμα
630 1419 671 1488 ίει
692 1425 892 1510 πανστρατιᾷ
913 1427 1027 1489 τοῦτον
1050 1424 1096 1499 εἰς
1119 1414 1176 1509 τήν
1198 1427 1264 1489 τάν

159 1517 310 1587 ἐναντίων
331 1523 483 1604 γενέσθαι
498 1521 712 1608 παρεμβολήν,
733 1517 828 1611 ἓτέρρι
852 1521 988 1605 δυνάμει
1007 1517 1140 1613 ἐτόρτην
1161 1548 1265 1606 στρα-

159 1618 231 1685 τιάν
254 1620 440 1705 ἐξογκοόσας.
484 1627 646 1708 ἐπιτρέπει
677 1627 713 1690 δὲ
736 1627 791 1689 καί
812 1621 867 1690 τόν
901 1624 963 1688 τιόν
986 1623 1180 1709 Βουλγάρων
1201 1648 1265 1688 σα-

159 1722 285 1807 τράπην
305 1715 358 1806 (ἦν
379 1725 414 1787 δὲ
437 1716 529 1798 οὗτος
558 1731 623 1798 τοῖς
644 1734 798 1806 μοναχοῖς
826 1726 887 1805 μὲν
913 1727 1150 1807 κατειλεγμένος
1174 1724 1264 1790 ἐκτο-
1322 1726 1325 1730 “

159 1822 247 1901 μίας,
270 1820 342 1911 δόξη
366 1825 401 1886 δὲ
429 1826 650 1908 διεπτοημένυς
672 1827 726 1888 καί
748 1822 802 1888 διά
822 1827 914 1888 τοῦτο
934 1826 1176 1909 προσηλωμένος
1196 1832 1264 1902 τοῖς

118 1919 204 2002 15μη“
226 1919 436 2010 προσήκουσι)
465 1920 670 2007 συνάρασθαι
691 1919 790 2012 τούτῳ
822 1928 880 1990 τοῦ
902 1924 981 2010 πρός
1007 1921 1083 2000 τσδς
1104 1926 1264 2002 ἐναντίους

161 2020 312 2099 πολέμου.
356 2021 562 2109 συναγηοχάς
590 2017 648 2089 cdo
678 2009 769 2101 νότος
790 2022 864 2102 rode
887 2018 1105 2111 ἐλους,,,άδρρῖ
1128 2022 1265 2108 δυνάμει
1320 2072 1324 2077 1
1356 2024 1359 2033 ¹

162 2122 321 2202 διαβαίνοι
343 2121 395 2187 τόν
419 2123 696 2208 ὑπερανεστηκότα
718 2124 835 2206 βουνόν
854 2124 910 2189 καί
937 2117 1003 2190 οἷον
1025 2125 1178 2210 μεθόριον
1197 2127 1266 2191 κεί-

159 2241 255 2301 μενον
271 2224 326 2304 τῆς
346 2244 380 2285 τε
403 2225 625 2309 Μακεδονικῆς
653 2227 709 2292 καί
739 2227 802 2292 τῶν
822 2228 898 2310 περί
925 2225 976 2292 τὸν
990 2215 1114 2312 Ἴστρον
1132 2231 1263 2312 χωρῶν,

161 2317 196 2397 dg
212 2323 268 2388 καί
289 2321 395 2407 Ζυγδς
423 2323 475 2390 διά
504 2327 596 2390 τοῦτο
629 2333 693 2403 τοῖς
723 2331 909 2412 ἐπιχωρίοις
939 2318 1189 2410 κατονομάζεται
1208 2331 1265 2392 κατ’

116 2421 341 2499 νῦστωωποές
371 2421 438 2508 ἔχει
464 2423 619 2510 πολλοὺς,
649 2427 743 2506 oded
778 2429 929 2515 δημώδης
956 2428 1047 2511 λόγος
1075 2419 1264 2511 κλεισοάρας

159 2528 266 2588 καλεῖν
288 2524 462 2610 παρέλαβε.
522 2525 669 2612 καὶπερὶ
689 2527 744 2614 τήν
765 2527 906 2614 μεγάλην
928 2527 1168 2614 Πραισβλάβαν
1190 2528 1265 2612 διη-

158 2623 319 2714 μερεόσας
341 2628 379 2695 τά
401 2627 480 2716 πρός
493 2631 547 2697 τόν
567 2630 704 2714 πόλεμον
724 2633 941 2717 ηέτρεπίζετο,
961 2626 1188 2714 βουλευτήριον
1202 2654 1264 2694 κα·
1363 2697 1368 2709 ,

160 2733 255 2808 ἐίσας
284 2733 339 2798 καί
360 2730 516 2816 περὶτῶν
537 2729 665 2799 εἰκότων
687 2735 886 2821 δημηγορῶν.
945 2727 962 2796 ό
984 2734 1019 2797 δέ
1038 2726 1190 2814 βασιλεάς
1206 2729 1264 2816 την

236 2903 277 2959 10.
297 2917 330 2956 on
350 2901 534 2978 δογματίζιτῗ

161 3061 243 3131 poli).
281 3061 434 3115 conducens
454 3061 537 3132 igitur
556 3076 660 3116 omnem
686 3063 833 3116 exercitum
851 3061 1002 3117 doctoratus
1019 3060 1075 3115 dux
1091 3058 1177 3129 signis
1194 3056 1263 3112 sub.

160 3133 220 3186 latis
240 3134 418 3201 proficiscitur
437 3135 470 3187 od
487 3135 671 3187 defensionem
686 3144 712 3188 et
726 3150 887 3205 congressus
905 3150 964 3185 cum
983 3134 1017 3184 iis
1030 3134 1059 3184 in
1075 3127 1175 3184 ‘castris
1193 3146 1261 3182 ccu.

159 3207 258 3258 stitutio
281 3219 371 3274 pugna
391 3207 470 3258 etiam
491 3205 540 3260 hos
562 3208 629 3258 uicit
655 3215 682 3258 et
705 3206 786 3260 simili
806 3208 884 3259 modo
904 3221 951 3263 eos
969 3213 1086 3258 tractans
1104 3200 1262 3254 interiectos

160 3275 287 3344 spoliavit
310 3286 337 3329 et
355 3293 421 3328 cunr
432 3279 564 3330 victoriae
582 3279 667 3348 signis
685 3281 712 3330 iu
731 3295 779 3331 sua
799 3286 885 3331 castra
901 3277 1045 3331 transtulit.
1063 3274 1154 3328 multis
1174 3281 1263 3325 autem

159 3347 256 3402 talibus
280 3349 468 3404 certaminibus
497 3352 567 3402 iutra
586 3349 700 3402 ferream
719 3353 843 3417 superior
853 3349 975 3403 hostibus
987 3348 1140 3402 declaratus
1158 3359 1263 3397 omnem

159 3419 232 3471 iiiam
251 3427 348 3472 terram
366 3436 382 3470 u
399 3420 510 3474 barbara
529 3423 683 3475 incursione
703 3423 808 3474 fortiter
825 3422 960 3490 purgavit.

264 3489 357 3542 Elatus
371 3492 452 3558 igitur
469 3509 517 3544 rex
536 3493 592 3546 illis
612 3493 801 3546 certaminibus
821 3502 849 3545 et
868 3494 989 3545 victoriis
1007 3493 1146 3561 ¹decretum
1164 3487 1262 3550 emisit,

158 3569 187 3612 ut
207 3559 261 3623 ‘hic
284 3567 341 3609 toto
369 3576 428 3612 cum
455 3567 575 3624 exercitu
602 3567 628 3617 iu
655 3565 770 3616 hostium
797 3566 849 3616 iret
869 3573 965 3628 castra,
984 3563 1070 3617 altem
1089 3562 1117 3613 vi
1136 3558 1263 3611 orientali

160 3630 305 3682 exercitum
324 3629 446 3694 impleus.
484 3634 558 3684 iubet
576 3643 664 3685 autem
678 3636 757 3686 ctiam
775 3635 951 3703 Balgarorum
970 3644 1100 3700 satrapam
1120 3636 1193 3698 (erat
1210 3645 1262 3680 au-

159 3708 212 3755 tem
229 3699 274 3751 hic
300 3699 444 3751 monachus
473 3710 577 3754 creatus
597 3703 748 3765 eunuchus,
771 3705 838 3755 tama
856 3715 944 3756 autern
962 3705 1119 3762 deterritus,
1146 3707 1174 3749 et
1195 3712 1261 3765 pro.

159 3781 252 3840 pterea
271 3785 414 3840 aggressus
432 3788 501 3840 quae
521 3788 575 3824 non
598 3771 724 3840 debebat]
744 3771 873 3824 auxilium
891 3781 1030 3839 praestaro
1047 3772 1110 3823 huic
1127 3771 1156 3820 in
1173 3770 1263 3822 susci.

157 3843 256 3912 piendc
279 3851 372 3894 contre
393 3843 484 3897 hostes
503 3843 595 3896 bello:
618 3857 676 3894 cum
695 3844 776 3911 igitur
795 3845 932 3912 coegisset
952 3843 997 3895 hic
1016 3857 1116 3906 omncs,
1135 3840 1216 3908 piens
1234 3840 1264 3893 ui
1300 3892 1306 3903 ,

143 3916 351 3986 transgreditur
371 3922 487 3967 erectum
508 3914 605 3966 collem
626 3921 654 3965 et
671 3915 746 3982 quasi
763 3914 843 3966 iiuem
852 3914 1024 3968 Macedoniae
1042 3923 1069 3966 et
1087 3913 1147 3967 Istri
1167 3912 1263 3980 regic-

156 4003 228 4049 num,
251 3988 296 4055 qui
321 3988 400 4039 etiam
423 3988 514 4056 iugum
534 3995 677 4054 propterea
694 3984 791 4039 incolis
815 3988 966 4039 nominatur
984 3995 1011 4038 et
1027 3986 1163 4056 angustias
1181 3984 1263 4036 habet

157 4057 262 4122 multas,
290 4073 355 4126 quas
375 4058 513 4126 popularis
541 4073 628 4111 sermo
649 4059 786 4112 clausuras
804 4074 903 4111 nccare
923 4059 1028 4110 didicit:
1048 4067 1076 4110 et
1093 4059 1166 4110 circa
1182 4071 1261 4124 mag-

156 4145 216 4180 uam
241 4129 439 4181 Praesthlabam
464 4145 513 4196 per
535 4130 605 4182 diem
624 4137 708 4182 totum
727 4131 845 4200 degens,
869 4146 939 4199 quac
958 4132 990 4183 ud
1007 4130 1110 4182 bellum
1128 4135 1191 4183 sunt
1206 4143 1260 4178 uc·

158 4202 283 4266 cessaria,
303 4201 487 4270 praeparabat,
500 4203 600 4253 curiam
618 4203 793 4254 constituens·
802 4210 830 4253 et
849 4204 882 4254 dc
893 4203 937 4267 iis,
956 4218 1025 4274 quae
1038 4203 1176 4265 decerent,
1195 4213 1261 4253 cra-

157 4271 244 4325 tiones
268 4273 378 4328 hnbeus.
416 4290 465 4327 rex
478 4281 569 4338 nutem
587 4273 705 4328 uolentis
732 4289 832 4330 caveus
858 4289 1011 4345 egressum,
1038 4273 1151 4328 fortasse
1178 4271 1259 4322 etium
