3017 4892
589 318 808 389 misnensi.
1175 313 1249 388 260

134 477 261 562 ζίκοθΙ
282 485 481 565 α’νακομίζων
513 481 666 571 α’φηρέδη
701 484 833 558 τούτους
865 479 946 565 πρὸς
984 482 1026 568 τῇ
1051 482 1128 565 σιτῇ
1161 476 1250 564 πυροὶ
1272 511 1283 545 ι

132 592 210 648 τῶν
248 586 305 650 τού
337 579 554 650 Βοτανειύτον
588 585 811 666 στρατιωτῶν,
848 574 909 666 ἤδη
937 577 1177 673 καταλαβόντος·
1195 576 1252 653 τοὶς
1279 572 1285 647 l

138 689 376 768 Προποντίους
399 682 498 760 α’κτύς
518 687 573 748 καί
593 683 653 758 τοὶς
682 687 755 748 καθ’
776 678 1010 766 Ἑλλήσποντον.
1055 679 1212 744 ἀλλὰκαὶ
1234 676 1251 742 δ

137 789 290 860 Λατῖνος
310 783 490 862 Ῥονσέλιος
513 783 703 858 ἀποσταλείς
737 784 772 848 τὸ
799 779 947 869 δεύτερον
970 781 1048 848 κατὰ
1068 784 1126 848 τού
1149 780 1253 847 edre·

107 885 271 970 5δέλφοο
292 889 350 954 τού
363 885 552 968 Βροεννίου,
574 887 689 969 μέχρις
705 884 896 970 Ἡρακλείας
912 883 1039 972 Θρᾴκης
1059 878 1252 966 α’πολέμητος

139 982 299 1070 σύνμοῖς
320 990 581 1070 στρατευομένοις
606 989 849 1067 καταλέλειπτο,
870 986 924 1050 καί
948 981 1004 1068 την
1024 981 1116 1047 πόλιν
1137 980 1253 1066 ταύτην

93 1141 99 1152 ,
141 1081 308 1202 ὀχύρωμα
331 1089 386 1151 τού
408 1087 493 1151 ἰδίου
511 1086 745 1169 στρατεύματος
763 1084 943 1170 ἐποιήσατο,
965 1078 1250 1202 προφυλαττόντων

142 1182 277 1250 πάντων
297 1212 349 1250 και
376 1183 667 1270 προοδοποιούντων
686 1191 728 1275 τῷ
749 1186 948 1308 Βοτανειοὶτη
968 1182 1006 1249 τύ
1033 1179 1223 1268 νικητήρια.-

255 1287 297 1353 Τό
321 1289 393 1352 δ”
371 1287 433 1352 απὸ
454 1290 547 1353 τοῦδε
568 1285 824 1373 παρεσκευάζετο
845 1290 905 1368 μὲν
932 1285 948 1349 ὅ
970 1283 1123 1370 βασιλεύς
1145 1277 1252 1363 αὖτύν,

95 1356 132 1456 so
146 1393 234 1474 λέγω
257 1387 310 1454 τὸν
331 1388 566 1512 θεοπρύβλητον
587 1389 816 1473 Βοτανειάτην,
837 1413 883 1464 εις
901 1386 936 1454 ed
957 1396 1075 1473 χωρεῖν
1094 1382 1174 1469 πρὸς
1193 1379 1252 1466 τὴν

143 1486 422 1573 βασιλεύουσαν’
407 1515 441 1556 εκ
465 1494 622 1565 Νικαίας·
666 1489 747 1553 πολύ
778 1492 813 1551 δέ
835 1491 954 1571 πλῆθος
980 1481 1153 1572 συρρέον’
1139 1509 1174 1549 εκ
1196 1487 1251 1564 τῆς
1328 1509 1331 1512 ’
1386 1519 1390 1526 -

48 1591 53 1598 “
145 1587 393 1674 μεγαλοπόλεως
426 1588 629 1674 πρὸς.αύτὸν
650 1592 784 1674 ἐφοίτα,
816 1592 871 1652 καί
891 1588 1059 1666 διεσώζετο
1079 1584 1167 1669 παρὰ
1190 1584 1252 1648 τοῖν
1312 1636 1315 1638 ,

150 1677 302 1774 Τούρκων
326 1691 383 1772 τὴν
407 1689 468 1752 α’πὸ
491 1686 655 1772 θαλάσσης
673 1693 774 1772 μέχρι
804 1691 942 1764 Νικαίας
962 1688 1141 1769 νεμομένων
1162 1686 1253 1782 περί-

147 1813 266 1871 χωρον.
311 1789 354 1866 ως
382 1789 440 1871 γὰρ
465 1787 642 1874 έρωτούντες·
669 1785 791 1865 αύτούς
810 1787 890 1873 πρὸς
919 1786 974 1860 τὸν
1005 1789 1144 1870 βασιλέα
1165 1777 1390 1868 ἥκεινῐ.λλδτ.

104 1906 138 1959 15
149 1891 333 1964 σπουδαίως
349 1891 541 1971 ἐμάνθανον,
564 1887 665 1966 εύθύς
688 1888 822 1967 τούτους
844 1890 886 1966 οἷς
909 1885 1108 1971 ὁμοδούλους
1125 1885 1180 1951 καί
1192 1909 1253 1950 σο-

149 1989 258 2076 speeie
283 1990 361 2075 πρὸς
382 1991 438 2076 την
462 1990 644 2075 ὁδοιπορίαν
672 1997 878 2075 παρέπεμπον
910 1984 1131 2076 ταχινούτερον.
1172 1986 1253 2070 ἧμαι

151 2092 216 2174 ρῶν
239 2093 273 2156 δὲ
296 2094 390 2157 τιντδν
423 2094 653 2176 διαγενομένων
686 2091 743 2157 ούκ
767 2086 876 2178 ἤνεγκε
901 2092 956 2157 τόν
981 2087 1078 2155 πέδον
1098 2089 1118 2173 ἦ
1139 2089 1252 2152 ον’δαί-

150 2216 222 2270 μων
247 2191 302 2257 καί
319 2197 576 2277 προκαθεζομένη
598 2196 652 2277 τῆς
667 2191 750 2270 boiae
773 2192 967 2279 μητρόπολις
980 2195 1036 2256 καί
1055 2188 1157 2275 τὸτῆς
1177 2192 1253 2254 doo-

152 2297 239 2374 λικῆς
261 2298 393 2377 στοργῆς
419 2290 618 2377 περιούσιον,
639 2295 693 2358 καί
714 2294 749 2359 sd
773 2292 835 2377 πρὸ
856 2297 911 2413 της
932 2292 1053 2367 πόλεως
1084 2290 1251 2375 προκαθῆ-

107 2396 229 2462 αοσθαι
254 2399 402 2478 σκηνίτας
423 2394 501 2468 τούς
535 2396 655 2458 ἐκείνου
686 2396 904 2480 προασπιστοὶς
928 2417 962 2460 τε
984 2393 1038 2457 καί
1053 2388 1250 2477 στρατηγούς

151 2496 184 2558 έν
204 2495 360 2583 ε’κεχειρίρ
382 2497 437 2560 καί
456 2493 631 2586 α’πραξία’
618 2520 649 2560 εν
670 2498 763 2582 δεινῷ
778 2498 981 2581 ποιησαμένη,
996 2518 1065 2586 την
1065 2491 1175 2557 ωδῖνα
1195 2514 1250 2608 της

152 2591 363 2677 βουλήσεως’
350 2593 524 2681 εκρηγνύει,
547 2600 601 2662 κατ’
623 2599 708 2682 κοινῇ
728 2596 830 2684 ψήφῳ
851 2596 965 2670 πάντες
988 2618 1018 2658 οι
1039 2595 1072 2657 έν
1091 2592 1174 2680 αύτῆ
1197 2587 1250 2657 τὸν

110 2749 113 2758 ,
155 2696 369 2780 Βοτανειοίτην
391 2694 610 2780 αύτοκροὶτορα
628 2691 795 2777 Ῥωμαίων
822 2697 878 2760 καί
899 2691 1054 2779 δεσπότην
1075 2687 1251 2777 ἀναγορεύ-

159 2981 241 3048 tibus,
275 2985 320 3053 qui
337 2985 389 3036 iam
409 2990 588 3050 occupaverat
611 2982 692 3035 litora
709 2981 839 3034 maritima
866 2989 893 3034 et
904 2997 979 3067 ‘quae
997 2981 1030 3033 ad
1047 2977 1250 3046 Hellespontum

159 3057 206 3107 sits
223 3064 292 3108 sunt.
335 3055 382 3107 sed
404 3057 483 3106 etiam
502 3055 609 3119 Latinus
628 3053 754 3107 Ruselius
782 3056 877 3107 missus
903 3055 999 3104 iterum
1024 3058 1116 3103 contra
1142 3051 1250 3104 fratrem

157 3126 281 3193 Bryennii
300 3142 384 3194 usque
398 3127 430 3177 ad
442 3113 600 3177 Heracleam
614 3125 740 3177 Thraciae
756 3127 815 3178 sine
834 3125 939 3193 proelio
959 3140 1018 3175 cnm
1035 3121 1164 3174 militibus
1181 3122 1250 3174 reli-

161 3203 215 3249 ctus
234 3207 297 3262 erat,
318 3206 343 3248 et
362 3197 454 3249 urbem
474 3197 541 3249 hanc
570 3198 730 3266 praesidium
749 3199 790 3250 sui
811 3198 944 3248 exereitus
964 3195 1044 3258 iecit,
1064 3194 1250 3246 conservanti.

157 3267 201 3321 bus
219 3269 338 3322 omnibus
359 3276 385 3321 et
401 3269 626 3338 prosequentibus
644 3269 801 3320 Botaniatae
819 3278 938 3336 tropaea.

249 3367 290 3419 Ex
308 3381 340 3417 eo
358 3374 445 3418 autem
464 3375 584 3434 tempore
603 3382 632 3417 se
657 3366 767 3432 parabat
789 3382 837 3417 rex
856 3367 955 3436 (ipsum
983 3365 1043 3416 dico
1062 3379 1079 3415 a
1097 3363 1148 3414 deo
1168 3376 1295 3444 prue-

158 3435 234 3488 latum
252 3437 444 3505 Botaniaten),
464 3447 493 3488 ut
511 3439 670 3503 procederet
694 3437 786 3488 urbem
804 3437 913 3490 Nicaea
957 3450 1054 3504 magna
1072 3443 1160 3486 autem
1178 3412 1295 3483 mul-

159 3507 237 3557 titudo
256 3506 368 3559 allluens
390 3523 404 3556 e
423 3523 518 3574 magna
536 3508 603 3558 urbe
620 3508 652 3557 ad
678 3524 736 3558 eum
761 3508 888 3559 veniebat
911 3517 937 3561 et
954 3507 1111 3561 servabatur
1131 3520 1164 3556 ex
1182 3503 1250 3556 Tur.
1291 3553 1301 3566 s

160 3577 204 3640 eis,
222 3578 266 3644 qui
288 3577 349 3628 loca
367 3580 466 3628 amari
484 3593 568 3643 usque
594 3577 627 3626 ad
643 3575 768 3627 Nicaeam
792 3578 926 3629 tenebunt.
964 3594 1023 3629 oum
1042 3578 1113 3626 enim
1131 3575 1249 3626 interro-

160 3654 246 3714 gantes
267 3662 313 3700 eos
332 3649 364 3698 ud
383 3663 474 3714 regem
496 3648 590 3699 venire
609 3647 727 3697 studiose
746 3646 940 3713 intelligerent,
966 3649 1054 3699 statim
1073 3646 1123 3697 hos
1141 3653 1170 3696 ut
1188 3643 1249 3694 col-

160 3718 227 3786 legas
247 3721 384 3772 servitutis
410 3725 438 3768 et
457 3719 614 3769 coniunctos
634 3716 666 3767 ad
690 3718 741 3767 iter
758 3716 897 3767 mittebant
921 3717 1046 3768 celerius.
1084 3731 1143 3766 cum
1162 3722 1249 3765 nutem

161 3790 210 3842 dies
227 3789 350 3842 nonnulli
378 3790 598 3856 praeteriissent,
616 3801 670 3838 non
688 3786 750 3838 tulit
768 3788 928 3839 desiderium
945 3787 1023 3844 beata
1049 3796 1076 3839 et
1093 3786 1253 3858 praesidens⁴

161 3861 250 3911 orienti
269 3861 332 3913 urbs
361 3868 388 3913 et
410 3859 519 3914 servilis
541 3861 638 3912 amoris
661 3859 765 3924 copiam
780 3867 807 3908 et
824 3866 886 3909 ante
905 3858 996 3910 urbem
1015 3858 1111 3910 sedere
1138 3859 1166 3909 in
1186 3860 1248 3908 te'n.

162 3933 229 3984 toriis
247 3932 322 3984 illius
341 3940 553 4000 propugnatores
573 3939 599 3982 et
617 3933 698 3983 duces
717 3931 745 3981 in
769 3945 836 3997 pace
855 3937 882 3980 et
900 3932 955 3981 otio
975 3945 1056 3998 aegre
1076 3929 1166 3980 lenens
1184 3943 1247 3995 par.

162 4009 208 4052 tum
227 4003 373 4055 voluntatis
393 4002 504 4065 edebat,
525 4010 551 4053 et
570 4002 701 4053 communi
729 4002 855 4068 suffragio
875 4016 966 4052 omnes
994 4002 1022 4051 in
1042 4015 1073 4052 ea
1090 4000 1248 4052 Botaniaten

162 4073 339 4140 imperatorem
349 4074 526 4126 Romanorum
539 4082 565 4124 et
583 4073 716 4124 dominum
734 4073 888 4124 renuntiant
906 4088 964 4123 cum
974 4071 1058 4124 multo
1077 4079 1103 4124 et
1120 4073 1247 4123 indomito

163 4155 288 4199 conventu
307 4154 333 4197 et
350 4147 484 4210 elamore,
504 4161 562 4198 eum
580 4146 657 4198 modo
677 4145 775 4197 lectum
793 4145 923 4210 adventus
943 4143 1079 4213 evangelii
1095 4144 1186 4196 matris
1204 4140 1249 4191 dei

162 4215 277 4288 instaret,
297 4225 324 4270 et
341 4226 474 4274 venerunt
494 4231 586 4275 omnes
604 4220 632 4271 in
651 4231 789 4273 commuue
819 4225 847 4271 et
862 4217 1003 4274 maximum
1020 4216 1066 4272 dei
1082 4213 1244 4273 aedificium:
