3017 4892
1182 283 1312 435 ια

147 545 190 614 τά
214 547 270 631 τῆς
292 545 458 628 βασιλείας
487 539 684 627 παράσημα,
714 537 747 604 ot
765 563 800 605 τε
828 543 920 606 ίπποι
947 534 1030 623 μετά
1051 541 1115 603 τῶν
1134 534 1259 624 δίφρων

149 652 211 714 καί
228 646 266 714 τά
289 643 414 730 ἐρυθρά
438 642 494 709 καί
512 643 660 724 βασιλεια
690 646 815 708 πέδιλα.
869 644 922 706 καί
943 633 1261 728 κατασφαλισάμενος

150 749 276 823 πάντας
297 741 402 832 ὅρκοις
423 748 478 810 καί
499 743 674 827 συνθήκαις
699 752 852 827 συχναῖς,
872 741 917 827 μή
941 736 982 808 άν
1004 743 1163 825 α’θετῆσαι
1185 739 1261 802 τοὺ-

149 873 209 916 τον
237 843 316 934 άχρι
348 844 404 911 καί
424 847 608 923 τελευταίας
636 847 751 930 πνοῆς,
783 840 869 909 οὑτω
898 842 957 927 τήν
988 838 1169 925 ἁλουργίδα
1195 841 1263 919 μετ’

123 950 319 1036 5εὑφημίας
352 948 408 1012 καί
429 947 624 1031 δορυφορίας
651 941 824 1030 ἀπειλήφει
846 947 973 1030 πολλῆς,
993 941 1049 1008 καί
1067 938 1140 1017 τοὺς
1163 934 1264 1012 πόδας

152 1061 222 1127 τοῖς
246 1052 398 1134 ε’ρυθροῖς
417 1049 621 1130 μεταμείψας
641 1048 784 1122 πεδιλοις
804 1044 860 1112 καί
874 1047 919 1121 εἰς
938 1046 1124 1130 αὑτοβαφὲς
1143 1043 1265 1106 ὑπανα-

154 1151 218 1237 βάς
246 1143 353 1236 ὄχημα
382 1149 462 1231 μετά
489 1149 606 1231 πολλῆς
633 1151 813 1230 αίχερωχίας
837 1150 893 1231 καί
914 1145 1189 1233 ’φρονηματισμοὺ
1210 1143 1266 1204 κατ’

156 1257 217 1335 τῆς
239 1256 296 1317 τοῦ
324 1250 461 1336 στρατοῦ
490 1251 568 1334 βοῆς
599 1252 652 1313 καί
671 1249 753 1331 η’χῆς
785 1250 831 1324 εἰς
860 1240 1125 1331 Ἀδριανοάπολιν
1153 1235 1264 1331 ᾤχετο,

157 1347 233 1437 άρτι
253 1356 311 1418 τοῦ
345 1353 516 1435 νοεμβρίοτι
544 1348 644 1436 μηνὸς
679 1351 883 1436 ἐπιστάντος,
914 1344 966 1414 ὅτε
989 1342 1136 1431 κατηφής
1160 1339 1177 1406 ὑ
1201 1341 1264 1426 άήρ

109 1467 148 1521 10
157 1457 194 1520 ἐκ
216 1453 348 1538 τῆςτοὺ
369 1451 511 1535 μεγάλου
534 1457 704 1537 φωστῆρος
726 1450 971 1535 ὑποχωρήσεως,
993 1447 1073 1533 πρὸς
1095 1445 1129 1511 τό
1151 1465 1267 1523 ταυρι·Ι

157 1553 215 1620 κάν
239 1551 352 1633 {nacon
368 1547 525 1633 ἀπιόντος,
549 1551 604 1616 καί
624 1551 757 1635 στυχνδς
779 1557 1022 1637 καταφαίνεται.
1065 1541 1267 1630 αἰχμάλωτος

157 1656 195 1719 δὲ
217 1653 388 1738 τηνικαῦτα
410 1651 546 1738 ληφθεὶς
570 1647 586 1712 ὑ
615 1651 771 1734 πρόεδρος
791 1653 1030 1723 Κωνσταντῖνος
1060 1644 1077 1712 ὑ
1099 1646 1267 1725 Θεοδωρο·Ι

158 1750 265 1834 κάνος,
288 1751 370 1833 άνήρ
402 1751 524 1828 ἔνδοξος
557 1751 613 1816 καί
641 1752 750 1836 γένους
782 1753 991 1835 ἐπισημάτηει
1011 1752 1067 1814 καί
1087 1749 1160 1832 βίου
1185 1751 1268 1826 λαμ-

160 1851 296 1937 πρότητι
313 1850 497 1937 καταφανής
517 1849 835 1936 καταχινωσκόμενος,
858 1848 896 1915 οὑ
919 1853 1021 1928 καλῶς
1040 1854 1100 1932 μὲν
1120 1847 1195 1912 otta
1216 1848 1270 1910 δι-

117 1961 151 2018 15
161 1955 260 2028 καίοας
275 1957 355 2036 παρ’
379 1953 480 2018 αὑτοά
500 1956 702 2039 προσεδίχθη
724 1954 780 2018 καί
800 1953 843 2028 ὑς
865 1948 911 2028 εἷς
932 1955 994 2019 τῶν
1015 1954 1134 2035 dyona
1154 1973 1270 2031 παρω-

161 2053 261 2138 ράθη,
283 2052 321 2116 οὑ
343 2051 407 2137 μήν
430 2055 465 2120 at
480 2053 661 2140 σωματικήν
680 2060 839 2138 τιμωρίαν
859 2054 994 2139 ὑπέστη,
1017 2054 1117 2118 καίτοι
1135 2074 1171 2134 χε
1189 2045 1270 2131 ταά.

161 2179 216 2239 την
239 2150 427 2219 ὑποπτεύων
446 2153 498 2220 διά
521 2159 783 2242 προηγησαμένοις
803 2154 927 2240 ἔχθρας
949 2159 1006 2220 καί
1031 2153 1140 2237 μάχας
1163 2175 1269 2238 κεφα-

162 2251 264 2330 λικάς.
311 2255 529 2340 φυγαδευθείς
561 2259 596 2322 δὲ
618 2257 698 2340 πρός
717 2281 789 2321 τινα
815 2259 877 2321 τῶν
899 2256 1131 2322 Μακεδονικῶν
1148 2251 1298 2324 πόλεωνε.
1314 2265 1366 2323 221
1376 2282 1401 2322 r.

162 2357 232 2438 μετ’
258 2356 297 2419 οὑ
320 2357 400 2420 πολὺ
420 2359 464 2445 τῷ
480 2356 590 2442 χρεών
611 2354 870 2442 ἐλειτούργησεν·
914 2352 974 2423 εἴτε
994 2358 1121 2444 φυσικῷ
1139 2350 1267 2441 θανάτῳ

120 2455 219 2524 tocii’
240 2457 273 2536 ἐξ
295 2462 465 2543 ἐπιβουλῆς
487 2461 708 2545 κερασθέντες,
733 2462 839 2539 οὑδείς
861 2463 1000 2545 α’κριβῶς
1023 2462 1201 2523 ἐπίσταται.
1375 2543 1378 2548 .

259 2559 308 2624 Ἐν
332 2560 368 2622 δὲ
390 2562 435 2650 τῷ
456 2565 584 2642 μέλλειν
607 2562 773 2626 εἰσελάσαι
792 2560 848 2627 τὸν
871 2564 1046 2646 Βρυδννιον
1067 2560 1113 2632 εἰς
1133 2556 1271 2640 Ἀδρια-

166 2656 314 2726 νοάπολιν
336 2661 423 2726 πᾶσα
443 2659 561 2743 σχεδὸν
582 2660 604 2746 ῆ
624 2659 715 2734 πάλις
744 2659 802 2744 τήν
828 2662 1069 2744 προεκκειμενην
1091 2661 1273 2740 περίχωρον

53 2831 61 2838 ,
167 2757 394 2845 κατελάμβανε,
415 2760 471 2825 καί
489 2756 527 2846 ἦν
548 2759 583 2825 τά
599 2765 721 2846 πλῆθος
742 2760 892 2846 ἀγεληδὸν
915 2763 1146 2843 διακεχυμένον
1164 2760 1211 2833 εἰς
1232 2753 1269 2821 τά

171 3040 249 3094 etiam
267 3040 345 3109 regni
367 3040 499 3110 insignia,
526 3042 588 3111 equi
615 3058 675 3095 cun
702 3058 782 3096 curru
802 3051 829 3096 et
845 3041 925 3094 rubra
942 3041 1072 3110 regiaque
1096 3039 1224 3093 sandolo:
1247 3047 1275 3093 et

171 3121 309 3182 postquam
328 3113 496 3166 confirmarit
510 3129 602 3168 ornnes
621 3115 794 3168 iureiurando
808 3124 835 3168 et
854 3112 1022 3183 pactionibus
1035 3110 1136 3177 multis,
1155 3127 1191 3163 no
1208 3125 1275 3178 pro-

171 3186 264 3238 derent
276 3199 336 3236 cum
347 3201 433 3254 usqua
449 3186 482 3237 ad
496 3187 617 3239 ultimum
633 3189 763 3255 spiritum,
783 3189 823 3240 sic
839 3201 982 3254 purpuram
1001 3200 1060 3237 cum
1072 3184 1235 3237 salutatione
1249 3190 1277 3236 et

172 3259 296 3310 comitatu
315 3259 421 3325 accepit
439 3257 532 3324 multo,
553 3268 579 3311 ct
596 3261 678 3327 pedes
693 3259 781 3312 rubris
798 3260 964 3327 distinguens
982 3257 1099 3310 sandalis
1119 3263 1147 3307 ct
1164 3256 1275 3306 tinctum

170 3331 316 3382 ascendens
330 3346 434 3382 currum
448 3346 505 3381 curn
520 3331 602 3384 multa
613 3331 740 3399 superbia
755 3341 782 3384 ct
795 3332 947 3400 arrogantia
961 3336 988 3382 et
1003 3330 1138 3381 exercitus
1156 3327 1287 3379 clamore.

173 3409 199 3452 et
226 3399 420 3453 exclamatione
437 3402 631 3471 Adriauopolin
658 3404 796 3471 proiectus
821 3412 877 3469 est,
906 3417 964 3455 cunr
992 3401 1105 3455 maxime
1123 3399 1298 3454 November·

172 3472 269 3523 mensis
293 3472 419 3538 instaret,
445 3476 550 3540 quando
574 3489 669 3527 caccus
695 3491 741 3527 aer
767 3484 877 3544 proptor
900 3489 1035 3527 recessum
1059 3474 1148 3541 magni
1167 3470 1276 3522 luminis

173 3542 204 3593 ad
221 3543 291 3592 tauri
321 3543 425 3608 signum
453 3543 575 3596 abeuntis
605 3554 631 3596 et
655 3547 784 3598 obscurus
815 3554 934 3614 apparet.
972 3547 1094 3612 captivus
1114 3553 1202 3595 autem
1221 3550 1277 3593 turn
1379 3548 1382 3554 '

173 3612 258 3664 iactus
275 3627 385 3678 praeses
396 3612 584 3668 Constantinus
596 3616 828 3681 Theodorocanus,
848 3619 891 3668 vir
905 3619 993 3667 cianus
1007 3626 1034 3667 et
1052 3617 1164 3683 generis
1181 3613 1277 3680 splen.

173 3685 238 3734 doro
258 3691 284 3735 et
303 3683 375 3735 vitae
395 3683 517 3736 claritate
535 3685 650 3736 illustris
669 3694 815 3752 spectatus,
833 3686 1013 3753 nonpulchrc
1031 3686 1137 3753 quidem
1158 3691 1185 3736 et
1205 3685 1277 3735 iusta
1299 3724 1305 3748 r

174 3754 205 3806 ab
225 3769 257 3805 eo
278 3763 406 3821 exceptus
424 3763 465 3806 est
483 3765 510 3808 ot
528 3771 595 3808 unus
616 3771 649 3806 ex
668 3756 833 3825 ignobilibus
853 3765 895 3807 cst
911 3757 1069 3825 neglectus,
1088 3756 1136 3807 sed
1156 3755 1276 3822 corporis

174 3841 285 3893 poenam
304 3840 359 3877 non
378 3827 476 3892 subiit,
504 3827 570 3880 licet
588 3827 657 3879 banc
681 3828 832 3895 suspicatus
856 3835 966 3895 propter
987 3829 1093 3894 priores
1124 3826 1276 3878 inimicitias
1320 3844 1323 3852 ¹

175 3907 201 3950 et
219 3913 322 3967 pugnas
343 3898 486 3966 capitales,
514 3899 641 3966 expulsus
667 3909 755 3953 autern
780 3902 813 3953 ad
837 3902 966 3970 quandam
991 3899 1165 3952 Macedonum
1183 3898 1275 3950 urbem

174 3984 226 4022 non
244 3971 328 4022 rnulto
351 3979 413 4038 post
434 3972 626 4024 necessitatem
653 3975 795 4037 sustinuit,
820 3987 888 4042 quae
919 3987 981 4024 nurn
1001 3977 1086 4021 morte
1104 3970 1220 4022 naturali
1238 3983 1272 4021 an
1317 4010 1321 4015 .

159 4039 277 4096 ‘insidiis
297 4043 323 4093 ei
343 4043 544 4109 paratafuerit,
567 4059 645 4096 uerno
665 4053 738 4098 certo
762 4046 823 4097 scit.

272 4138 337 4194 Cam
355 4147 442 4192 nutem
454 4141 623 4209 ingressurus
640 4151 712 4198 esset
726 4143 877 4211 Brycnnius
890 4141 1092 4210 Adrianopolin,
1113 4141 1199 4192 omnis
1218 4139 1276 4190 iera
1336 4199 1339 4211 Ι

175 4211 233 4265 urbs
259 4219 405 4265 exstantem
434 4214 598 4266 vicinitatem
630 4216 753 4283 excepitc
777 4222 862 4286 atque
895 4223 951 4267 crat
975 4212 1114 4267 multitudo
1140 4210 1275 4281 gragatim

177 4283 257 4340 ciana
275 4299 324 4354 per
343 4297 476 4356 campum,
503 4298 624 4355 pompam
641 4287 701 4342 aius
727 4287 874 4358 excipiens.
920 4285 965 4342 nbi
990 4292 1079 4340 autent
1099 4287 1278 4352 apparuerunt
