3017 4892
624 342 832 415 HISTORIA.
1193 340 1264 413 173

145 495 243 595 δεῖν,
265 501 325 594 δση
346 509 601 576 κανδΠισιδίαν
622 513 677 575 καί
694 512 856 592 Ἰσαυρίαν
878 508 933 572 καί
955 504 1056 595 αὐτὴν
1072 499 1269 587 Λυκαονίαν,

167 613 213 687 τίς
235 606 334 694 αάτὴν
356 634 390 675 τε
410 613 473 677 τών
488 608 713 697 Παφλαγόνων
735 607 791 675 καί
803 608 994 694 Ὁνωριάδα,
1013 609 1069 673 καί
1087 603 1208 683 πάντας
1227 608 1271 697 τῷ

35 745 43 776 r
112 722 136 781 ’,
167 709 283 795 πλήθει
305 708 486 792 βιάσασθαι
508 698 659 796 γενέσθαι
680 710 738 795 ἀφ’
760 703 895 790 ἑαυτόν,
925 700 992 773 εἶτα
1015 711 1071 773 κατ’
1098 707 1289 783 defleba.-
1357 720 1364 737 ·

20 819 23 826 '
169 815 240 877 νιάν
261 813 416 893 εἰσδῦναι,
438 812 494 877 καί
515 815 618 876 πᾶσαν
640 805 753 875 ἀδειαν
774 808 947 897 ’ἐμφράξαι
976 816 1042 884 τοίς
1064 806 1098 873 ἐκ
1119 809 1176 873 τοῦ
1200 805 1281 882 Βδ-,

142 914 281 993 5ζαντος
303 916 501 998 στρατιώτας
526 914 594 977 κατ’
627 914 728 977 αάτοιῖ
751 920 939 996 συναγεῖραι
962 914 1017 975 καί
1037 908 1174 993 πόλεμον
1196 911 1271 973 ε’πε-

168 1022 275 1099 γείραι
296 1011 396 1103 τούτῳ
419 1006 506 1090 ἀξιον
528 1009 623 1095 λόγου
646 1014 700 1077 καί
720 1014 920 1097 πράγματος·
964 1008 992 1076 οἱ
1012 1008 1073 1096 γάρ
1095 1012 1153 1097 τῆς
1174 1005 1269 1079 ἕσπέ-

169 1139 228 1201 ρας
250 1117 441 1200 στρατιῶται
462 1113 518 1199 τὴν
539 1117 610 1179 κατ’
631 1113 732 1179 adrat
754 1116 959 1195 ἐξομόσαντες
983 1104 1131 1203 ἀπιστίαν
1153 1110 1207 1177 aad
1231 1111 1266 1178 εδ
1318 1136 1320 1139 ’
1409 1194 1416 1211 Ι

169 1219 528 1303 προκατασφαλισθῆναι
559 1209 662 1297 ὅρκοις
695 1213 740 1300 μα’
776 1208 814 1307 ἀν
843 1238 915 1279 ποτε
947 1216 1171 1300 συμφρονῆσαι
1205 1221 1269 1289 τοῖς

169 1320 240 1382 κατ’
262 1317 364 1383 αὐτοῦ
387 1319 633 1402 γενησομένοις.
661 1370 668 1387 .
695 1365 701 1381 .
752 1319 808 1381 νῦν
831 1317 865 1381 δὲ
886 1313 931 1400 μὴ
965 1318 1068 1392 καλῶς
1089 1312 1269 1395 βουλευοά·

127 1427 262 1501 λθμενος
283 1425 389 1493 κακοῖς
410 1419 555 1494 ἀπλέτοις
583 1420 639 1482 καί
665 1418 873 1502 περιωδάνοις
907 1440 1010 1503 περι.
1039 1463 1047 1479 .
1080 1415 1138 1501 .’ρη
1168 1414 1271 1499 πράγ·

2 1562 25 1600 5„
167 1543 278 1606 μασιν,
302 1518 450 1603 ἐμβαλών
470 1520 533 1605 γάρ
555 1525 602 1595 είς
621 1517 675 1604 τὴν
696 1520 757 1583 τών
775 1524 915 1584 Κιλίκων
939 1518 1058 1603 χώραν,
1080 1514 1270 1582 δυσδιοδεά-
1281 1530 1299 1583 f.
1312 1532 1364 1587 203
1376 1547 1400 1584 r.
1435 1576 1438 1587 .

3 1647 15 1703 γ’
167 1643 242 1695 τους
264 1621 410 1697 αάλώνας
433 1618 572 1704 ἔχουσαν
586 1626 622 1687 ἐκ
642 1624 704 1685 τών
720 1620 851 1703 Τατῖρου
874 1610 970 1699 ipae,
991 1615 1080 1699 ἔμενε
1099 1614 1178 1682 κατά
1202 1615 1271 1701 χώ-

2 1749 22 1807 h'
76 1786 82 1809 x
168 1745 229 1803 ραν
249 1713 355 1803 ώσπερ
379 1717 496 1785 ἑαυτὸν
517 1720 721 1804 ἐγκαθείρξας
744 1721 798 1783 ε”πί
812 1725 855 1805 τῷ
866 1710 1272 1803 μίνεινάπρόιτον,ἀδειαν

3 1855 20 1906 v,
94 1849 97 1856 ·
170 1822 205 1883 δὲ
227 1829 291 1895 τοῖς
316 1822 590 1904 ἀντιτεταγμένοις
614 1825 774 1906 παρέσχεν
795 1821 895 1895 α’δεαῖς
918 1818 1112 1906 στρατιώτας
1133 1816 1272 1903 ἀγείρειν

128 1938 161 1991 15
170 1924 225 1990 καί
245 1918 298 1984 τόν
322 1919 490 2001 πολεμικὸν
515 1928 679 1987 ποιεῖσθαι
710 1919 895 2005 κατάλογον.
951 1924 1151 2007 ἐκπεμφθείς
1168 1915 1269 2006 γάρδ

170 2023 275 2104 ἕτερος
295 2023 358 2084 τών
379 2018 478 2085 υἱέων.
495 2028 559 2107 τοῦ,
574 2025 741 2106 Καίσαρος
768 2022 967 2107 Ἀνδρόνικος
999 2018 1269 2105 πρωτοπρὸεδρος,

170 2125 225 2188 καί
243 2126 435 2206 προβληθείς
456 2125 641 2205 δομίστικος
660 2126 716 2209 τῆς
737 2124 904 2207 ἀνατολῆς,
928 2128 961 2189 ἐν
984 2125 1170 2211 παρασκευῇ
1188 2115 1288 2188 πάν-λ

169 2221 334 2300 τας-τούς
364 2224 559 2309 στρατιώτας
580 2228 748 2309 πεποίηκε,
780 2230 944 2310 σιτηρέσια
973 2227 1137 2306 διανείμας
1160 2223 1271 2301 αάτοῖς

169 2327 224 2388 κατ’
245 2322 323 2388 κατά
358 2323 473 2410 μικρὸν
506 2318 1009 2409 ἅπανταςπροοικειωσάμενος,
1039 2330 1271 2410 συναιρομένου

125 2427 227 2494 aurat
248 2429 439 2508 Κρισπίνου.
484 2430 538 2491 κατ’
556 2423 654 2504 οὕτως
673 2425 753 2509 μετά
781 2424 816 2490 τὸ
839 2430 994 2511 συστῆσαι
1015 2426 1072 2511 ’τὴν
1094 2421 1171 2510 δ’λην
1192 2422 1272 2493 σίν-Σ

168 2531 257 2603 ταξιν
276 2531 337 2592 τών
359 2526 525 2609 δυνάμεων
548 2525 657 2615 προῄει
687 2527 769 2593 κατὰ
793 2532 848 2593 τοῦ
871 2532 1042 2612 Διογένους
1065 2528 1107 2603 ώς
1126 2530 1181 2610 τῆς
1204 2531 1271 2591 Κι-

138 2694 141 2700 ,
169 2626 264 2692 λίκων
286 2626 527 2712 ἐπιβησόμενος,
546 2632 601 2693 καί
626 2626 684 2712 τήν
704 2630 832 2712 συνήθη
855 2634 1041 2714 κλεισοιῖραν
1063 2628 1120 2712 τὴν
1140 2630 1197 2692 τοῦ
1215 2634 1269 2690 λε-

169 2724 302 2812 γομένου
326 2729 510 2795 καταλιπών
534 2732 705 2795 Ποδαντοῦ
726 2728 780 2795 διά
797 2735 850 2814 τῆς
870 2732 931 2795 τών
951 2727 1102 2815 ’ίοατίρων
1121 2731 1167 2805 εἰς
1189 2723 1270 2794 sari-
1350 2798 1360 2806 ,

3 2075 16 2120 ‘a

6 2125 9 2136 t

2 2282 7 2317 i

3 2384 11 2420 i

242 2890 268 2941 5.
289 2890 475 2960 στρατιώταις
493 2888 523 2944 G.
591 2895 595 2904 “

173 3068 229 3105 cum
249 3060 321 3105 tanta
339 3051 509 3106 multitudine
529 3055 557 3105 in
577 3056 736 3107 Graecorum
756 3062 852 3107 terram
871 3054 1001 3117 incidere,
1023 3055 1093 3121 quod
1111 3056 1206 3107 attinet
1224 3055 1270 3107 Pi.

171 3126 264 3177 sidiam
278 3133 305 3177 et
321 3124 448 3178 Isauriam
469 3135 495 3177 et
508 3127 667 3193 Lycaoniam
687 3137 713 3179 et
725 3126 934 3194 Paphlagoniam
954 3133 980 3176 et
992 3123 1148 3180 Ouariadem
1162 3141 1270 3179 omnes.

172 3212 225 3265 que
244 3197 413 3250 multitudine
440 3198 493 3250 sibi
511 3198 660 3264 subiicere,
679 3199 779 3251 deinde
796 3199 873 3249 etiam
898 3198 926 3248 iu
944 3196 1097 3263 Bithyniam
1117 3198 1222 3266 ingredi
1243 3204 1271 3248 et

172 3283 274 3321 omnem
304 3271 473 3324 occasionem
500 3271 639 3324 obstruere
668 3272 797 3323 militibus
825 3270 980 3336 Byzantiis,
1012 3270 1152 3337 quominus
1178 3276 1272 3321 contra

171 3356 230 3391 eum
250 3355 316 3408 opes
335 3349 465 3410 cogerent
489 3351 516 3393 et
534 3342 634 3395 beilum
652 3351 794 3395 moverent
823 3342 885 3393 huic
910 3342 1018 3411 dignum
1037 3341 1121 3393 verbo
1142 3349 1168 3392 et
1189 3340 1270 3392 iacto.
1309 3403 1312 3408 Ι

171 3412 352 3464 occidentales
374 3414 445 3463 enim
461 3414 561 3466 milites
580 3414 764 3467 infidelitatem
779 3416 807 3465 in
821 3430 880 3466 eum
900 3415 1080 3477 eiuravcrant,
1101 3429 1159 3464 cum
1180 3418 1270 3467 essent

171 3490 249 3533 antea
268 3484 438 3534 iureiurando
457 3484 578 3537 obstricti
596 3502 625 3536 se
644 3500 777 3554 uunquam
799 3487 997 3553 conspiraturos
1023 3500 1081 3537 cum
1107 3486 1163 3536 eius
1183 3483 1271 3535 hosti.

171 3552 237 3614 bus3
257 3560 312 3601 tum
329 3561 418 3604 autem
436 3569 490 3605 uon
508 3556 578 3606 bene
597 3556 647 3605 sibi
676 3556 839 3620 consulens,
850 3557 926 3609 malis
945 3557 1099 3623 ingentibus
1120 3564 1147 3607 et
1164 3556 1269 3607 miseris

172 3621 348 3673 circumtusus
367 3631 408 3673 est
425 3624 515 3674 rebus.
553 3626 689 3690 ingressus
710 3628 779 3676 enim
806 3629 833 3677 in
854 3626 966 3679 Cilicum
983 3636 1080 3678 terram
1101 3628 1187 3678 invias
1209 3625 1270 3677 val·
1300 3635 1304 3652 ¹

171 3693 213 3745 les
230 3694 357 3743 montium
372 3693 449 3743 Tauri
476 3693 635 3757 habentem,
657 3696 754 3746 mansit
777 3698 804 3745 in
823 3695 884 3746 loco
905 3697 980 3762 quasi
1009 3713 1039 3749 se
1058 3698 1169 3764 cingens
1187 3702 1216 3747 ut
1235 3695 1272 3745 ibi
1303 3702 1306 3755 j

171 3772 357 3815 remaneret:·
379 3765 548 3816 occasionem
581 3772 668 3814 autem
701 3764 821 3816 hostibus
842 3766 978 3833 ¹praebuit
1014 3774 1071 3821 tuto
1098 3764 1197 3817 milites
1222 3780 1271 3816 co.

172 3835 253 3903 ge'udi
282 3842 309 3884 et
333 3833 461 3885 bellicum
489 3836 629 3887 instituere
656 3835 798 3886 delectum.
841 3837 936 3889 missus
966 3837 1034 3886 enim
1065 3836 1133 3888 alter
1156 3836 1270 3889 iiiiorum

173 3906 317 3969 Caesaris,
357 3907 525 3958 Andronicus
563 3921 674 3974 praeses
716 3908 816 3972 primus
855 3915 882 3958 et
921 3907 1074 3975 designatus
1109 3908 1271 3963 domesticus

172 3978 304 4041 orientis,
323 3985 452 4045 apparatu
471 3978 605 4045 praeditos
633 3992 724 4030 omnes
742 3978 842 4033 milites
859 3978 990 4043 reddidit,
1019 3979 1150 4047 stipendia
1167 3981 1201 4032 iis
1220 3982 1271 4034 tri.

119 4097 132 4119 Ι
170 4049 256 4120 bueus
281 4056 309 4099 et
335 4048 412 4100 brevi
440 4064 533 4102 omnes
556 4048 606 4103 sibi
633 4050 780 4102 concilians
809 4052 952 4103 adiuvante
980 4052 1188 4119 eum-Crispino.
1227 4063 1270 4105 at.

172 4138 224 4190 que
243 4123 289 4193 ,ita
313 4128 452 4188 postquam
468 4123 557 4192 {totum
584 4119 703 4174 ordinem
731 4124 896 4174 exercituum
925 4125 1091 4189 composuit,
1112 4140 1271 4194 progressus

170 4202 212 4245 est
229 4199 323 4244 contra
348 4192 513 4261 Augustum,
542 4192 654 4248 Cilicum
679 4191 777 4246 terram
810 4196 967 4247 invasurus:
1000 4203 1026 4247 et
1053 4198 1188 4250 consuetis
1215 4195 1270 4246 Po.
1321 4196 1327 4208 ‘
1350 4226 1356 4249 ι
1421 4192 1427 4203 “

171 4264 242 4317 danti
274 4262 338 4319 dicti
367 4267 497 4333 angustiis
530 4264 634 4319 relictis
666 4282 714 4334 per
747 4265 874 4320 Isauriam
901 4267 929 4319 ia
963 4266 1038 4320 haute¹
1063 4269 1175 4333 incidit,
1211 4282 1269 4318 cum
