3017 4892
543 400 546 407 ,
578 328 786 407 aramma.
1157 284 1263 418 ,κατ’

124 506 250 583 βαλεῖν,
272 500 315 576 ῶς
336 499 419 582 μηδὲ
441 488 618 581 πυρφόρον,
644 490 714 579 inq·
736 498 871 576 λέγεται,
895 488 973 578 πρὸς
992 490 1050 576 τῆν
1062 491 1237 572 Ῥωμαίων

127 605 328 667 ἐπανελθεῖν.
381 600 436 663 καί
466 591 505 679 ἦν
536 600 629 662 τοῦτο
658 596 791 679 εὐχερὲς
821 596 880 674 μὲν
906 601 973 668 τοῖς
1003 595 1155 668 ἐναντίοις
1183 588 1238 655 κατ’
1273 608 1278 619 ·

127 699 320 785 κράτιστον,
355 691 495 786 ἄφυκτον
525 699 560 761 δέ
582 705 647 771 τοῖς
664 696 842 777 Ῥωμαίοις
872 696 953 779 πρὸς
982 685 1079 777 ἧτταν
1099 690 1237 775 παντελῆ

130 805 190 865 κατ’
210 795 399 883 κατακοπην.
444 794 459 860 ὃ
483 799 519 862 δέ
540 800 639 861 ποιῶν
664 795 702 859 τὸἸ
722 799 848 881 θέλημα
869 796 932 859 τῶν
946 798 1152 881 φοβουμένων
1176 793 1236 857 αδ-

98 898 186 966 5τὸν
203 899 277 975 θεὸς
298 902 407 985 ἕτερον
426 901 520 964 τοῦτο
543 902 660 963 παθεῖν
682 898 782 979 α’σεβῆ
812 897 867 961 κατ’
886 892 1115 978 ἀσυλλόγιστον
1136 917 1237 979 στρα-

128 1000 223 1087 τηγὸν
253 995 341 1081 ῶξτον
367 994 448 1065 εἶναι
473 1000 634 1089 ἐδίκασεν,
668 998 791 1079 εῶλαβῆ
820 999 855 1061 δέ
877 995 934 1061 καί
953 998 1090 1094 δίκαιον,
1113 986 1177 1069 οἷος
1197 986 1358 1079 {aimon

130 1098 149 1165 ὅ
178 1103 305 1182 Φωκεῖς,
326 1100 487 1182 οὐδαμῶς.
533 1094 587 1163 διδ
609 1101 701 1163 τοῦτο
724 1098 779 1161 καί
800 1122 864 1164 τισι
886 1102 947 1164 τῶν
963 1097 1155 1181 Σαρακηνῶν
1177 1093 1235 1159 δύο

130 1200 253 1267 σκοπόν
276 1204 435 1287 ἐντίθησιν
459 1200 677 1284 αὐτομολῆσαι
712 1198 792 1283 πρὸς
819 1199 894 1274 τούς
919 1198 1099 1280 Ῥωμαίους
1122 1199 1176 1260 καί
1195 1198 1238 1283 τῷ

134 1303 236 1389 Φωκρῖ
258 1306 477 1387 καταμηνῖσοι
499 1300 554 1385 την
577 1302 728 1385 τοιαύτην
749 1296 937 1386 ἐπιβουλήν·
972 1297 1006 1363 οῖ
1023 1302 1079 1363 καί
1100 1304 1238 1383 προσελ-

84 1400 242 1481 1οθόντες
270 1388 359 1491 corni
387 1407 442 1467 καί
468 1400 503 1503 πρ
526 1401 709 1487 α’πόρρητον
737 1402 981 1489 φανερώσαντες
1011 1402 1239 1485 ἐπιεικέστερον

132 1501 335 1590 πεποιήκασι.
377 1505 534 1591 μηδαμῶς
552 1495 607 1567 σῶν
639 1500 856 1586 ὑπερθέμενος
879 1505 1026 1587 σ’νίστησι
1045 1503 1080 1567 τὸ
1105 1497 1240 1586 στρατό-

131 1607 238 1689 πεδον,
262 1610 411 1670 κοῖκτῖθεν
447 1596 528 1686 ῶρας
550 1601 663 1678 νυκτὸς
691 1602 820 1686 ἀθρόως
851 1603 1049 1667 ἐπεισπίπτει
1071 1609 1135 1676 τοῖς
1159 1599 1239 1679 ἔξω·

134 1711 193 1769 θεν
218 1706 617 1786 κατεστρατοπεδευμένοις
649 1700 698 1767 ἔτι
715 1700 925 1786 τυγχάνουσι,
954 1705 1010 1765 κατ’
1040 1704 1239 1785 καταπλήξας

136 1803 256 1878 ου’τούς
287 1806 330 1889 τῷ
351 1802 525 1888 οῖλαλανμῷ
551 1802 610 1865 καὶ
642 1806 678 1890 τῇ
700 1800 822 1878 ἐκτῶξει
843 1805 898 1887 τῆς
922 1804 1073 1886 στρατιᾶς
1094 1799 1149 1865 καί
1169 1810 1240 1877 ταῖς

83 1924 124 1977 45
135 1899 333 1987 ἑκατέρωθεν
355 1906 546 1988 προσβολαῖς
569 1911 680 1989 φυγεῖν
711 1899 854 1980 ἀτάκτως
874 1901 1043 1985 ἠνάγκασε,
1065 1904 1120 1966 καί
1140 1900 1241 1968 πολῶν

138 2000 235 2089 φόνον
257 2002 363 2067 αέτῶν
395 2002 628 2087 ἐργασάμενος,
650 2002 704 2067 κατ’
723 2006 829 2068 πᾶσαν
857 2002 913 2088 τήν
931 1996 1111 2067 ’πανοπλίαν
1133 2000 1241 2067 ον’τῶν
1264 2087 1267 2093 Ι

136 2105 191 2167 καί
210 2102 330 2177 ον’τοδς
352 2099 571 2185 οἶπολωλεκῶς,
597 2105 742 2169 διέλυσεν
769 2097 895 2168 ἅπαντα
918 2099 973 2168 τόν
994 2099 1115 2167 ἐκεῖθεν
1139 2099 1240 2186 φόβον

137 2202 193 2267 καὶ
211 2207 316 2267 πᾶσαν
341 2200 399 2287 τήν
427 2202 565 2284 δύναμιν
595 2205 652 2289 τῆς
679 2202 777 2287 νήσου
805 2208 991 2287 παρέλυσεν.
1043 2203 1241 2286 ἀγνοούντων
1306 2250 1310 2259 .

139 2304 175 2367 δὲ
203 2306 265 2369 τῶν
289 2302 375 2380 ἐντὸς
405 2299 439 2367 τὸ
464 2302 683 2387 συμβεβηκός,
713 2301 851 2385 πόλεμον
874 2306 983 2380 αὐτοῖς
1006 2299 1241 2390 πολιορκητικῶν

94 2400 238 2480 σοείθδς
271 2406 481 2469 ἐπανίσωσεν.
532 2400 563 2468 οἱ
585 2404 620 2468 δέ
643 2402 700 2481 τοὶς
721 2408 973 2486 βεβουλευμένος
1004 2407 1114 2479 αέτοῖς
1138 2405 1242 2490 φυγῆς

141 2503 357 2585 ἀντεχόμενοι,
371 2502 434 2569 καί
454 2507 515 2568 τῶν
537 2502 627 2579 ἐκτός
663 2506 897 2589 προσδοκῶντες
917 2501 974 2587 την
996 2502 1122 2589 ἔφοδον,
1143 2525 1243 2586 παρε-

139 2604 325 2681 σκευάζοντο
354 2604 432 2685 πρὸς
451 2603 509 2690 τὴν
539 2602 655 2683 ἔξοδον.
707 2605 750 2681 ῶς
773 2606 884 2667 δὲκαὶ
905 2599 922 2665 ὅ
945 2607 1063 2687 Φωκεῖς
1085 2598 1244 2687 πετροβό-

97 2752 101 2761 ,
141 2708 204 2778 λαις
220 2702 361 2786 ὀργάνοις
374 2700 452 2803 τούς
471 2704 524 2769 ἐπὶ
539 2702 602 2771 τῶν
614 2706 727 2787 τειχῶν
749 2702 959 2787 ἐντημῶνατο,
982 2704 1119 2769 κάκεῖνοι
1132 2706 1245 2781 λίθους

215 2859 259 2911 15.
279 2862 433 2932 προβολαῖς
455 2860 484 2914 G.
572 2863 616 2916 20.
634 2863 682 2929 τῆς
699 2860 941 2933 βεμονλενμίνοεῖ

144 3038 199 3075 rum
217 3030 314 3075 terram
333 3024 447 3078 rediret:
467 3034 546 3096 atque
574 3035 630 3079 erat
654 3026 706 3079 ime
727 3027 879 3093 expeditum
907 3026 1015 3094 quidem
1036 3026 1196 3080 adversariis
1216 3034 1244 3081 et

144 3096 284 3161 optimum,
306 3096 463 3149 inevitabile
490 3105 578 3149 autem
604 3098 728 3151 Romanis
753 3114 839 3166 usquo
864 3098 896 3148 ad
924 3096 1026 3149 cladem
1051 3096 1198 3149 absolutam
1217 3107 1244 3153 et

143 3168 346 3219 coniectionem.
377 3170 441 3220 deus
461 3179 558 3235 autern,
579 3170 623 3238 qui
643 3177 725 3222 ratam
745 3170 809 3222 facit
828 3168 994 3239 voluntatem
1008 3184 1099 3220 eorum
1119 3168 1164 3236 qui
1184 3185 1244 3219 eum

142 3247 285 3302 verentur,
305 3238 405 3304 alium,
424 3244 469 3308 qui
489 3242 541 3292 hoc
559 3249 710 3308 pateretur,
739 3243 840 3307 inpium
861 3249 887 3291 et
910 3242 1043 3291 incautum
1069 3240 1163 3291 ducem
1182 3241 1243 3308 dig.

142 3326 201 3361 num
221 3326 280 3363 esse
299 3312 436 3377 iudicavit,
457 3321 562 3364 cautum
581 3321 669 3365 autem
696 3322 723 3364 et
741 3314 850 3375 iustum,
877 3311 964 3379 qualis
984 3318 1041 3362 erat
1057 3311 1171 3375 Phocus,
1190 3327 1243 3362 ne.

142 3397 280 3448 quaquam.
318 3390 461 3449 propterea
482 3386 560 3436 etiam
580 3384 683 3437 duobus
696 3384 836 3437 Saracenis
857 3382 998 3435 consilium
1016 3384 1103 3434 iniicit
1122 3383 1244 3435 transiu-

143 3452 232 3519 giendi
257 3452 290 3502 ad
308 3454 440 3505 Romanos
467 3464 493 3505 et
510 3455 617 3507 Phocae
643 3454 797 3507 declarandi
825 3453 893 3506 tales
917 3455 1042 3507 iusidias:
1072 3455 1118 3521 qui
1137 3454 1244 3521 quidem

144 3523 219 3571 etiam
239 3521 350 3572 adreum
369 3533 502 3575 venerunt
528 3533 555 3575 et
577 3534 710 3577 secretum
740 3525 907 3577 declarantes
926 3526 1011 3592 magis
1028 3533 1164 3576 strenuum
1183 3521 1243 3576 eum
1263 3566 1270 3577 .

144 3592 320 3642 reddiderunt.
340 3592 408 3641 nihil
429 3595 511 3660 igitur
531 3603 668 3645 cunctatus
687 3596 795 3646 instruit
822 3596 978 3656 exercitum,
998 3604 1078 3662 atque
1096 3595 1243 3662 indepto.

145 3660 228 3713 iectus
247 3669 328 3712 noctu
349 3676 407 3711 cum
425 3664 562 3715 universis
583 3662 737 3731 aggreditur
755 3663 838 3725 illos,
859 3665 903 3731 qui
924 3665 1057 3714 etiamtum
1077 3666 1243 3717 extrinsecus
1324 3715 1326 3724 ,

143 3732 169 3781 iu
189 3733 282 3783 castris
302 3740 393 3796 eraut,
415 3741 441 3783 et
468 3741 571 3786 terrens
600 3748 645 3785 eos
671 3732 788 3784 clamore
811 3732 913 3783 bellico
939 3742 966 3784 et
989 3736 1117 3796 instructa
1141 3737 1199 3787 acie
1219 3742 1246 3786 et

145 3802 219 3854 iactis
239 3802 363 3871 utrinque
389 3805 545 3869 praesidiis,
570 3807 596 3856 in
625 3804 714 3871 fugam
741 3803 877 3855 confusam
903 3817 951 3854 cos
973 3806 1072 3871 coegit,
1092 3813 1119 3855 et
1137 3804 1246 3857 multam

145 3874 250 3925 caedem
269 3887 359 3924 eorum
380 3874 481 3927 iaciens
503 3883 582 3943 atque
604 3890 707 3927 omnem
727 3890 836 3943 gravem
858 3883 1015 3927 annaturam
1034 3891 1126 3927 eorum
1144 3891 1246 3946 eosque

145 3947 214 4011 ipsos
234 3942 328 3996 delens
348 3945 473 3997 dissolvit
493 3962 606 4012 ornnem,
634 3948 678 4014 qui
698 3947 761 3997 inde
780 3947 867 4011 fieret,
887 3955 1003 4011 metum,
1022 3955 1049 3998 et
1068 3962 1171 3999 omnem
1190 3950 1246 4000 vim

144 4016 246 4067 insulae
265 4001 382 4067 sustulit.
421 4019 605 4084 ignorantibus
633 4025 737 4081 autern,
766 4019 812 4085 qui
836 4020 1011 4083 immorant,
1032 4018 1245 4087 iactum‚oppu.

145 4088 294 4154 gnationem
314 4088 346 4139 iis
367 4089 455 4139 statim
475 4092 567 4142 movit.
616 4088 657 4141 illi
678 4097 767 4140 autem
786 4096 900 4141 statutae
926 4105 989 4141 ase
1009 4090 1090 4159 fugae
1109 4091 1247 4143 studentes

145 4166 278 4211 eteorum
298 4160 343 4226 qui
365 4168 438 4211 extra
465 4168 554 4224 crant,
575 4167 763 4228 exspectantes
790 4160 942 4224 adventurn,
962 4163 1146 4214 excursionem
1165 4176 1246 4229 para-

144 4228 211 4282 bant.
250 4245 309 4283 cum
328 4237 416 4285 autem
443 4239 470 4282 et
493 4231 596 4287 Phocas
627 4232 770 4297 machinis*
785 4230 954 4287 iaculatoriia
975 4243 1022 4287 eos
1045 4235 1090 4304 qui
1118 4235 1146 4285 in
1164 4232 1247 4288 muris
