3017 4892
552 357 760 433 HISTORIA.
1155 357 1230 431 229

95 529 183 614 -τῆς
203 526 239 595 τό
261 530 351 593 &sicu
371 523 754 609 συναντιλαμβανόμενον,
776 523 814 591 τά
837 549 871 592 τε
893 529 957 594 τάν
978 526 1129 593 ἐναντίων
1150 530 1228 609 spo.

119 631 191 716 η’θη
211 629 379 714 α’πόρρηεοι
396 627 451 692 καί
470 626 733 717 καταρθωμάτων
754 630 810 691 uos*
832 630 1028 714 αὐχημάτων
1050 628 1226 714 άπήλαυσε.

229 730 300 795 Teis
323 731 370 814 ιδὲ
393 731 512 794 λοιπῶν
533 728 634 793 αὐτοῦ
654 731 914 814 ’προτερημάτων
941 734 1106 796 ποιεῖσθαι
1126 728 1228 794 κατά-

120 840 217 915 λογον
238 828 387 914 περιττόν
409 830 532 903 πάντως
555 831 593 915 τῇ
620 830 766 919 παρούσῃ
788 835 909 919 γραφῇ.
931 830 1052 917 πλήρης
1072 829 1133 914 γάρ
1155 829 1226 895 τοό-
1236 830 1255 885 f·
1266 830 1357 887 216¹»

90 953 188 1007 5των
217 936 304 997 ποῖσα
335 928 446 1017 γραφη
470 956 505 994 τε
529 934 583 995 καὶ
602 930 744 1015 ποίησις,
772 926 857 1007 όπως
879 928 1140 1015 ἕκατοντόχιιρας
1161 958 1227 1012 μν-

120 1034 240 1121 ριάόας
265 1029 412 1118 Ἀράβων
438 1029 496 1095 δόο
527 1030 802 1117 άνατιιμαχὴτων,
836 1028 941 1118 οόσπερ
965 1057 1013 1107 τις
1047 1032 1225 1115 άσοόματος,

121 1134 357 1219 καταστράψας
378 1130 484 1207 πόλεις
504 1129 693 1214 α’μυθητους
707 1131 929 1208 ὑποσπόνδους
942 1131 1102 1216 πεποίηκε,
1123 1129 1178 1215 τη’ν
1192 1158 1226 1199 τε

119 1234 265 1319 μεγάλην
297 1231 493 1315 Ἀντιόχειαν
525 1232 581 1294 καί
603 1230 788 1317 Μελιτηνήν
814 1232 937 1317 Ταρσόν
957 1257 991 1297 τε
1021 1235 1076 1296 καί
1094 1234 1126 1297 Γ
1124 1256 1227 1317 ερμα-

120 1334 242 1398 νιόιειαν
272 1331 327 1399 καί
345 1332 403 1416 τὴν
432 1335 465 1397 ἐν
487 1340 566 1408 ταῖς·
585 1328 710 1414 Μόψου
733 1333 866 1418 κρήναις
892 1336 947 1399 καὶ
969 1325 1226 1417 αιῖτὴνἎιλαναυ

73 1454 110 1508 10
121 1438 176 1499 καί
196 1434 253 1509 τάς
285 1437 474 1518 περιοίκους.
487 1432 610 1516 πάσας,
639 1431 677 1497 αἲ
705 1433 786 1522 λόγῳ
815 1438 1056 1521 συντετμημόνιρ
1086 1434 1226 1519 ῥηθῆναι
1296 1473 1301 1477 -

105 1536 164 1596 κου’
185 1532 343 1601 δόνανται.
378 1522 496 1600 ἐκεῖναι
513 1536 551 1598 δέ
569 1556 625 1615 μοι
642 1531 770 1619 ἐρρήθη
792 1536 835 1609 σός
857 1543 922 1610 τοῖς
936 1539 1062 1607 πολλοῖς
1084 1558 1227 1617 συγγρα-

121 1638 239 1721 φεῦσιν
262 1632 477 1715 άιλιεξόδευτα.
1115 1717 1118 1724 ἡ

217 1734 304 1800 Ἀλλ’
328 1724 417 1809 οὗτος
443 1738 502 1815 μὲν
534 1733 693 1817 πάρεργον
726 1734 889 1817 γενόμενος
916 1732 1064 1818 γυναικός
1094 1738 1225 1801 καὶτοῦ

120 1835 206 1903 ι’διόυ
231 1838 369 1917 άνεψιοῦ
388 1835 534 1900 Ἰωάννου
555 1836 612 1899 τοῦ
638 1838 799 1919 Τζιμισχῆ
811 1883 820 1917 ,
850 1828 901 1902 οἷα
923 1833 962 1901 τά
977 1840 1036 1901 τοῦ
1056 1840 1136 1900 θεοῦ
1157 1860 1226 1919 κρι·

76 1950 217 2021 15μιιτιι,
238 1933 353 2018 πολλὴν
374 1942 438 2010 τοῖς
460 1935 643 2020 άνθριόποις
663 1938 785 2022 cispiaco
808 1936 901 2000 άνίαν
920 1939 976 2001 καί
995 1939 1033 2025 τῇ
1049 1936 1225 2018 Ῥωμαίων

120 2041 305 2125 ε’πικρατείρι
327 2032 542 2120 στυγνότητα·
589 2032 619 2099 οἱ
640 2037 675 2099 δὲ
694 2037 750 2099 τοῦ
766 2039 876 2117 γένους
896 2026 997 2101 aoros
1018 2036 1224 2119 ἐδιώχθησαν

119 2142 179 2219 μὲν
203 2131 352 2211 όπότῶν
381 2138 558 2215 μετέπειτα
586 2136 744 2217 βασιλέων
774 2133 828 2199 διά
851 2134 887 2199 τό
919 2134 1020 2219 βάρος
1049 2138 1103 2220 τῆς
1125 2126 1224 2217 τόχης

120 2237 175 2301 καί
193 2234 226 2302 τό
250 2238 305 2318 τῆς
327 2236 462 2321 άνόρίας
482 2236 624 2318 οἷνξίωμα
644 2238 865 2319 περιώνυμων,
888 2234 992 2318 ἔμεινε
1014 2240 1050 2301 δὲ
1070 2239 1109 2323 τῇ
1128 2238 1224 2317 μετό-

121 2362 214 2403 τιειτο
237 2341 330 2426 γενερῑ
344 2329 452 2420 υόσπερ
468 2360 516 2411 τις
537 2334 676 2421 σπινθηρ
699 2326 894 2421 ὑπαυγάζων
913 2336 948 2401 τό
970 2340 1058 2420 γε’νος
1077 2338 1141 2400 τοόν
1154 2340 1222 2399 Βο-

74 2440 314 2519 γοτανειοιτιόν,
347 2438 381 2502 ἓν
398 2438 447 2525 ’τῷ
468 2439 593 2526 στρατῷ
615 2435 805 2519 όιαλόμπων
833 2440 892 2502 τοῦ
911 2435 1023 2522 κυρίου
1046 2437 1221 2503 Βασιλιιόυ
1272 2498 1275 2504 .

119 2541 175 2603 τοῦ
195 2540 507 2623 πορφυρογευνητου,
528 2532 560 2613 ὃς
582 2535 922 2621 τεσσαρακοστὸνέτος
945 2533 1222 2619 τοῖςΒουλγάροις
1286 2526 1296 2533 ’

122 2637 394 2721 ἀντιτασσόμενος,
416 2637 471 2703 καὶ
487 2641 616 2723 μυρίοις
637 2639 743 2713 πόνοις
771 2638 826 2702 καὶ
848 2633 957 2714 όπλοις
970 2638 1220 2738 [ἀντιπαρατατ-

30 2983 37 3001 .
120 2956 151 2995 re
168 2940 269 2993 inlecta
287 2938 447 2993 recessisset
466 2948 512 2993 eut
530 2941 668 2995 conlectus
696 2941 729 2994 ab
747 2940 870 2996 hostibus
889 2950 961 2996 esset
978 2942 1133 3011 etpedibus
1152 2956 1218 3010 pro.

123 3013 251 3066 calcatus.
289 3028 348 3065 curu
374 3019 461 3065 autem
480 3011 590 3067 haberet
609 3015 709 3068 virtute
727 3030 826 3066 numen
849 3014 967 3067 divinum
985 3015 1104 3078 socium,
1124 3021 1152 3066 et
1169 3015 1218 3066 ad.
1272 3021 1275 3029 ¹

122 3086 298 3139 versariorum
312 3084 431 3137 initiatus
452 3092 492 3137 est
505 3088 617 3139 secretis
636 3093 662 3138 et
675 3085 833 3139 felicitatem
851 3084 1018 3154 gloriamque
1038 3094 1079 3137 est
1096 3086 1216 3152 adeptus.
1294 3109 1297 3112 ¹

217 3182 389 3251 Reliquarum
408 3190 495 3236 autem
524 3186 581 3236 eius
604 3184 775 3236 victoriarum
803 3184 943 3235 instituere
960 3198 1100 3235 recensum
1120 3197 1218 3249 snper.

121 3269 265 3308 vacaneum
285 3262 326 3307 est
344 3255 451 3307 omnino
470 3258 605 3322 praesenti
624 3256 713 3308 libro:
733 3255 814 3323 plena
834 3256 904 3306 enim
924 3265 964 3308 est
983 3255 1024 3308 his
1043 3255 1128 3306 omnis
1146 3256 1218 3307 scri.

121 3329 174 3394 ptio
193 3334 220 3377 et
232 3328 333 3393 poesis,
353 3328 484 3394 quomodo
505 3332 667 3381 centimanas
686 3328 750 3380 (luas
769 3327 902 3393 myriades
920 3327 1036 3380 Arabum
1055 3327 1217 3378 invictorum

120 3407 240 3464 tanquam
270 3397 376 3449 divinus
408 3399 580 3467 defulguraus
608 3399 687 3452 urbes
706 3397 915 3451 innumerabiles
942 3398 1092 3468 vectigales
1111 3398 1216 3461 lecerit,
1283 3458 1287 3464 Ι
1340 3444 1344 3447 .

120 3466 285 3521 Antiochiam
304 3482 424 3534 magnam
444 3478 471 3519 et
482 3470 628 3522 Melitenen
648 3472 792 3523 et'larsum
813 3478 840 3520 et
852 3468 1051 3522 Germanicearu
1070 3478 1097 3521 et
1113 3469 1216 3533 urbem,

122 3553 186 3605 quae
208 3543 248 3587 est
265 3537 298 3587 ad
315 3538 402 3603 Mopsi
421 3538 519 3602 fontes,
539 3549 566 3591 et
583 3544 667 3606 ipsam
685 3542 803 3593 Adanam
823 3549 850 3591 et
868 3543 1089 3593 circumiacentes
1113 3556 1215 3603 omncs,

121 3622 186 3675 quae
205 3608 327 3657 oratione
346 3616 482 3659 contracta
494 3611 643 3660 enumerari
662 3625 716 3661 non
732 3618 853 3676 possunt.
872 3612 921 3663 illa
938 3619 1026 3663 autern
1045 3627 1061 3662 a
1078 3626 1122 3663 me
1137 3626 1216 3662 com-

120 3684 260 3728 memorata
290 3685 365 3742 sunt,
396 3685 490 3743 utpote
524 3694 592 3745 quae
624 3694 640 3729 a
671 3678 793 3745 plurimis
825 3680 999 3747 scriptoribus
1031 3696 1086 3731 non
1113 3681 1218 3747 possint

121 3748 268 3815 praeteriri.
972 3774 985 3787 ι
1104 3747 1107 3755 '

216 3844 268 3897 Sed
293 3842 338 3896 hic
363 3846 469 3914 quidem
495 3847 635 3916 neglectus
659 3847 692 3899 al)
710 3863 795 3899 uxore
822 3857 848 3900 et
866 3848 982 3914 patrueli
1000 3847 1100 3901 Ioanne
1117 3849 1217 3900 Trimi-

121 3916 191 3980 sche,
212 3915 301 3984 qualia
320 3925 381 3969 sunt
398 3918 441 3969 dei
461 3919 574 3983 iudicia,
594 3917 700 3970 multam
720 3920 870 3972 hominibus
895 3921 989 3971 iniecit
1007 3920 1216 3973 sollicitudinem

122 3996 146 4038 et
170 3987 346 4039 Romanorum
367 3989 480 4055 imperio
505 3992 646 4043 tristitiam.
690 3993 735 4059 qui
764 3999 851 4042 autem
877 4008 892 4043 e
917 4007 1018 4060 genere
1048 3995 1105 4045 eius
1131 3999 1215 4057 erant,

121 4060 206 4110 vexati
225 4066 287 4111 sunt
305 4074 321 4111 a
339 4063 455 4129 posteris
473 4062 582 4130 regibus
601 4070 711 4129 propter
742 4065 901 4131 gravitatem
921 4063 1043 4115 fortunae
1066 4073 1092 4116 et
1110 4064 1216 4119 virtutis

121 4130 268 4197 dignitatem
296 4129 437 4182 illustrem.
482 4133 605 4185 manebat
624 4142 711 4185 autem
737 4142 862 4200 posterae
881 4135 961 4186 aetati
986 4136 1060 4204 quasi
1080 4134 1214 4203 igniculus

121 4201 218 4267 quidam
237 4199 350 4266 lucens,
371 4217 455 4270 genus
474 4204 670 4257 Botauiatarum
699 4206 725 4257 iu
746 4207 866 4258 exercitu
885 4206 1021 4258 illustrans
1040 4208 1139 4258 domini
1157 4204 1212 4263 Ba.

122 4269 171 4322 silli
187 4271 446 4343 porphyrogenneti‚
465 4277 634 4345 quiquidem
653 4292 702 4345 per
722 4277 896 4348 quadraginta
917 4293 1000 4333 annos
1017 4277 1141 4346 Balgaris
1159 4280 1211 4341 op.
