3017 4892
606 329 813 419 nrsnoam.
1193 316 1264 401 tia
1358 327 1384 416 j

3 474 62 539 ‘¹⁶²²
164 496 221 558 ro6
241 490 334 579 ἔαρος
358 490 597 577 δπανοίγονιος,
634 488 710 575 περί
731 487 833 573 αιίτήν
854 486 911 573 τήν
936 487 1058 572 ἡμέραν
1079 487 1136 570 τῆς
1155 489 1265 571 δπισή-

5 576 61 697 ’δεῖ
163 618 227 676 μου
250 598 415 679 λεγομένης
435 593 642 677 σ’ρθοδοξίας,
676 582 748 678 δνῇ
771 596 973 677 φυλοκρινεῖν
994 586 1067 663 τούς
1091 583 1267 675 ιηὶρειικούς

3 701 13 750 i
25 706 57 761 δ’
165 693 228 761 dut
248 698 311 760 τῶν
333 696 512 780 δρθοδόξονν
533 696 588 757 καί
609 695 789 772 α’ναθέματι
823 688 1077 771 καθυποβάλλειν
1097 686 1172 765 τούς
1197 682 1266 752 ἔει-

3 785 56 864 '66
165 796 315 878 ροδόξους
337 798 542 915 τῇδκκλησίρ
564 790 753 874 νενόμισται,
777 795 822 869 εἰς
841 790 879 857 τὰ
904 794 967 856 τοῖν
984 792 1101 873 Ὴρίιον
1125 791 1266 857 παλάτια

3 890 52 958 ;δι
137 890 246 959 tactu
267 893 304 959 r6
329 891 403 970 ἔθος
422 896 654 980 προσοδρμηοε,
673 897 711 1013 r6
731 891 792 979 πρὸ
818 892 917 975 αὐτῆς
940 890 1043 1009 ἡμέρη
1061 890 1118 975 τήν
1139 891 1266 975 εἰησιάν

3 992 53 1053 tac
164 996 351 1081 φιλοτιμίαν
381 997 438 1081 τήν
470 998 637 1080 λεγομένην
668 990 767 1080 ῥὸμαν
788 1002 853 1069 τοις
880 993 1068 1076 μεγιστᾶσι”
1054 995 1125 1078 ητής
1148 995 1267 1075 βουλῆς

3 1116 40 1153 σι’
164 1100 389 1178 καταθέμενος.

3 1199 45 1265 ²612·
286 1199 586 1283 Διαπεραιουμίνου
616 1200 646 1261 δ’
666 1198 765 1262 αὐτοῦ
795 1193 849 1261 εδν
878 1192 1097 1280 Χαλκηδόνιον
1121 1191 1266 1276 πορθμὸν

10 1300 47 1357 αἰ
164 1295 330 1383 περιστερά
357 1302 403 1375 τίς
421 1304 520 1363 ποθεν
552 1296 710 1381 ἱπταμένη
739 1299 780 1359 oo'
801 1296 885 1362 πάνυ
918 1322 948 1360 ιι
969 1294 1088 1380 λευκή,
1123 1293 1201 1378 πρὸς
1228 1292 1262 1361 ιδ

3 1401 42 1470 ”ι
120 1402 264 1481 λθμέλαυ
285 1400 321 1463 δὲ
341 1396 376 1463 ιδ
402 1407 547 1465 πλεῖστον
567 1399 666 1481 αὖιῆς
688 1398 926 1483 ὑποφαίνουσα,
949 1394 1007 1480 τήν
1030 1400 1193 1481 φέρουσαν
1213 1394 1266 1460 τὸν

6 1502 9 1516 ’
34 1508 38 1517 ’
161 1502 296 1581 βασιλέα
334 1502 395 1583 νήα
427 1497 598 1582 ἐπήρχετο,
630 1501 690 1574 ἓως
724 1498 768 1574 εἷς
798 1492 896 1562 αὐτὸν
925 1501 1042 1562 ἐκεῖνον
1070 1500 1267 1561 καθεσθεῖσα

27 1608 32 1618 ’
91 1628 96 1637 ·
160 1600 255 1684 χερσί
285 1601 478 1674 ιαῖςάιῖτοῦ
512 1597 712 1722 προσερρδη·
755 1598 898 1671 κοίκεῖνος
921 1592 1040 1680 tatem
1068 1597 1106 1681 τῇ
1124 1598 1268 1677 βασιλιδι

162 1701 341 1781 α’νδπεμψε,
362 1700 437 1781 περὶ
457 1699 537 1763 αδιὰ
561 1698 600 1763 ια
624 1698 785 1781 α’νᾰκιορα
807 1698 862 1780 τῆς
884 1697 1002 1772 πόλεως
1024 1695 1110 1779 παρὰ
1132 1697 1168 1762 τὸ
1193 1699 1268 1763 εἶα-

4 1838 33 1888 nu.
162 1795 260 1872 otc’
244 1798 453 1921 επιμειιιοίση.
499 1801 591 1863 τοῦτο
620 1800 657 1865 δὲ
677 1796 837 1919 σύμβολον
859 1798 960 1861 totae
988 1795 1164 1898 μελλούσης
1183 1796 1267 1874 ιινδς

3 1921 29 1991 ’ἧς
121 1915 154 1969 15
164 1897 373 1979 οποβασεονς,
395 1898 454 1962 o6st
477 1898 620 1984 ἰσότητος
643 1901 678 1963 δὲ
697 1901 752 1963 καί
774 1893 958 1984 ὅμοφοονιας
978 1907 1042 1973 τοῖς
1066 1908 1162 1964 τοῦτο
1181 1924 1267 1981 συμ-
1278 1918 1397 1975 t.,195f

3 2042 29 2096 η
162 1996 339 2083 βάλλουσιν
367 2001 476 2066 ἐδίδου
506 1996 700 2085 παραθεσιν,
733 2000 802 2064 αλλ’
827 1998 860 2062 οδ
885 2003 945 2081 μὲν
968 1997 1047 2083 πρὸς
1068 1998 1103 2064 s6
1126 2008 1268 2085 κρεῖττον

163 2097 197 2163 ολ
216 2101 251 2162 δὲ
278 2098 359 2184 πρὸς
377 2097 413 2165 τὸ
434 2108 541 2184 χεῖρον
560 2098 617 2182 τήν
637 2097 768 2183 ἔκβασιν
786 2099 1028 2183 προεσήμαινον.
1073 2099 1093 2183 6
1115 2102 1150 2165 δὲ
1170 2106 1267 2181 βασι-

3 2244 25 2282 ηη
161 2200 212 2274 λίς
239 2200 271 2263 εἰ
293 2200 347 2264 καί
367 2201 546 2327 α’μηιίβολος
574 2200 616 2287 τῷ
647 2204 785 2281 βασιλεῖ
808 2201 865 2264 καί
891 2198 1074 2283 α’σιῖμβαιος
1101 2194 1140 2285 ήν
1172 2202 1204 2266 ἒν
1227 2204 1267 2288 τῇ

4 2348 16 2383 η
154 2301 337 2387 προπομπῇ
370 2302 425 2365 καί
452 2294 518 2366 οἷον
549 2299 753 2385 ἀμφήριστος
786 2297 820 2365 ἐκ
851 2303 943 2365 τινοῖν
974 2310 1037 2377 τοϊς
1068 2306 1268 2367 συνοικοῦσιν

4 2446 21 2487 ,η
115 2400 462 2483 οοέπισυμβαινουσοδν
475 2398 639 2486 θρύψεων,
661 2400 741 2465 α’λλοξ
757 2425 791 2483 γε
809 2403 850 2489 τῇ
863 2405 940 2483 πρὸς
951 2400 1009 2467 rto
1030 2396 1130 2485 ἄνδρα
1151 2404 1268 2491 στοργῇ

117 2507 417 2625 καταπονηθεϊσα
442 2500 521 2587 πρδς
552 2505 661 2568 τοῦτον
684 2503 729 2576 εἰς
751 2500 809 2585 τήν
834 2505 987 2570 ἐπιοῦσαν
1010 2505 1267 2589 διεπεπεραίωιο,

161 2629 213 2669 και
242 2602 319 2686 πρὸς
347 2604 466 2689 ἡμέρας
493 2600 582 2679 τινας
619 2600 840 2687 καρτερήσασα
868 2602 922 2667 καί
954 2602 1010 2668 ιὸν
1041 2602 1268 2687 συνιακτήριον

160 2705 253 2789 λόγον
273 2704 328 2769 καί
347 2705 462 2789 τρόπον
483 2705 731 2786 α’ποσεμνδνασα
753 2704 866 2771 νόστου
888 2728 920 2769 ιε
942 2703 1103 2791 ἐμνήσθη,
1126 2705 1267 2779 κοίκεῑνον

162 2806 207 2879 εἰς
225 2802 285 2887 τήν
306 2799 389 2868 tuas
409 2802 489 2884 μεταλ
511 2802 575 2868 ’τῶν
604 2803 767 2873 εἰωθότων
799 2807 1069 2901 προπεμπεηρίοον
1096 2803 1264 2900 α’πίλυσεκ.

732 2970 742 3000 λ

162 3094 263 3142 verae,
284 3091 337 3146 quo
356 3092 500 3130 secernere
521 3078 672 3132 haereticos
691 3077 724 3131 ab
747 3076 904 3131 orthodoxis
930 3083 957 3128 et
976 3070 1159 3143 deprec6tioni
1178 3074 1264 3129 subii.

163 3166 226 3201 cere
246 3149 318 3201 uliud
337 3150 477 3202 credentes
497 3149 632 3202 ecclesinc
650 3166 707 3202 mos
728 3159 789 3215 est,
810 3151 842 3202 ad
863 3149 934 3202 veris
954 3147 1052 3217 palatis
1072 3163 1105 3199 ex
1123 3161 1197 3198 more
1215 3163 1264 3199 ac.

163 3222 258 3284 cessit,
280 3229 420 3288 postquam
441 3222 582 3288 superiore
601 3222 644 3273 die
664 3237 779 3274 nnunum
799 3221 946 3273 honestatis
966 3227 1110 3283 certamen,
1130 3234 1199 3288 quus
1220 3220 1263 3271 di.

163 3294 231 3344 citur
251 3306 318 3360 roga
339 3293 514 3361 (stipendium
533 3309 555 3345 ε.
574 3294 758 3362 donationem)
790 3291 956 3360 principibus
976 3298 1083 3344 senatus
1103 3290 1226 3342 instituit.

260 3381 419 3432 Traiiciente
438 3390 526 3433 nutem
547 3396 579 3432 eo
600 3382 798 3434 chalcedoniae
818 3382 924 3446 fretum,
945 3380 1066 3447 columba
1088 3380 1157 3432 iorta
1177 3380 1263 3431 advo.

163 3451 232 3513 lans,
255 3466 309 3501 non
329 3453 436 3502 omnino
458 3450 528 3514 alba,
547 3453 594 3504 sed
605 3455 770 3536 nigrescens
796 3453 911 3519 plurimo
932 3467 1061 3536 corpore,
1080 3465 1175 3503 navem
1194 3466 1263 3519 quae

161 3536 254 3588 regem
274 3520 378 3571 ferebat
399 3523 478 3584 adiit¹
499 3489 610 3572 d6nec
603 3540 630 3574 m
654 3522 757 3573 iiium'
750 3539 836 3589 ipsum
856 3524 1006 3576 assidens
998 3538 1026 3573 rn
1045 3537 1136 3574 manns
1157 3522 1214 3573 eins
1233 3536 1263 3573 se

161 3590 330 3642 insinuabat:
352 3599 432 3657 atque
450 3591 499 3641 ilie
517 3590 586 3640 iranc
603 3594 716 3673 reginae
736 3594 818 3655 misit,
837 3604 905 3660 quae
924 3596 952 3645 in
970 3594 1047 3661 regia
1065 3592 1138 3643 urbis
1157 3600 1264 3659 praeter

162 3660 270 3712 solitum
290 3668 461 3712 remanserat.
482 3659 535 3709 hoc
555 3668 643 3711 autem
664 3662 768 3727 signum
787 3663 928 3715 videbatur
947 3664 1029 3714 iuturi
1049 3662 1183 3712 cuiusdam
1202 3662 1264 3712 exi-

161 3740 219 3801 tus:
245 3748 333 3800 neque
354 3745 420 3783 vero
441 3730 621 3782 similitudinis
653 3738 680 3782 et
698 3730 882 3783 harmoniae'
875 3734 909 3784 sis
928 3734 973 3800 qui
1000 3731 1052 3783 hoc
1072 3740 1263 3814 componerent

161 3804 233 3856 dedit
252 3804 483 3869 comparutio.nem
528 3802 575 3853 sed
603 3801 650 3853 alii
668 3803 700 3853 ad
718 3802 825 3867 melius,
853 3803 900 3855 alii
921 3803 953 3854 ad
971 3804 1049 3868 peius
1067 3802 1165 3855 exitum
1183 3811 1261 3856 antea

161 3874 322 3927 referebant
342 3875 436 3941 regina
455 3879 543 3927 autem
562 3872 628 3924 licet
645 3875 748 3925 incertu
767 3875 825 3949 regi
845 3883 871 3926 et
890 3873 1124 3926 inconciliabilis'
1117 3889 1144 3924 m
1164 3890 1260 3943 pompa

162 3952 189 3996 et
210 3947 285 4013 quasi
305 3959 404 4011 anceps
424 3944 459 3995 ob
478 3946 602 4012 quasdam
622 3952 764 3997 consuetas
781 3944 945 4013 coniugibus
964 3944 1086 4009 delicias,
1105 3945 1153 3997 sed
1171 3953 1259 3998 tamen

161 4032 251 4069 amore
274 4019 328 4069 uiri
347 4017 453 4069 deuicta
478 4017 511 4069 ad
537 4016 607 4067 hunc
626 4025 735 4084 postero
761 4017 804 4068 die
829 4025 995 4084 transgressa
1015 4024 1056 4069 est
1073 4025 1100 4069 et
1120 4025 1259 4087 postquam

159 4099 209 4155 per
228 4090 285 4141 dies
303 4087 449 4140 nonnullos
468 4088 505 4139 ibi
526 4097 632 4140 versatu
652 4096 693 4139 est
712 4095 739 4139 et
766 4089 927 4140 secessionis
946 4102 1094 4141 sermonem
1115 4096 1142 4140 et
1158 4104 1259 4142 moram

161 4160 319 4224 celebravit,
338 4160 438 4212 reditus
456 4160 612 4212 meminerat
631 4168 658 4211 et
678 4158 755 4211 ilium
775 4161 807 4212 ad
837 4158 996 4213 orientalem
1014 4168 1111 4213 terram
1134 4176 1191 4214 cnm
1210 4174 1257 4213 so.

159 4227 216 4306 ntis
233 4233 432 4304 prosecutionis
449 4232 527 4288 iestis
542 4232 649 4287 dimisit.
