3017 4892
254 291 330 372 wll
543 285 764 362 UICEAEUS
794 283 1053 360 tremoris
1143 299 1147 303 ’

254 464 355 552 βόται
374 465 435 528 τεόν
456 452 557 544 όρκων
578 459 633 520 καί
655 456 719 519 τῶν
740 455 907 538 συνθηκτόν
926 451 1161 537 έχρημότισαν.
1209 447 1318 517 ἄλλ’
1356 437 1432 514 οὖ-

255 589 308 642 τος
342 565 479 650 οἶτρέσιιρ
510 562 565 623 καί
591 554 719 641 εύμενεῖ
734 559 776 643 τῷ
800 552 1062 640 φρονήματι,τῇ
1092 557 1170 643 θείρι
1200 550 1362 639 ψήφῳ,
1382 549 1432 614 τὰ

256 665 324 733 κατ’
346 663 444 730 estete
468 662 661 742 ἐπιτρέψας,
685 656 801 720 ούδένα
822 655 915 736 λόγον
937 650 1057 718 τούτων
1078 659 1292 738 πεποίηκεν,
1323 649 1429 715 ἀλλά

255 761 430 850 συμβαλών
459 747 518 836 τός
540 763 701 844 ’πονηρίας
723 760 778 820 καί
798 758 995 831 α’τασθαλιλκς
1017 756 1139 835 adreio,
1160 754 1224 838 καί
1252 754 1324 831 ὥς
1356 743 1430 815 ἆλ-

257 875 319 943 λως
342 866 478 940 Ἀλωέος
499 866 552 926 καί
573 854 933 944 λωβητῆρας,εύθύμως
954 853 1076 931 τούτοις
1098 855 1452 937 δποσεισᾰμενος,5

256 964 372 1050 ἵναμή
404 960 632 1048 καυχήσωνται
655 961 881 1041 συμβαλέσθαι
901 954 1003 1044 τούτῳ
1030 954 1112 1035 πρὸς
1138 954 1175 1019 τό
1202 959 1427 1040 προκείμε·

256 1069 530 1150 νονσπούδοσμα
561 1065 615 1126 καί
649 1061 708 1144 τήν
737 1063 792 1144 τής
814 1061 979 1139 βασιλείας
1003 1054 1172 1139 α’νόβασιν,
1199 1059 1270 1121 καί
1302 1058 1425 1120 αύτοί

257 1169 315 1245 τός
336 1169 519 1250 εύερχεσίας
540 1159 675 1239 α’ναξίως
697 1164 911 1242 κομίσωνται,
934 1159 990 1240 τῆς
1011 1155 1200 1240 ὁδοιπορίας
1226 1158 1425 1239 ἀπάρχε-

255 1265 318 1333 τάι.
363 1264 393 1330 οἱ
415 1267 446 1327 δ’
469 1261 705 1349 ἐφεδρεύοντες,
730 1263 841 1324 πολλοὶ
864 1258 919 1322 καί
935 1254 1139 1341 πανταχόθεν
1159 1263 1417 1342 συρρέοντες,

258 1368 398 1454 οόρύοντο
425 1369 483 1446 μέν
515 1363 557 1437 ιύς
591 1361 725 1441 σκύμνοι
759 1364 814 1424 καί
845 1357 1067 1423 καθυλόκτουν
1098 1359 1143 1434 τός
1174 1357 1321 1439 κύνες,
1361 1361 1416 1433 εἰς
1427 1376 1451 1425 it

261 1477 372 1554 χεῖρας
408 1467 442 1530 δέ
470 1464 571 1553 τούτῳ
602 1465 709 1526 έλθεῖν
743 1462 798 1524 κατ’
826 1457 964 1541 πόλεμον
993 1459 1151 1544 συρράξαι
1187 1457 1304 1548 φόβῳ
1345 1458 1412 1522 καί

259 1571 357 1656 φρίκη
382 1567 586 1652 συνείχοντο,
620 1565 720 1626 καίτοι
743 1559 890 1634 πολλάκις
919 1563 965 1635 εἰς
987 1559 1080 1624 τοῦτο
1101 1565 1304 1644 μεταβῆναι
1333 1582 1406 1640 με.

223 1676 227 1685 ’
258 1665 495 1750 τακαλούμενοι.
553 1667 622 1729 αλλ’
648 1658 755 1746 ιύσπερ
783 1663 837 1726 έπί
865 1664 927 1725 τεόν
952 1661 1156 1751 Ἰσραηλιτῶν
1176 1664 1397 1745 γέγραπται,
1475 1647 1478 1747 l

258 1773 312 1853 τῆς
344 1770 485 1852 ἐρυθρᾶς
520 1770 693 1852 τμηθείσης
730 1761 894 1844 θαλάσσης
925 1763 1073 1846 α’βρόχως
1107 1759 1231 1837 αύτούς
1259 1765 1400 1826 διαπε-
1471 1844 1473 1851 ,

261 1871 444 1955 ροιωθήναι
479 1865 528 1931 διό
551 1868 667 1952 ξηροῖς,
699 1865 742 1940 ιύς
763 1867 888 1947 τείχους
908 1865 943 1927 έκ
973 1864 1084 1941 δεξιῶν
1107 1862 1162 1928 καί
1181 1864 1333 1945 τείχους
1359 1863 1425 1940 ἔξω
1470 1860 1473 1917 l

260 1968 429 2051 εύωνύμων
460 1968 630 2050 ἱσταμένου
653 1968 706 2032 τοῦ
729 1961 861 2043 ύδατος,
896 1960 999 2038 ούτως
1031 1965 1171 2028 ἐνταῦθα
1196 1969 1389 2047 τεθαυμα-

259 2069 448 2156 τούρχηται·
506 2066 548 2144 ιύς
582 2067 642 2152 χοὶρ
681 2064 786 2153 §adpro
822 2063 1023 2149 πανταχόθεν
1054 2069 1290 2148 συντρέχοντες
1328 2069 1387 2129 καί
1467 2053 1471 2117 Ῐ

259 2168 538 2251 παρατειχίζοντες
554 2165 660 2252 [adeda
675 2164 711 2230 ὀἱ
733 2169 876 2247 πολέμιοι
905 2166 1168 2248 ψαύοοιτούτου
1194 2169 1253 2231 καί
1275 2166 1384 2230 πόλε-

259 2293 320 2352 μον
339 2271 507 2351 θαρρῆσαι
539 2268 596 2330 ούκ
619 2265 857 2351 οἷπετόλμησαν,
886 2270 925 2332 ε’ν·
943 2265 1096 2348 ’όμοιοόσει
1118 2267 1154 2332 δὲ
1175 2265 1380 2354 δορυφόρων

262 2369 319 2446 τοὶς
340 2366 558 2451 παραπομπάς
592 2365 788 2452 ἐπεποίηντο.
832 2363 898 2433 όσοι
927 2371 962 2433 δὲ
983 2363 1212 2450 πολεμήσοντες
1236 2359 1417 2451 dionanto
1469 2410 1470 2413 ν

262 2463 283 2555 ἢ
305 2469 468 2541 πίπτοντες
491 2469 620 2552 οἰκτρούς
641 2468 696 2552 τήν
720 2469 831 2551 Ψυχήν
852 2465 1061 2551 οἷπεβόλοντο,
1088 2461 1184 2552 ἢτήν
1205 2459 1312 2552 ἧτταν
1334 2462 1375 2541 ὥς

262 2571 295 2650 ἐξ
315 2568 565 2654 α’κατομαχήιου
588 2569 753 2650 δυνάμεως
776 2571 959 2652 ἀνελόμενοι
990 2569 1093 2633 ούκέτι
1114 2571 1275 2653 δευτέρως
1298 2566 1374 2632 ἒπι·

261 2679 381 2758 χειροῖν
404 2668 608 2754 ἐδοκίμασαν.
667 2673 754 2735 πᾶσα
788 2672 822 2734 δὲ
846 2666 937 2746 πόλις
967 2667 1180 2756 ἐπερχόμενον
1212 2669 1318 2752 αύτόν
1340 2670 1373 2733 έν

333 2831 360 2884 5.
377 2828 516 2892 cortrone?
603 2832 646 2885 22.
669 2832 811 2904 δευτέροις
829 2830 859 2885 G.

263 3050 354 3104 divino
376 3052 503 3119 sullragio
523 3066 566 3102 res
586 3067 647 3104 suas
665 3051 785 3104 tribuens
804 3050 905 3102 nnllam
923 3050 1055 3102 rationem
1074 3050 1169 3102 horum
1189 3050 1301 3103 babuit:
1322 3052 1368 3104 sed

264 3123 406 3176 conferens
426 3123 584 3189 pravitatem
604 3130 630 3172 et
648 3123 759 3173 iniurias
778 3137 870 3173 eorum
890 3130 964 3174 etse
982 3121 1067 3173 malos
1086 3123 1217 3173 vinitores
1252 3129 1281 3174 et
1309 3130 1368 3173 tur-

262 3209 310 3262 pes
329 3193 400 3245 bono
420 3195 507 3245 auimo
529 3194 689 3256 eircussisse,
708 3207 742 3242 ne
768 3193 950 3261 gloriarentur
976 3193 1038 3244 huic
1065 3195 1211 3244 convenire
1238 3195 1272 3246 ad
1296 3190 1368 3261 ‘pro-

261 3265 377 3332 positum
395 3265 509 3316 studium
530 3271 556 3312 et
579 3264 764 3314 ascensionem
782 3265 860 3331 regni
880 3265 968 3330 etipsi
986 3264 1118 3316 beneficia
1136 3265 1248 3331 indigne
1266 3281 1366 3332 repor-

263 3340 362 3396 tarent,
383 3334 433 3384 iter
452 3334 564 3398 incipit:
584 3333 740 3386 insidiantes
762 3343 860 3399 autem,
880 3337 925 3402 qni
944 3335 1021 3387 multi
1041 3343 1116 3386 erant
1127 3343 1154 3385 et
1165 3336 1285 3402 undique
1298 3352 1365 3387 con-

262 3404 389 3467 lluebant,
409 3401 547 3454 ululabant
572 3409 695 3471 tauquam
721 3406 802 3458 catuli
829 3414 855 3458 ct
879 3405 1012 3457 latrabant
1041 3415 1070 3457 nt
1096 3422 1193 3458 canes:
1222 3409 1364 3474 quominus

263 3483 350 3529 autem
370 3475 402 3525 ad
420 3488 511 3524 manus
532 3473 595 3524 huie
614 3477 739 3528 venirent
759 3486 786 3529 et
803 3477 905 3530 bellurn
924 3486 1115 3541 consererent,
1142 3485 1215 3528 metu
1244 3486 1271 3529 et
1300 3479 1363 3530 hor-

263 3562 325 3598 rore
344 3544 537 3609 retinebantur,
555 3543 620 3597 licet
640 3562 722 3614 saepe
739 3549 774 3600 ad
791 3549 843 3600 boc
862 3550 976 3600 transire
995 3549 1120 3600 excitatis
1139 3549 1187 3600 scd
1204 3556 1235 3599 nt
1259 3551 1294 3602 de
1319 3549 1364 3601 lu-

265 3618 338 3670 daeis
357 3618 484 3683 scriptum
507 3624 556 3680 est,
574 3619 655 3670 rubro
674 3622 739 3671 mari
758 3621 847 3672 diviso
865 3622 953 3672 siccos
972 3636 1018 3673 eos
1037 3621 1175 3672 transiisse
1194 3636 1244 3687 per
1262 3622 1363 3672 aridum

263 3704 338 3742 muro
358 3706 373 3741 a
392 3690 486 3740 dextro
507 3697 533 3739 et
551 3705 626 3742 muro
646 3706 661 3741 a
682 3691 790 3744 sinistro
809 3693 929 3743 adstante
949 3705 1044 3759 aquae,
1065 3693 1103 3743 ita
1121 3691 1166 3742 iric
1195 3691 1285 3742 simile
1312 3693 1363 3742 rui-

264 3760 383 3813 raoulum
404 3761 501 3812 lactum
522 3769 583 3813 est:
602 3769 630 3812 ut
653 3763 721 3812 eninr
740 3764 825 3815 amnis
845 3763 963 3829 undique
983 3770 1174 3814 concurrentes
1194 3771 1222 3814 et
1247 3763 1365 3814 circum-

263 3830 396 3884 vallantes
417 3847 476 3882 eum
496 3830 586 3884 hostes
606 3841 717 3900 tangere
736 3833 807 3885 huno
826 3843 855 3884 et
880 3833 981 3885 bellurn
1006 3834 1097 3885 subire
1119 3848 1174 3884 non
1199 3841 1263 3885 suut
1288 3835 1361 3885 ausi:

264 3901 437 3953 similitudine
458 3909 545 3953 autem
564 3903 709 3956 satellitum
728 3907 880 3956 comitatum
899 3905 1039 3955 fecerunt:
1060 3906 1213 3972 quicunque
1231 3903 1360 3954 κατοικιεῖ

263 3967 415 4028 bellandum
435 3974 550 4040 proiecti
571 3982 661 4038 erant,
687 3983 732 4026 aut
755 3977 882 4028 cadentes
907 3976 1006 4027 misere
1031 3978 1114 4027 vitam
1138 3974 1293 4025 amittebant
1318 3980 1360 4025 aut

266 4038 368 4091 cladem
387 4050 417 4091 ut
436 4059 469 4094 cx
487 4046 588 4098 invicta
607 4048 728 4113 potentia
745 4049 868 4114 perpessi
886 4061 940 4098 non
958 4047 1011 4096 ianr
1028 4063 1119 4099 rursus
1138 4047 1249 4114 aggredi
1259 4053 1360 4097 statue.

266 4117 344 4162 rante
364 4110 443 4162 urbes
463 4123 550 4166 autern
571 4132 664 4170 omnes
682 4119 869 4171 advenientem
889 4131 950 4168 eum
967 4117 995 4171 in
1014 4116 1069 4171 alto
1090 4126 1118 4169 et
1141 4118 1233 4169 divino
1260 4116 1358 4168 lacerto

267 4179 385 4236 libenter
409 4189 436 4233 et
452 4185 536 4241 multe
556 4203 615 4242 can
638 4187 719 4244 laude
749 4197 776 4242 et
800 4187 961 4243 elamoribus
991 4190 1169 4260 excipiebant.
1205 4185 1358 4242 memmii

262 2979 434 3032 iurandorum
454 2985 480 3030 et
498 2979 650 3045 pactionum
667 2980 732 3031 facti
749 2987 819 3032 suut.
856 2978 904 3031 sed
920 2978 965 3030 bic
980 2978 1113 3046 intrepido
1132 2985 1159 3030 et
1173 2977 1259 3031 nobili
1278 2979 1370 3032 animo
1474 2888 1478 3157 ή
