3017 4892
506 348 514 362 '
593 328 803 429 nuruum,
1198 358 1246 430 tt

146 549 201 589 σιν
221 522 387 609 ἐπιφέρειν
410 518 645 602 έδοκιμολζοντο,
666 526 723 586 καί
735 546 818 597 τισιν
841 520 958 605 σ’λίγοις
978 524 1038 587 τῶν
1052 521 1246 607 προσιόντων

147 616 316 707 ἢὸμαλοῖς
339 625 584 706 προδεχθέντων
618 622 722 710 crispi·
772 622 808 688 τὸ
842 624 876 687 δέ
898 621 1056 707 φειδωλόν
1078 626 1133 688 καί
1167 615 1269 705 ἄγαν·

143 722 329 808 ποριστικὸν
358 725 422 787 τοῖν
456 726 616 806 δημοσίων
644 719 839 808 χρημάτων,
871 720 955 789 ἔστιν
981 717 1028 799 οἶς
1056 726 1109 788 καί
1137 716 1194 787 οὐκ
1212 725 1247 787 έν

143 823 364 908 εὐπροσώποις
387 826 515 902 αἰτίαις,
536 824 590 886 καί
609 820 644 886 so*
666 832 735 888 κατ’
755 826 901 901 ἐξουσίαν
922 822 1112 907 δικαστικόν,
1133 826 1188 886 κατ’
1209 818 1245 886 εδ

114 922 420 1009 διαταφρονηιικόν
434 925 497 1005 ,τῆς
519 928 750 1006 στρατιωτικῆς
772 923 948 1008 εὐπραγίας
971 923 1026 989 καί
1039 923 1246 1008 στρατηγικῆς

143 1026 200 1091 καί
230 1027 400 1110 α’κρητικῆς
425 1026 602 1099 εὐπαθείας
627 1027 752 1088 πολλῶν
779 1022 834 1111 καί
862 1025 978 1108 σχεδὸν
1008 1023 1155 1091 ἁπάντων
1183 1027 1247 1089 τοῖν

143 1124 209 1191 aiod
229 1120 400 1207 Ῥωμαίοις
431 1124 602 1191 τελούντων
631 1124 826 1206 λυμαντικδν
855 1128 1057 1211 ἐψηφίζοντο.
1096 1114 1245 1211 η’γείρετο

142 1224 205 1309 γὰρ
240 1225 337 1302 πολέος
357 1223 629 1311 λγσγγυσμδςντοῖν
658 1249 692 1289 τε
713 1228 1012 1307 καταδικαζομένων
1041 1226 1078 1290 οδ
1109 1227 1246 1308 νομικιός

143 1329 200 1392 καί
220 1332 283 1393 τῶν
305 1321 585 1412 κατηγορουμένων
604 1327 817 1413 σοφιστικοῖς,
839 1329 894 1392 καί
917 1329 981 1393 τῶν
1004 1327 1245 1409 ἀπαιτουμένων
1270 1364 1282 1404 3

95 1434 133 1487 10
144 1432 191 1505 είς
209 1428 244 1495 τδ
268 1428 421 1513 δημόσιον
443 1428 542 1494 ἐνίοτε
563 1426 796 1513 α’χρεολστητα,
820 1410 959 1493 κατ”τῶν
982 1432 1162 1512 δεχομένων
1183 1450 1247 1511 φο-

143 1527 309 1614 ρολογικοὶς
340 1530 527 1613 έπαυξὴσεις
554 1531 735 1613 ἐπαρχιῶν,
767 1534 820 1594 καί
853 1532 916 1595 των
942 1528 1145 1611 καταδρομάς
1166 1526 1247 1613 δρι-

142 1629 305 1712 σταμένων
326 1630 525 1713 βαρβαρικὰς
547 1626 660 1697 διὰτὸ
684 1629 729 1713 μη
762 1628 841 1695 nard
871 1627 961 1712 λόγον
980 1629 1034 1692 τὸν
1054 1652 1248 1711 στρατιωτι-

142 1728 198 1793 κὸν
226 1726 397 1810 κατάλογον
424 1728 579 1810 γίνεσθαι.
628 1730 749 1810 ἐλέγετο
775 1730 810 1791 δὲ
839 1725 885 1810 μη
921 1732 977 1811 τῆς
1004 1730 1064 1791 τοῦ
1089 1731 1267 1815 βασιλέως·

143 1829 274 1913 φύσεως
294 1825 370 1909 ἔργα
390 1831 492 1891 τοῦτο
517 1821 614 1908 (εἶναι
633 1825 698 1917 γὰρ
716 1828 827 1891 τοῦτον
850 1824 910 1910 πρδ
934 1829 990 1909 τῆς
1014 1827 1116 1911 α’ρχῆς
1135 1820 1246 1913 ἄφθο-
1341 1846 1347 1865 ·

4 1974 9 1983 ,
98 1930 195 1993 15’νον
212 1927 251 1990 τοὶ
277 1924 379 1991 πάντα
407 1925 462 1989 καί
491 1924 700 2009 α’πειρόκακον
720 1924 776 1989 καί
803 1927 858 2010 τῆς
878 1924 1092 2012 ἑλεημοσδνης
1114 1925 1244 2011 ὁλοσχε-

143 2032 207 2111 ρῶς
232 2024 476 2112 ἐφαπτόμενον),
494 2021 687 2111 δποφθορᾶς
709 2027 751 2091 δὲ·
766 2030 859 2091 τινῶν
872 2028 927 2093 καί
946 2031 1162 2114 παραινέσεως
1187 2052 1245 2113 φι-

142 2126 359 2211 λοπράγμονος
370 2175 382 2205 ,
404 2122 475 2192 δσοι
501 2129 557 2211 τῆς
577 2124 658 2211 πρδς
684 2125 725 2191 ati
753 2132 904 2208 βασίλεια
927 2125 1112 2205 οἰκειωσεως
1134 2131 1246 2210 μεῖζον
1300 2152 1306 2163 ·

141 2231 237 2293 ου’δὲν
257 2231 324 2292 ον’δ’
345 2228 519 2312 ὑπέρτερον
541 2219 682 2312 ἥγηνται,
714 2228 767 2290 ἵνα
789 2225 824 2291 τδ
857 2230 987 2310 εὐμενές
1011 2229 1072 2315 τοῦι
1088 2231 1246 2313 κρατοῦν-

142 2352 195 2406 τος
217 2326 407 2414 σολησωσιν.

97 2434 133 2489 20
243 2431 325 2493 Ἀλλ’
349 2423 421 2495 οὔτε
442 2428 475 2494 cd
498 2432 554 2513 τῆς
567 2430 682 2513 α’ρετῆς
702 2431 758 2495 τοῦ
779 2434 935 2511 βασιλέως
952 2434 1049 2515 μέρος
1070 2431 1245 2515 α’γέραστον

142 2520 217 2594 οὔτε
239 2529 278 2593 τὰ
298 2521 401 2603 ἄλλως
424 2528 498 2611 ἔχον
520 2529 702 2613 ἀνώλεθρον
726 2533 765 2617 τῇ
780 2526 942 2617 Ῥωμαϊκῇ
963 2534 1145 2621 ἐπικρατείᾳ
1169 2535 1241 2597 δια.
1304 2564 1306 2566 ·

142 2632 306 2714 μεμένηκε.
349 2635 424 2711 περί
444 2634 503 2712 μὲν
523 2628 583 2714 γὰρ
602 2632 666 2721 τῶν
685 2629 782 2707 ἐντός,
803 2624 888 2708 ὅπως
909 2634 1012 2705 καλαῖς
1033 2629 1107 2714 ἔσχε
1127 2637 1170 2719 τῷ
1182 2638 1243 2713 βα·

142 2736 234 2811 σιλεῖ,
254 2731 310 2795 καί
329 2728 373 2805 ὥς
395 2724 434 2813 ἦν
457 2732 544 2819 adsui
563 2722 727 2816 βουλητόν,
749 2731 814 2796 τῶν
830 2735 954 2797 παίδων
969 2722 1014 2796 ὧν
1027 2736 1088 2814 μὲν
1109 2734 1245 2799 ἰδιωτῶν

203 2905 259 2958 ⁹16.
278 2908 479 2979 παραινέσεων
498 2906 528 2961 G.

144 3062 281 3115 nonnullis
299 3065 391 3129 paucis
412 3077 512 3127 corum,
534 3064 580 3132 qui
599 3064 631 3115 ad
650 3079 710 3113 eum
726 3064 886 3115 accederent
906 3071 932 3115 et
951 3063 1068 3131 benigue
1088 3064 1120 3115 ab
1141 3080 1173 3115 eo
1194 3078 1251 3121 ert.¹

145 3137 305 3201 ciperentur.
344 3134 414 3202 quod
440 3143 527 3185 aittcm
551 3149 647 3201 parcus
675 3144 732 3186 crat
758 3143 784 3185 ct
807 3136 886 3202 nimis
906 3149 1059 3201 comparans
1078 3136 1242 3202 pubiicarum

144 3222 231 3258 rerum
256 3220 444 3274 nonnunquam
472 3209 551 3257 ctiam
575 3221 629 3257 non
648 3208 779 3273 speciosis
808 3208 905 3270 causis,
924 3214 950 3256 et
970 3207 1040 3275 quod
1060 3215 1243 3274 estpotestate

144 3278 257 3328 iudicem
278 3278 388 3345 agebat,
416 3278 655 3329 et'contemnebat
680 3277 822 3328 militarem
847 3278 978 3329 fortunam
1003 3285 1029 3329 et
1048 3280 1247 3345 imperatoriam

145 3356 171 3398 et
188 3348 228 3398 rei
246 3349 401 3400 iudiciariae
419 3348 517 3399 bonum
538 3357 633 3399 statum
651 3349 794 3399 multorum
822 3358 849 3399 et
867 3348 923 3400 fere
943 3350 1058 3401 omnium
1078 3351 1104 3401 iu
1124 3350 1243 3402 Graeco.

143 3434 199 3469 rum
218 3434 326 3469 censum
355 3419 550 3484 adhibitorum,
577 3422 758 3487 perniciosum
784 3420 936 3471 censebant.
982 3421 1146 3473 excitabatur
1173 3424 1243 3473 euim

143 3490 224 3539 multa
242 3490 390 3555 indignatio
408 3506 508 3553 eorum,
526 3492 571 3559 qui
590 3493 703 3543 damnati
722 3500 798 3542 erant
810 3506 862 3543 uon
876 3508 910 3543 ex
927 3490 999 3559 lege,
1019 3499 1046 3543 et
1064 3493 1109 3560 qui
1127 3494 1243 3544 accusati

144 3560 221 3609 modo
242 3559 419 3623 sophistarum
439 3568 466 3611 et
485 3575 499 3609 a
520 3560 615 3627 quibus
637 3562 812 3627 exigebantur
838 3564 865 3613 in
884 3565 1015 3613 aerarium
1035 3578 1089 3614 uon
1109 3562 1197 3615 debita
1217 3571 1244 3614 et

146 3629 351 3695 provinciarum,
372 3643 440 3694 quac
459 3630 626 3693 accipiebant
644 3632 818 3698 vectigalium
828 3634 1008 3695 accessiones,
1030 3641 1056 3682 et
1075 3647 1175 3696 eorum,
1196 3635 1240 3699 qui

136 3698 312 3758 ¹incursiones
324 3697 490 3749 sustinebant
504 3697 675 3749 barbarorum
689 3716 747 3749 cum
761 3704 820 3751 sine
839 3701 1112 3753 electione‘dclectus
1130 3703 1243 3753 militum

146 3771 231 3821 deret.
274 3768 429 3824 dicebantur
458 3777 545 3819 autem
571 3784 625 3819 non
655 3770 729 3836 regis
754 3778 866 3820 naturae
894 3785 953 3821 csse
978 3769 1045 3820 haec
1072 3771 1156 3823 iacta:
1183 3788 1243 3825 esse

147 3842 215 3892 enim
234 3839 304 3891 hunc
329 3846 391 3891 ante
416 3840 555 3907 imperium
581 3838 719 3890 liberalem
740 3841 847 3893 omniuo
866 3849 893 3892 et
911 3841 1036 3892 vitiorum
1056 3852 1191 3909 expertem
1217 3852 1244 3897 et

146 3912 310 3963 miserationi
329 3925 437 3978 prorsus
457 3911 582 3974 deditum,
603 3911 685 3961 exitio
704 3918 792 3962 tamen
812 3912 975 3980 quorundam
995 3920 1021 3962 ct
1047 3912 1241 3966 adhortationi.

146 3984 194 4035 bus
213 3981 323 4033 muitum
342 3982 493 4050 agentibus,
514 3990 644 4050 quotquot
662 3984 738 4049 regia
756 3982 948 4035 benevolentia
964 3985 1048 4036 maius
1066 3984 1133 4037 nihii
1153 4001 1242 4055 neque

51 4079 57 4089 ·
147 4055 225 4106 altius
244 4061 348 4120 putant,
367 4060 397 4103 ut
415 4054 583 4104 clementiam
600 4055 768 4121 imperatoris
791 4054 920 4106 auferant.

246 4125 298 4179 Sed
315 4139 406 4194 neque
423 4140 485 4193 pars
503 4126 610 4178 virtutis
628 4127 702 4193 regis
720 4125 879 4179 inhonorata
896 4141 985 4194 neque
1002 4127 1080 4180 aliter
1091 4138 1243 4197 comparata

150 4196 223 4247 exitii
248 4196 344 4264 expers
368 4196 470 4249 Graeco
489 4198 601 4263 imperio
619 4198 732 4249 mansit:
762 4212 821 4249 nam
839 4198 872 4249 de
890 4198 970 4250 rebus
989 4200 1151 4266 domesticis,
1172 4216 1241 4271 quo..

146 4269 221 4320 modo
240 4268 310 4321 bene
328 4284 358 4323 ae
377 4268 507 4321 haberent
523 4269 592 4337 regi,
611 4277 639 4321 et
658 4270 789 4337 quomodo
809 4270 931 4323 essetab
951 4286 983 4323 co
1010 4281 1179 4340 prospectum
1204 4272 1242 4325 li-
