3017 4892
492 425 494 430 ·
605 376 817 453 msroart
1015 465 1023 472 ¹
1208 374 1256 449 ar·
1346 394 1348 401 ·

155 538 260 605 αύτού
272 540 329 606 καί
348 544 407 607 τού
420 544 689 622 ίπαποαταλόντος
701 551 870 627 βασιλικοῦ
885 540 1082 628 α’νδρύποδος
1099 537 1145 619 εἷς
1159 544 1259 608 ὀυ’δύν

157 642 228 705 δίον
253 638 334 707 κατό
359 647 416 729 τῆς
436 647 584 730 τοιαύτης
599 648 864 728 ἐ’κπεπολόμωται
885 645 1016 723 πόλεως.
1060 640 1175 711 τούτου
1195 640 1258 729 γύρ

153 741 256 827 ἀ’διγῆ
274 741 332 827 τὴν
356 744 419 810 ύπύ
436 746 614 828 Ῥωμαίους
636 749 892 832 παρερχομένου,
913 737 1002 813 ούτοι
1025 749 1079 833 τῆς
1104 746 1259 831 οὐραγίας

158 842 214 904 καί
234 845 297 907 τοδν
318 843 537 930 ύατερούντων
557 850 602 936 τῷ
622 846 708 937 κόπηι
731 850 926 935 φιλοκερδεῖς
956 845 1161 929 ἐξαπτόμενοι
1180 851 1262 911 πολ·
1331 876 1333 880 ·

130 939 234 1018 5λούς
254 937 397 1033 οίνηίρουν
416 947 473 1011 καί
488 945 619 1024 τούτους
646 945 836 1029 ἐσκύλευον,
858 948 962 1033 docui
985 946 1076 1035 φήμη
1095 943 1261 1030 ταχύτατα

158 1039 239 1127 πρός
259 1042 316 1109 τόν
336 1043 509 1113 σουλτύνον
532 1050 715 1134 διέδραμεν.
762 1046 787 1113 ’ό
814 1051 849 1115 δὲ
870 1046 928 1135 τήν
949 1040 1043 1134 ύβριν
1059 1045 1104 1134 μὴ
1127 1044 1262 1131 ύνεγκοόν

161 1143 296 1229 (οἷνῆπτε
315 1146 378 1234 γύρ
400 1147 459 1233 τὴν
479 1147 576 1235 όργὴν
599 1153 655 1215 καί
674 1147 708 1215 τύ
729 1154 794 1215 τῶν
816 1146 976 1216 συνόντων
996 1149 1083 1240 αύτρῖ
1105 1172 1262 1235 στρατιω-

158 1247 221 1311 τῶν
241 1248 371 1335 πλῆθος,
394 1249 439 1334 μὴ
465 1249 735 1337 α’νεχομόνωντῆν
752 1250 924 1337 παροινίαν
938 1258 1121 1318 καταλιπεῖν
1138 1248 1263 1333 ότιμύ-

160 1350 270 1435 ρητον)
293 1352 404 1433 nepot
424 1355 526 1418 πνόων
549 1351 604 1417 καί
623 1352 811 1441 ἰταμότητος
832 1354 878 1429 είς
906 1350 942 1418 τύ
961 1344 1086 1419 ’Λννιον
1107 1348 1262 1435 ίπόνειοι,

115 1459 151 1515 10
162 1447 217 1512 καί
237 1452 557 1538 καταστρατοπεδεύει
585 1451 646 1539 πρό
670 1452 805 1543 τούτου,
828 1453 883 1520 καί
901 1457 956 1539 τῆς
977 1452 1162 1540 πολιορκίας
1180 1450 1261 1537 μετὰ

158 1552 275 1635 πολλῆς
305 1546 492 1638 α’πόρχεται
521 1554 576 1639 τῆς
605 1559 818 1639 παρασκευῆς.
869 1554 899 1620 οἱ
932 1557 960 1619 δ’
989 1552 1079 1620 ἔνδον
1111 1550 1263 1641 φρουρόν

157 1647 269 1735 ἱκανὴν
295 1648 340 1737 μη
378 1650 502 1739 ἔχοντες
532 1660 684 1740 (περιεῖλε
715 1656 777 1741 γὰρ
807 1658 863 1720 καί
889 1652 1010 1741 ταύτην
1040 1650 1263 1740 χρηματισμός

157 1753 217 1813 oris
238 1753 407 1829 α’κίνδυνος
431 1754 654 1838 ύποσχομδνου
682 1760 741 1820 τού
765 1755 907 1837 ύμίσθον
938 1754 1068 1825 τουτουί
1084 1757 1261 1840 οτρατηγού

158 1856 214 1919 καί
235 1851 353 1938 ταύτης
371 1853 474 1937 χειρίς
503 1853 646 1939 φυλόξαι
675 1860 731 1920 καί
760 1858 869 1940 κέρδος
898 1858 942 1947 τῷ
971 1858 1113 1946 δημοοίιρ
1134 1856 1264 1940 ποιῆσαι

117 1966 151 2019 15
161 1951 201 2019 τό
224 1956 258 2021 δν
279 1955 360 2041 αύτῇ
378 1952 609 2045 δαπανιόμενα)
642 1958 795 2041 α’ντέσχον
827 1959 888 2041 μὲν
909 1955 990 2046 πρός
1011 1954 1140 2044 καιρόν)
1161 1948 1213 2023 οἷα
1234 1956 1263 2021 δ’

161 2052 296 2141 ἔμποροι
319 2057 374 2120 καί
391 2060 569 2137 πολεμικῶν
585 2055 824 2144 μηχανημάτων
838 2060 893 2125 καί
913 2058 1147 2144 προβλημάτων
1168 2060 1301 2130 durrat,
1312 2062 1364 2120 183
1375 2078 1399 2120 r·

162 2178 265 2241 ρατοι,
286 2154 341 2219 καί
360 2146 516 2239 ἄρχοντος
533 2150 724 2241 χηρεύοντες
746 2161 904 2242 εύγενούς,
928 2160 1050 2242 μᾶλλον
1073 2161 1108 2225 δὲ
1120 2156 1179 2243 τὴν
1200 2150 1264 2245 τύρ-

159 2255 224 2341 χην
246 2257 380 2339 δρῶντες
402 2258 688 2344 διχοστατουμίνην
706 2258 763 2323 καί
787 2264 979 2346 τεμνομένην
998 2262 1042 2347 τῷ
1064 2258 1099 2325 τό
1122 2263 1184 2341 μὲν
1199 2264 1264 2342 βαη

161 2355 283 2424 οιλικόν
303 2356 505 2442 α’νδρόποδον
523 2355 560 2424 τό
581 2361 646 2426 πύν
657 2364 826 2442 μεθόλκειν
845 2364 891 2438 είς
913 2354 1021 2445 ἑαυτό,
1042 2359 1095 2427 τόν
1118 2363 1153 2427 δὲ
1165 2366 1266 2447 Πομ-ι

116 2457 305 2547 λθκρύτειον
328 2462 373 2535 είς
397 2454 510 2528 ἑαυτὸν
532 2460 567 2527 τύ
587 2460 705 2545 κρότος
725 2462 994 2551 ύντισφαιρίζειν,
1025 2467 1081 2529 καί
1093 2462 1264 2542 οταοιόζον
1353 2484 1357 2488 ·

161 2561 297 2648 όρούντες
317 2559 351 2628 τό
372 2565 521 2646 κρατούν,
549 2554 651 2638 ἄλλως
681 2588 716 2629 τε
743 2568 800 2629 καί
817 2569 985 2651 πληγέντες
1008 2566 1105 2655 ζημίη
1125 2567 1161 2630 τό
1179 2560 1264 2646 πρό-

159 2687 251 2748 τερον
273 2667 324 2751 tp’
346 2654 371 2752 ᾧ
394 2662 509 2749 δωροις
543 2662 782 2747 demetriadem
803 2666 861 2750 τήν
889 2668 946 2733 τού
969 2666 1181 2750 πολεμητορος
1200 2664 1264 2749 α’γ-
1304 2682 1310 2691 ·

160 2766 310 2852 ριύτητοι,
339 2772 408 2841 ταῖς
430 2771 565 2848 συχναῖς
596 2764 800 2851 ἀπειρηκότες
829 2772 1020 2852 προσβολαῖς
1041 2764 1098 2831 καί
1113 2788 1262 2832 sesoost-

198 2936 241 2990 15.
260 2932 296 2991 τύ
316 2936 342 2993 δ’
360 2939 392 2995 ἐν
410 2936 441 2991 0.

161 3086 216 3141 lum
248 3088 378 3142 excitatus
410 3092 459 3141 est.
507 3085 551 3139 hic
576 3086 646 3140 enim
673 3102 733 3139 cum
757 3086 918 3155 proeteriret
944 3085 1071 3145 Graecum
1094 3093 1192 3139 terram
1216 3082 1262 3137 in.

160 3168 272 3224 tactam,
297 3160 324 3211 hi
347 3160 455 3211 ultimos
488 3166 515 3211 et
538 3166 648 3227 propter
676 3159 860 3228 fatigationem
891 3157 1001 3225 relictos
1026 3172 1107 3210 avare
1140 3158 1262 3227 aggressi

161 3231 258 3283 multos
276 3232 474 3283 interficiebant
493 3231 587 3283 ethos
608 3231 768 3299 spoliabant,
788 3233 874 3284 donec
894 3232 963 3282 fama
992 3230 1133 3281 celerrime
1152 3228 1261 3281 adsui.

161 3310 249 3354 munna
268 3312 428 3355 accurreret.
449 3302 494 3353 hic
510 3310 596 3355 antem
616 3302 767 3370 snperbiam
786 3318 840 3356 non
855 3304 944 3357 fetens
963 3301 1173 3354 -accendebat
1192 3301 1262 3351 enim

161 3374 225 3425 iram
244 3376 323 3425 etiam
341 3375 570 3443 congredientium
592 3377 617 3427 ei
637 3376 749 3427 miiitum
768 3375 928 3438 multitudo,
957 3375 1002 3442 qui
1021 3388 1075 3426 non
1097 3372 1263 3427 sustinebant

160 3448 281 3499 iniuriam
291 3447 445 3514 relinquere
456 3461 511 3497 non
524 3447 787 3499 multatam-animi
807 3450 910 3515 spirans
923 3453 950 3497 et
963 3446 1089 3496 audaciae
1103 3444 1261 3497 contradu-

160 3521 233 3571 nium
251 3519 400 3585 ingreditur
419 3526 446 3568 et
461 3526 547 3569 castra
567 3520 643 3585 ponit
657 3527 718 3570 ante
737 3517 789 3569 hoc
809 3527 835 3570 et
853 3520 1079 3587 oppugnationem
1101 3532 1159 3568 cum
1177 3514 1261 3567 multo

160 3589 278 3640 instituit
302 3595 438 3652 apparatu.
481 3588 522 3639 illi
548 3597 635 3639 autem
659 3590 730 3639 intus
762 3591 921 3655 praesidium
940 3590 1065 3640 idoneum
1083 3603 1138 3639 non
1157 3585 1261 3638 haben-

161 3670 203 3712 tes
221 3689 256 3701 -
275 3656 385 3708 abstulit
403 3657 473 3706 enim
499 3659 577 3707 etism
602 3658 654 3706 hoo
673 3658 863 3710 administratio
888 3672 942 3709 non
960 3664 1016 3708 tuta
1048 3658 1164 3723 polliciti
1183 3656 1261 3707 huius

102 3780 107 3793 ,
161 3729 270 3803 gratuiti
295 3728 369 3779 ducis
389 3742 419 3781 se
438 3728 516 3778 etiam
534 3729 593 3777 sinc
611 3726 663 3776 hoc
692 3742 748 3776 eam
768 3737 933 3779 servaturum
963 3758 997 3769 -
1017 3736 1044 3778 et
1061 3727 1164 3779 luorum
1183 3742 1262 3778 aera-

162 3805 203 3855 rio
223 3801 352 3852 iacturum
377 3831 411 3842 -
433 3807 533 3849 sumtus
562 3804 650 3848 antem
675 3797 702 3846 in
727 3812 760 3847 ea
778 3798 945 3851 sustinebant
967 3811 1015 3864 per
1035 3805 1148 3865 tempus,
1167 3798 1215 3850 sed
1233 3804 1263 3848 ut

160 3878 325 3926 mercatores
345 3879 371 3922 et
388 3869 545 3922 bellicarum
559 3867 782 3920 machinationum
804 3878 830 3920 et
847 3867 1031 3923 difficultatum
1043 3868 1130 3937 ignari
1150 3877 1176 3921 et
1194 3869 1262 3921 duce

163 3945 250 3999 orbati
268 3942 364 4007 nobiti,
384 3942 469 4011 magis
488 3949 575 3992 autem
598 3940 737 4008 imperium
761 3941 884 3992 videntes
908 3940 1038 3992 dissidens
1056 3948 1092 3997 let
1107 3942 1260 4006 dissectum,

163 4033 222 4069 cum
240 4019 331 4084 regins
350 4029 445 4066 servus
474 4028 553 4063 omne
578 4011 810 4077 adscenderet,
832 4012 986 4065 Pancratius
1006 4018 1092 4063 autem
1110 4014 1141 4065 ad
1160 4028 1190 4065 se
1208 4027 1260 4079 po-

163 4091 273 4141 tentiam
292 4086 401 4138 eludere
421 4085 548 4147 studeret,
569 4091 596 4134 et
614 4084 784 4136 dissidentem
803 4085 925 4136 videntes
944 4083 1159 4150 dominationem,
1178 4099 1260 4152 prae.

163 4162 241 4228 cipue
262 4160 340 4210 etiam
365 4159 412 4208 icti
438 4170 524 4225 poena
543 4163 630 4221 antea,
651 4157 712 4223 quia
739 4156 816 4207 donis
838 4156 957 4207 mulcere
977 4155 1104 4208 volebant
1119 4156 1260 4208 bellatoris

163 4233 302 4285 saeuitiam
321 4228 507 4297 frequentibus
526 4227 664 4297 defatigati
683 4228 881 4279 incursionibus
909 4234 935 4279 et
954 4228 1077 4283 concussi
1095 4228 1260 4281 destructio.
1372 4262 1376 4269 .

162 4302 240 4355 nibus
257 4316 401 4365 murorum,
420 4301 447 4352 iu
466 4300 556 4370 iugens
574 4313 604 4355 se
622 4300 762 4364 dederuut,
782 4308 817 4375 et·
833 4308 1027 4369 cognoscentes
1046 4301 1139 4352 horum
1156 4312 1259 4367 propo-

220 4398 302 4455 leot.
324 4397 407 4453 Αλλσλ
426 4396 494 4453 Eiet.
1054 4396 1085 4487 6.
