3017 4892
110 499 249 582 μικροῦ
268 498 336 566 δεῖν
349 492 568 562 ἐκινδύνευσεν
580 485 685 574 εόρεῖν
698 485 753 572 τῆν
765 486 937 571 ἀπόβασιν,
948 487 1240 569 ἀποκηρυττόμενος

113 621 177 666 κιιι
204 592 293 720 παρά
315 597 379 664 τεόν
398 596 554 660 πλειστων
581 592 835 673 συλλεττουργυόν
851 586 906 652 κατ’
926 586 1103 669 ἀρχιερέων
1119 577 1163 662 ἀς
1185 582 1268 666 τῆςῐ·
1286 582 1384 640 229!
1429 642 1432 651 ,

112 704 193 778 μετ’
219 696 327 768 αδτάν
356 692 519 769 κοινωνίας
542 693 669 772 ἀνάξιος
694 689 749 755 διά
784 687 820 754 τό
846 699 912 766 τοις
932 694 1096 770 κοσμικαῖς
1116 707 1237 769 πρεσυ-1

63 801 72 812 “
114 804 234 878 μιλτϊν
267 796 478 882 ἀγριώτερον,
513 818 564 858 και
592 791 735 874 θεσμοδς
756 795 902 874 πατέρων
935 813 988 854 και
1011 782 1238 870 ἀποστολτκαδς

85 900 263 972 5ἀθετε1ν
293 897 447 977 κανόνας,
475 894 529 962 κατ’
555 895 676 978 μυριάν
705 896 750 979 τῷ
770 895 831 979 βόηι
861 889 916 956 κατ’
932 891 999 965 τοίς
1018 889 1166 968 εόαγόριν
1190 882 1240 950 οἴ-
1296 907 1300 914 ’

117 1021 195 1073 καις
228 1000 283 1064 κατ’
310 1001 410 1072 θειόις
431 996 595 1079 ἐπιφέρειν
620 993 676 1076 τῆν
705 992 886 1080 συμφοράν.
928 994 984 1058 κατ’
1010 993 1041 1055 εἰ
1069 989 1115 1072 μῆ
1145 991 1238 1064 κατόν

123 1106 210 1164 tvos
243 1095 281 1162 τά
312 1092 445 1162 τοιαῦτα
474 1091 589 1162 τούτου
611 1090 791 1176 ε’γκλῆματα
824 1091 840 1158 ό
865 1089 935 1158 τότε
966 1093 1092 1174 κρατεῖν
1113 1085 1239 1173 αἰτήσει

119 1200 163 1286 τῇ
186 1195 266 1281 πρός
286 1195 361 1273 τούς
384 1197 546 1280 ἀρχιερεῖς
567 1198 624 1261 κατ’
641 1199 807 1278 μεγίσταις
827 1202 896 1268 ταῖς
919 1189 1079 1271 α’ξιάστσι,
1101 1188 1156 1258 κατ’
1176 1188 1238 1259 od.

121 1300 181 1373 τὸς
203 1301 365 1384 φυγαδιάς
386 1299 421 1364 ἐκ
438 1299 494 1380 τῆς
514 1297 665 1380 κοσμικῆς
686 1297 873 1369 κακοποιεάς
888 1292 943 1359 κατ’
958 1295 1017 1358 rori
1031 1287 1150 1375 θρόνον
1173 1291 1237 1361 τάν

73 1416 113 1470 10
123 1401 284 1466 ternos
267 1401 420 1516 εγεγόνει,
452 1391 511 1463 κάν
532 1397 631 1464 ἔκειτο
652 1401 871 1485 καθῃρημένος
899 1397 955 1458 κατ’
977 1400 1079 1479 σπιλρ
1109 1390 1237 1468 άτιμιάς

123 1498 430 1586 ιιοτογηραινόμενος.Ι
474 1500 556 1563 ἀλλά
581 1524 634 1562 και
654 1495 698 1574 ἀς
720 1491 780 1560 οδκ
801 1490 910 1580 ῆνεγκε
932 1492 965 1560 τό
991 1495 1055 1574 πῦρ
1080 1516 1096 1556 o
1115 1513 1233 1574 κηρός

125 1600 183 1666 και
205 1602 266 1667 τοῦ
287 1604 499 1686 φτλσχρόστου
517 1601 674 1682 βρσιλόως
699 1598 949 1680 ἐπιδημήσαντος
973 1596 1084 1711 φρίκη
1094 1588 1237 1664 θανάτου

126 1721 183 1762 τιατ
208 1700 355 1772 διάλυσις
383 1703 437 1780 τῆς
459 1699 541 1781 ζωῆς
561 1697 647 1783 αι’τιῆ
672 1699 858 1778 ἐπεγένετο,
881 1698 955 1778 περὶ
975 1691 1026 1758 τό·
1029 1692 1084 1758 τοῦ
1105 1689 1256 1766 Πόντον,

127 1793 248 1876 στόμα,
268 1795 349 1862 ἔνθα
371 1820 398 1861 τι
423 1793 580 1882 φρούριον
607 1794 693 1862 ἔστιν
724 1796 845 1878 ἀτόμων
869 1796 995 1879 ἀνδροῖν
1024 1793 1121 1861 κακόν
1144 1789 1252 1890 ἔνια-ς’

84 1915 118 1970 15
129 1917 217 1983 φιον,
237 1894 294 1980 τῆν
312 1899 412 1964 ἐκεῖσε
430 1897 656 1986 καταστροφῆν
679 1898 907 1980 κομισάμενος,
933 1895 978 1971 ἀς
999 1895 1053 1962 κατ’
1072 1893 1129 1980 τῆν
1150 1892 1238 1963 κόνιν

130 2004 237 2072 edred
260 1998 332 2068 ἀντὶ
360 2001 556 2081 όπιτυμβίιυν
581 1999 666 2081 χυτόν
704 2006 770 2073 τοῖς
798 1995 901 2073 λίθοις
928 1997 1146 2079 ἀτιμασθῆναι
1176 1997 1238 2069 ταῖν

34 2123 39 2128 ·
130 2101 311 2188 μισούντων
343 2101 445 2166 ου’τοῦ
475 2097 511 2164 τό
545 2099 711 2184 κακόηθες.
769 2100 837 2164 ἀλλ’
862 2097 879 2162 ό
903 2097 1108 2183 φιλόχριστος
1130 2095 1239 2168 οότοσιΙ

131 2201 300 2285 βασιλεύς,
333 2199 444 2285 πόρρω
472 2203 528 2286 τῆν
548 2203 606 2266 τοῦ
626 2199 736 2284 πρώην
757 2195 1004 2281 βασιλεύσαντος
1032 2199 1238 2282 μικρολογίαν

133 2299 391 2383 ἐκτιναξάμενος,
417 2300 473 2366 κατ’
508 2303 574 2366 δεῖν
607 2298 827 2366 ἀποδεδόσθαι
856 2297 894 2365 τά
921 2302 978 2363 τοῦ
1000 2299 1081 2362 θεοῦ
1109 2298 1151 2386 τη]
1171 2299 1239 2383 θεῷ

89 2403 281 2480 eudrardo,
301 2427 356 2468 κατ
351 2401 537 2487 μηδεμίαν
559 2399 661 2488 φειδά
680 2402 735 2468 τοῦ
759 2402 913 2486 δημοσίου
938 2423 992 2466 και
1012 2399 1068 2482 τῆς
1089 2420 1240 2467 tortose,-

103 2503 248 2591 γοόσης
283 2501 395 2586 γριιός
423 2499 617 2621 προσφόρως
649 2496 855 2584 θέμενος,
838 2528 854 2570 o
888 2527 942 2568 και
969 2498 1238 2582 ἀξιεπαινάτατον
1307 2575 1314 2586 ,

137 2607 253 2721 πολλῆς
275 2606 330 2687 τῆς
354 2607 388 2670 εἰι
409 2603 527 2672 τούτων
548 2606 746 2688 όνορωμόνης
760 2599 931 2688 προσόδου,
953 2600 1159 2685 ἀποκαθιστηῑ
1180 2596 1238 2678 τάς

137 2701 284 2778 τοιαότας
311 2702 489 2788 παραλίους
516 2701 636 2776 σκάλας
669 2711 733 2776 τοῖς
765 2702 876 2786 πρωῆν
897 2699 1146 2779 δεσπόταις,ε
1131 2687 1238 2775 ε’ὧξν

138 2798 414 2887 ἀπεσπάσθησαν,
446 2828 512 2866 και
495 2802 749 2892 χρυσοβοόλλιρ
777 2803 887 2888 γραφῆ
912 2801 949 2869 τό
968 2801 1167 2885 ἀμετάθετον
1184 2801 1240 2862 καί

99 2905 387 2990 λόάπτρικτόπητον
410 2900 528 2970 τούτων
551 2903 659 2980 αότυῖς
680 2904 823 2986 ἐμπεδοῖ,
845 2927 897 2969 και
893 2901 1037 2986 γίνεται
1059 2902 1139 2966 πάσι
1160 2904 1239 2984 βοη-

141 3235 169 3275 εε
186 3218 366 3288 coniungebat
386 3217 513 3271 furiosius
536 3226 563 3270 et
585 3218 662 3288 logos
693 3226 796 3287 patrum
825 3226 905 3288 atque
924 3217 1108 3287 apostolorum
1126 3217 1241 3275 tollebat

144 3307 264 3355 oenones,
285 3299 312 3342 et
330 3292 426 3359 ingens
445 3291 519 3342 vitae
539 3299 566 3342 et
584 3293 636 3358 piis
658 3292 788 3344 aedificiis
817 3299 845 3342 et
861 3291 960 3343 divinis
978 3290 1119 3342 afferebat.
1125 3291 1239 3347 maium:

144 3373 219 3431 etque
236 3363 289 3414 uisi
318 3361 447 3416 solvisset
463 3361 528 3416 talis
547 3363 625 3416 huius
652 3364 749 3430 probra
774 3364 819 3433 qui
844 3370 899 3419 tum
917 3361 1100 3420 dominabatur
1119 3362 1239 3430 rogando

143 3433 291 3490 sacerdotes
310 3445 425 3486 summos
438 3440 465 3483 et
479 3435 599 3488 maximis
615 3435 799 3503 dignitatibus,
818 3443 845 3486 et
863 3437 921 3504 ipso
941 3435 1017 3490 exsul
1033 3442 1157 3488 terrenae
1176 3449 1240 3501 pra-

145 3503 229 3558 vitatis
248 3509 276 3553 et
292 3501 381 3556 throni
400 3501 464 3554 laici
483 3503 570 3557 tactus
590 3514 673 3572 esset,
693 3514 719 3558 et
737 3507 839 3559 iaceret
856 3508 976 3562 sublatus
994 3516 1021 3560 et
1039 3522 1103 3560 saxo
1122 3505 1241 3575 ignomi-

83 3634 89 3650 .
145 3577 200 3630 riso
218 3573 386 3641 inquinatus:
405 3573 454 3626 sod
475 3574 521 3632 vei
541 3575 580 3624 sic
598 3589 652 3630 ουο
670 3575 757 3631 tulit
750 3591 840 3642 rgoem
855 3594 936 3632 ουτοι
958 3587 1039 3646 atque
1063 3594 1123 3644 τοττι
1141 3576 1241 3637 Citrttti

145 3659 227 3700 smnus
246 3659 295 3696 rex
313 3644 462 3708 adveniret,
482 3644 578 3698 horror
597 3647 688 3700 mortis
710 3654 737 3696 et
756 3647 897 3700 dissolutio
917 3650 990 3700 vitae
1010 3649 1035 3702 ei
1052 3649 1161 3712 recidit,
1181 3663 1240 3700 euru
1310 3684 1313 3691 -

146 3719 210 3772 ciros
228 3715 308 3768 muris
327 3729 383 3780 ora,
403 3714 448 3766 ubi
468 3715 608 3770 castellum
627 3717 735 3800 aliquod
754 3723 795 3770 est
813 3719 927 3801 turpium
947 3718 1082 3772 homiuum
1101 3733 1240 3779 commuue

147 3787 300 3855 sepulcrum,
320 3785 421 3838 obitum
452 3787 550 3842 terret:
569 3789 606 3845 ita
624 3797 653 3840 ut
673 3790 750 3842 etiam
779 3790 847 3842 ciuis
867 3789 924 3842 eius
944 3804 992 3857 pro
1011 3789 1117 3845 inferiis
1137 3789 1239 3857 lapidi

147 3860 189 3912 bus
205 3857 396 3912 dehonestatus
413 3860 449 3912 eit
468 3874 570 3922 eorum,
590 3861 635 3942 qui
654 3862 712 3914 eius
732 3863 890 3927 pravitatem
916 3861 1043 3912 odissent.
1080 3861 1128 3912 sed
1150 3860 1238 3918 chrisi

147 3945 227 3983 omaus
247 3929 290 3980 bic
308 3945 367 3993 rex,
386 3929 468 3998 louge
487 3932 633 3997 superioris
651 3934 724 4000 regis
744 3931 919 3985 humilitatem
939 3933 1088 3996 excutiens,
1108 3941 1135 3983 et
1154 3947 1240 4000 opor·

148 4012 197 4056 tere
216 4001 290 4056 reddi
309 4015 378 4068 quas
397 4001 440 4052 dei
460 4009 559 4066 esseut,
579 4002 629 4056 deo
648 4004 824 4071 pronuntians
841 4019 929 4072 neque
949 4003 1031 4056 ullam
1050 4004 1239 4072 parsimoniam

148 4073 235 4128 aerarii
255 4079 282 4124 et
300 4073 446 4140 prementis
464 4082 528 4126 usus
546 4073 639 4136 utilem
658 4081 772 4140 pruno,
790 4075 817 4127 id
835 4076 906 4143 quod
932 4077 1011 4129 etiam
1028 4077 1141 4128 maxime
1160 4074 1239 4129 laude

151 4147 258 4212 dignum,
279 4159 337 4197 cunr
358 4159 469 4212 maguus
490 4159 524 4199 eu
544 4144 584 4201 his
604 4152 746 4213 appareret
765 4145 875 4212 reditus,
893 4146 1010 4201 restituit
1031 4146 1077 4200 has
1097 4147 1240 4203 maritimus

75 4263 78 4278 ,
152 4215 227 4280 scalas
247 4212 381 4286 prioribus
398 4213 524 4283 διοτόομ,
550 4215 649 4288 disput
675 4217 780 4279 διάλυε
800 4223 895 4287 eruut,
917 4225 944 4273 et
958 4217 1136 4288 imperatoriis
1154 4214 1240 4282 litoris
