3017 4892
270 353 342 435 lto
420 449 423 455 ¹
566 353 787 427 ntentans
818 349 1103 424 amulonis.

269 527 556 617 ἀποπεμψάμενος,
586 535 642 615 τῆς
664 532 709 605 εἰς
727 528 769 595 τὰ
794 525 902 647 πρόσρ
933 528 1063 611 πορείας
1083 520 1306 605 εὐθυμότερον
1331 516 1397 585 εἴ-

267 658 352 720 χετο,
373 630 539 755 διαφόρως
559 627 752 709 οἷαοξενοῖν
739 631 854 695 σαυτὸν
874 631 931 694 τοῦ
950 627 1090 711 στρατοῦ
1110 620 1233 699 εἰςτὰς
1255 624 1394 697 οἰκείας

269 734 418 810 ἑπαυλεις
436 759 489 800 και
511 731 680 819 κτημάτων
698 732 914 808 ε’πιδειξεις
882 733 1004 794 οικειόιν
1026 752 1077 791 και
1074 728 1393 840 πολυτελεστέρων

260 839 444 958 οἰκοδομοῦν
468 823 640 915 διατάξεις.
683 833 972 955 διαπερριιιοθέντος
1000 822 1057 893 ουν
1080 830 1137 892 τοῦ
1161 826 1304 910 στρατοῦ
1329 820 1393 887 τὸν

205 939 212 951 “
260 929 365 1004 ‘'Aluv
386 938 554 1022 λεγόμενον
574 958 715 1017 ποταμον
737 930 834 1009 αὐτὸς
856 956 892 995 ου
883 922 1421 1053 ’συνδιεπεραιώθητηνικαῦταῑι

241 1042 371 1127 >αδτρῐ,
387 1035 507 1104 α’λλ”
479 1062 526 1114 εις
548 1039 697 1119 νεοπαγὲς
716 1032 889 1122 φρούριον,
915 1030 948 1097 ἐκ
970 1028 1170 1115 προστάξεως
1191 1028 1295 1091 ου’τοῦ
1316 1050 1392 1089 συ-

270 1142 508 1225 νοικοδομηθέν,
533 1140 694 1223 ἐπιμείνας
717 1140 839 1203 ἐκεῖθέν
862 1158 947 1209 τινας
972 1130 1033 1215 ἧμέ
1035 1156 1092 1214 ρας
1114 1131 1286 1214 διέτριψεν
1310 1120 1389 1191 εντα

254 1244 520 1343 ηδιαπεραιωθείς
549 1245 604 1305 καιΙ
632 1237 751 1320 οδτδς,
783 1240 842 1303 κιίν
872 1262 907 1323 τη
936 1238 995 1299 τοῦ
1017 1232 1238 1316 Χαρσιανοῦ’
1223 1233 1386 1315 επαρχιζι,

257 1289 330 1427 lviv
351 1343 547 1425 διαι’ρεσιν’
532 1366 566 1406 εκ
585 1344 642 1407 τοῦ
666 1341 806 1424 στρατοῦ
833 1341 879 1414 εἰς
903 1335 1025 1419 κτήσεις
1046 1334 1161 1407 οικειάς
1182 1332 1386 1413 συνδιεμροὶ

271 1457 378 1525 illuso·
420 1468 473 1507 και
496 1443 531 1508 τὸ
554 1442 608 1506 εἴπ’
631 1443 752 1504 ἐκείνου
775 1428 1000 1521 οἶδιαέρετος
979 1461 1038 1519 ην,
1061 1458 1098 1520 τη
1085 1435 1310 1516 Καισαρεοον
1332 1456 1384 1515 μη
1401 1442 1434 1494 10

271 1545 451 1629 προσμίξας
473 1540 508 1608 τὸ
531 1540 676 1621 ου’νολον,
701 1540 761 1614 ἕως
793 1564 838 1615 εις
861 1535 917 1619 τὴν
947 1536 1114 1619 λεγομένην
1139 1529 1255 1616 Κροαν
1273 1530 1386 1617 πηγὴν

273 1646 470 1762 ένηυλέσατο.
515 1648 581 1710 ε’στιΙ
603 1667 665 1727 γαρ
688 1640 705 1705 ὁ
728 1640 823 1716 τόπος
845 1636 975 1711 ουδενός
996 1638 1057 1701 vois
1078 1638 1227 1718 χρηστοῖν
1248 1630 1285 1698 εδ
1309 1658 1383 1697 ποι-

274 1740 380 1828 ρᾶποιν
400 1746 658 1828 α’πολειπόμενος,
683 1740 718 1811 τό
741 1768 776 1809 τε
796 1740 860 1825 [τὸ]
891 1736 991 1823 δ”δωρ
1003 1728 1164 1813 διειδὲς’
1144 1762 1211 1817 αμα
1239 1759 1290 1801 και
1314 1730 1384 1797 πό-

272 1870 365 1929 τιμον
388 1874 441 1913 και
461 1847 689 1934 ψυχρότατον,
714 1847 830 1928 δένδρα
852 1868 885 1907 τε
918 1841 1085 1924 συνηρεφῆ
1114 1861 1192 1919 μετα
1217 1838 1382 1919 δαψιλοῦς

273 1972 331 2032 της
348 1950 427 2034 πόης
446 1952 599 2035 ἐκτρέφον
619 1975 671 2016 και
667 1949 885 2027 §elisamae
915 1964 1065 2025 ευπορος,
1086 1944 1244 2014 παντοιόις
1262 1960 1295 2002 τε
1318 1937 1383 2023 ρο-
1392 1949 1426 2000 15

277 2051 344 2124 δοες
367 2047 544 2129 κατοίκομος
576 2074 630 2114 και
652 2056 857 2134 κρινοονιαϊς,
880 2046 991 2130 λόφοις
1010 2066 1042 2107 τε
1071 2040 1175 2162 η’ρὲμα
1196 2037 1274 2123 πρὸς
1297 2033 1382 2101 ἑαυ-

227 2170 353 2228 ,κτους
380 2148 551 2231 ἀνάγουσιν
571 2141 711 2230 ευθετος,
732 2173 785 2213 και
809 2141 916 2214 οῖον
886 2154 984 2212 ειπεῖν
1008 2142 1179 2225 α’στυκαλμη
1200 2164 1254 2203 και
1278 2136 1381 2224 οἶγρὸ-

276 2256 368 2326 πολις
399 2250 452 2313 διὰ
476 2275 529 2333 της
554 2255 734 2332 συμμιγοῦς
755 2245 965 2333 ποριμότητος
994 2238 1234 2329 γνωριζόμενος.
1278 2238 1379 2304 ἐκεῖσε

195 2373 201 2381 ·
277 2348 342 2412 δ’ς
326 2374 342 2413 ο
361 2347 555 2431 βασιλευς“
536 2356 656 2435 ημὲρας
678 2348 768 2425 τινας
787 2344 1151 2431 στρατοπεδευσάμενος,
1173 2366 1214 2419 τος
1239 2335 1358 2405 εἶδε
1325 2366 1383 2423 την

262 2430 387 2559 {palpas
411 2452 553 2537 οἶφειδονς
574 2455 837 2537 κατακειρομένην
859 2452 892 2515 εἰι
916 2454 976 2515 τοῖν
1000 2448 1203 2532 στρατιωτῶν
1223 2468 1276 2507 και
1273 2447 1381 2525 μᾶλ.
1389 2448 1425 2503 to

279 2557 334 2616 λον
357 2554 394 2617 έν
420 2576 474 2617 του
509 2554 746 2640 μισθοφορικοῦ
777 2576 828 2617 και
858 2551 1060 2634 οἷλλογενους,
1089 2572 1141 2613 και
1174 2540 1260 2612 ἅπαν
1291 2544 1380 2663 ληιον

277 2650 447 2739 εξοέρονς
424 2654 677 2736 αποτεμνόμενον
709 2653 764 2720 κοιέ
783 2662 849 2728 τοις
869 2648 1048 2736 βοσκήμασι
1082 2642 1382 2737 λαφυρογοψοτίμε-

279 2776 344 2898 νον,
365 2755 497 2842 δηχθεὶς
526 2779 584 2841 την
612 2752 724 2838 ψυχὴν
755 2754 967 2840 ἀπηνέστερον
998 2754 1203 2839 προσηνέχθη
1232 2752 1298 2813 τισί
1318 2752 1381 2813 τῶν

353 2942 395 2996 18
416 2942 648 3018 ποριμότοιταῦ.
667 2951 771 2997 rectum
789 2942 852 3011 quid
871 2949 952 3006 esset,
971 2942 1039 2994 vidit
1058 2948 1085 2993 et
1103 2940 1244 3009 interpres.

285 3130 318 3169 ex
336 3115 477 3170 voluntate
496 3118 592 3185 potuit,
612 3116 733 3184 plurimis
752 3124 840 3168 autem
860 3116 963 3169 emissis
982 3115 1175 3184 profectionem
1195 3114 1303 3183 longius
1321 3114 1379 3165 lor.

282 3192 335 3241 tius
353 3190 477 3253 instituit,
497 3188 651 3240 abalienans
670 3205 701 3241 se
719 3190 795 3239 vario
815 3188 893 3239 modo
913 3188 946 3239 ab
966 3189 1086 3239 exercitu
1104 3189 1132 3239 iu
1150 3187 1262 3254 privatis
1287 3186 1379 3237 eastris

240 3309 245 3320 ς
281 3268 308 3311 et
326 3260 525 3327 possessionum
537 3261 715 3311 ostentatione
729 3274 844 3323 suarum,
863 3267 889 3310 et
901 3257 1090 3326 pretiosiorum
1101 3259 1292 3311 constitutione
1303 3258 1378 3309 aedi.

240 3328 256 3344 ⁴
279 3330 409 3383 liciorum.
426 3346 485 3381 eum
496 3329 579 3397 igitur
591 3332 724 3382 exercitus
734 3331 953 3399 transiretllalyn
967 3333 1012 3399 qui
1021 3333 1117 3383 dieitur
1127 3329 1246 3395 fluvium,
1258 3331 1313 3396 ipso
1324 3342 1377 3379 non

280 3400 409 3454 transihat
426 3408 480 3451 tum
500 3416 559 3451 eum
578 3415 627 3453 eo:
645 3402 692 3453 sed
710 3403 739 3453 in
757 3418 851 3455 recens
870 3402 940 3455 facto
961 3402 1072 3455 castello
1093 3401 1163 3471 quod
1183 3418 1217 3452 ex
1235 3403 1292 3452 eius
1312 3415 1377 3453 eon.

280 3473 420 3527 stitutione
436 3473 601 3524 aedificatum
622 3481 679 3525 erat
696 3488 835 3525 remanens
861 3475 922 3527 inde
940 3473 1085 3527 nonnullos
1104 3475 1162 3525 dies
1181 3474 1263 3541 degit.
1284 3472 1377 3525 deinde

282 3553 463 3611 transgressus
484 3544 581 3611 etipse
601 3546 680 3595 etiam
698 3546 725 3596 in
736 3544 875 3598 Charsiani
893 3548 1033 3614 provincia
1052 3546 1212 3597 divisionem
1231 3559 1265 3595 ex
1287 3545 1377 3595 castris

283 3615 317 3667 ad
335 3631 396 3687 suas
414 3618 600 3683 possessiones
620 3617 770 3685 descripsit,
793 3626 819 3669 et
839 3633 872 3667 ex
890 3618 938 3669 illo
951 3628 1071 3684 tempore
1090 3617 1221 3669 indivisus
1242 3623 1298 3667 erat
1310 3614 1376 3669 cae.

282 3703 376 3741 sareae
396 3690 503 3742 omnino
521 3704 576 3739 uon
595 3689 742 3741 accedens·
762 3690 848 3741 donec
865 3691 893 3741 in
912 3690 984 3773 loco,
1005 3692 1049 3757 qui
1070 3690 1129 3741 lons
1148 3688 1256 3757 gelidus
1275 3687 1376 3751 dieitur,

284 3768 371 3813 eastra
383 3763 492 3828 posuit.
531 3768 572 3812 est
591 3762 660 3812 enim
678 3760 754 3812 loeus
774 3760 848 3813 nulla
867 3764 975 3813 omnino
994 3777 1082 3814 reruni
1100 3760 1206 3811 utilium
1225 3760 1377 3811 destitutus.

289 3841 369 3901 utque
388 3848 481 3902 aquam
502 3831 618 3884 lucidam
639 3832 718 3885 simul
738 3841 765 3883 et
784 3842 812 3884 ut
830 3832 885 3884 hibi
902 3834 987 3901 possit
1010 3841 1036 3884 et
1054 3832 1260 3901 frigidissimam,
1287 3839 1312 3882 et
1334 3846 1377 3881 or-

282 3901 362 3956 bores
387 3906 469 3957 densa
488 3905 582 3956 froude
601 3912 686 3955 tectas
704 3904 846 3972 proferens
867 3913 894 3955 et
916 3904 1069 3957 facultatem
1092 3903 1160 3973 ligni
1185 3905 1329 3970 praebens,
1352 3909 1378 3951 et

283 3974 365 4025 variis
384 3977 452 4027 rosis
471 3974 572 4027 obsitus
592 3984 619 4026 et
640 3975 716 4039 liliis,
737 3984 764 4026 et
783 3974 907 4045 collibus,
923 3977 968 4041 qui
987 3976 1061 4027 lente
1071 3976 1104 4026 ad
1124 3977 1285 4041 sufferunt,
1307 3989 1377 4028 eom-

283 4046 397 4127 positus,
418 4055 455 4109 et,
473 4055 503 4097 ut
521 4048 558 4099 ita
575 4048 670 4111 diesin,
689 4048 805 4099 urbanus
823 4060 908 4114 pagus
928 4055 955 4097 et
972 4049 1073 4099 rustica
1089 4047 1153 4099 urbs
1173 4056 1282 4114 psopter
1307 4062 1378 4097 com.

283 4116 390 4169 mixtam
409 4116 562 4168 facultatem
579 4133 719 4186 apparens.
764 4118 800 4168 ibi
820 4126 908 4168 autem
936 4134 985 4169 rex
1010 4119 1067 4171 dies
1092 4118 1238 4171 nonnullos
1262 4126 1379 4171 versatus

284 4204 344 4239 cum
362 4188 468 4241 videret
484 4193 594 4239 terram
600 4190 745 4242 crudeliter
762 4190 892 4273 direptum
911 4205 960 4256 per
977 4189 1076 4243 milites
1096 4199 1123 4242 et
1140 4193 1225 4259 magis
1244 4205 1293 4258 per
1308 4204 1378 4239 mer.

285 4261 408 4321 senarios
427 4267 456 4313 et
471 4258 577 4315 alienos
596 4270 623 4314 st
641 4276 733 4314 omnes
752 4269 860 4331 segetes
878 4262 1068 4331 intempestive
1095 4263 1228 4319 abscissas
1254 4271 1282 4316 et
1298 4275 1379 4331 poeo-
