3017 4892
250 316 310 424 lo·
540 351 762 420 nicolaus
795 347 1087 416 tornatoris«

250 489 316 576 μήν
338 488 418 556 ἀλλά
451 492 506 556 καί
535 493 650 556 καιναῑν
682 487 863 574 οἰκημάτων
894 489 929 554 ἐν
954 483 1120 573 διαφόροις
1150 479 1260 558 τόποις
1281 481 1367 549 ἐπε-
1406 565 1409 568 ⁴

251 594 380 678 πσίητο,
409 593 464 655 καί
484 589 691 670 ἀνοικοδομοὶς
712 596 859 671 συνεχεῖς
879 585 962 670 ἔχων
981 590 1015 652 ἐν
1034 586 1164 660 ταόταις
1184 587 1367 670 φροντίδας

252 694 419 758 κατεκένον
442 692 586 774 συχνάςι
633 688 667 757 τό
693 692 727 757 δὲ
754 693 818 754 τοῖν
840 683 921 754 όλων
944 688 1092 753 ἀπάνιων
1124 686 1283 768 δπερέχον
1303 687 1367 750 καί

252 790 490 878 προτιμώμενοι
510 784 600 878 αότῷ
621 787 655 854 τό
678 789 920 877 φροντιστήριον
940 779 998 876 ῆν,
1024 789 1070 864 εἰς
1095 782 1114 849 ό
1137 786 1192 851 καί
1206 782 1240 851 τό
1266 807 1366 869 περι-

252 896 365 968 καλλὲς
386 890 475 976 ἱερόν
494 894 656 978 ἀνηγέρθη
679 892 727 956 ἐπ’
749 887 880 972 όνόματι
903 890 961 955 τοό
982 893 1016 954 ἐν
1034 889 1178 971 μα’ρτυσι
1198 882 1362 969 περιωνό-
1370 913 1391 965 5

251 1015 315 1076 μου
337 988 431 1077 ἀγίου
452 994 483 1058 Γ
481 990 624 1077 εωργίοο,
647 993 831 1074 οἰκοδομαῖς
853 986 979 1074 ἓτέραις
999 995 1179 1073 βασιλικαῖς
1200 989 1360 1068 ἐκλελαμ-

252 1098 449 1180 προσμένον,
482 1092 538 1158 καί
568 1091 686 1178 πολλήν
717 1091 793 1175 ἔχον
814 1090 873 1176 τήν
890 1089 1053 1177 τερπωλήν
1079 1097 1150 1164 τοῖςΙ
1170 1091 1358 1174 περιέχουσι

251 1199 353 1262 ταόεα
385 1197 520 1279 λειμῶσι
547 1197 602 1260 καί
628 1202 697 1270 ταῖς
718 1198 862 1277 ἐαρινοῖς
889 1190 1001 1279 πόσις,
1021 1187 1065 1266 uic
1096 1191 1359 1270 ἀνταμιλλᾶσθαι

251 1294 309 1373 τός
330 1293 498 1378 οἰκοδομὰς
520 1303 586 1372 τοῖς
610 1291 784 1379 όποίθροις
804 1297 859 1358 καί
875 1292 931 1357 διό
950 1297 1012 1358 τάν
1034 1292 1227 1377 ἀμφοτέρων
1250 1288 1359 1372 cippo-

251 1404 322 1464 νίαν
342 1393 460 1482 ῆδονῆς
496 1405 559 1471 τοῖς
590 1401 723 1473 θεαταῖς
749 1396 979 1480 περιγίνεσθαι.
1029 1395 1154 1476 συνῆψε
1176 1395 1212 1457 δὲ
1232 1391 1408 1468 τοότοιςιο

252 1503 307 1566 καί
327 1504 525 1580 νοσοκομεῖον
548 1498 729 1578 ἐπιμελείας
758 1495 948 1575 ἀνάμεστον.
1002 1492 1097 1581 φόοει
1120 1497 1155 1558 δέ
1175 1498 1359 1576 μεγαλουρ-

252 1600 306 1685 γός
325 1594 370 1666 ἀν
390 1603 446 1664 καί
465 1601 640 1681 βασιλικῶν
657 1601 800 1680 χαρίτων
816 1598 991 1677 ἀνάπλεως,
1003 1593 1060 1660 καί
1075 1594 1163 1674 ζοόων
1184 1590 1358 1675 ἀσυνήθεις

253 1704 342 1776 ἰδέας
361 1707 425 1777 scic
446 1697 595 1787 ὑπηκόοις
626 1700 660 1778 ἐξ
683 1699 863 1782 ἀλλοδαπῆς
886 1697 1105 1782 παρεστήσατο
1125 1699 1197 1780 γῆς,
1218 1693 1293 1776 μεθ’
1313 1685 1358 1760 ὧν

255 1803 311 1867 καί
330 1801 386 1866 τόν
406 1803 552 1885 μέγιστον
583 1797 617 1865 ἐν
644 1801 851 1882 τετραπόδοίς
881 1801 1063 1886 ἐλέφαντα,
1095 1791 1130 1872 ὃς
1148 1798 1272 1876 ζθαῦμα
1293 1803 1359 1870 τοῖς

255 1905 444 1982 Βυζαντίοις
471 1905 525 1968 καί
551 1910 615 1980 τοῖς
638 1895 746 1977 ἀλλοις
770 1901 952 1983 Ῥωμαίοις,
982 1891 1092 1974 ἀνείς
1112 1890 1189 1980 όψιν
1220 1895 1358 1979 ἐλήλυθε
1368 1910 1404 1962 15

256 1999 474 2088 διερχόμενος,
503 2001 725 2087 ἐχρημάτισεν.
778 1999 929 2087 ἔστιγὰρ
956 2005 1086 2086 μεγέθει
1112 2003 1173 2081 μὲν
1202 2002 1359 2083 μέγιστος,

255 2099 329 2178 τούς
358 2095 460 2180 πόδας
491 2099 575 2185 ἔχων
597 2105 748 2188 ἐμφερεῖς
781 2103 994 2177 Ἀτλαντικοῖς
1024 2105 1147 2184 κίοσιν,
1169 2093 1237 2166 ἀτα
1258 2101 1360 2183 μηδὲν

257 2204 391 2277 ἀσπίδος
411 2206 617 2287 πελταστικῆς
642 2198 836 2287 ἀποδέδυτα,
857 2206 978 2288 κίνησιν
1005 2195 1144 2269 όστατον
1167 2200 1221 2266 διά
1244 2198 1360 2275 παντός

258 2300 507 2388 προβαλλόμενα,
529 2303 585 2368 οὐκ
608 2297 759 2378 ἀναιτιως
780 2308 889 2385 μέντοι
911 2302 995 2370 ἀλλά
1017 2302 1109 2394 φόβῳ
1129 2309 1186 2370 τοῦ
1202 2299 1359 2376 κώνωπος.

259 2408 382 2472 πόντων
397 2403 466 2494 γὰρ
490 2407 553 2472 τιόν
570 2409 726 2489 μεγίστων
745 2410 868 2490 θηρίων
881 2396 1007 2487 κρατῶν
1025 2407 1060 2470 ἐν
1081 2403 1170 2489 ίσχόι
1192 2408 1248 2469 καί
1268 2404 1405 2468 dixu-bt)

258 2502 384 2590 μότητι,
408 2503 495 2589 παρὰ
517 2502 618 2586 μόνον
640 2507 697 2570 τοῦ
720 2504 869 2582 κιόνωπος
899 2505 1055 2590 ήττᾶσθαι
1077 2504 1228 2593 ὁμολογεῖ
1243 2506 1298 2568 καί
1310 2497 1361 2579 ’ἀς

259 2605 392 2690 θάρακα
405 2605 474 2690 ,τήν
493 2608 553 2672 τεόν
573 2601 663 2674 ιότων
685 2608 806 2692 κίνησιν
826 2603 994 2691 ἀντεπάγει
1018 2606 1115 2695 αάιρῖ,
1139 2605 1198 2690 τήν
1220 2609 1361 2696 προσδι·

259 2703 317 2791 λήν
336 2703 447 2773 τοότοο
464 2707 629 2792 μακρόθεν
649 2711 836 2792 ἀποσοβῶν·
859 2709 888 2774 εἰ
913 2710 975 2796 γὰρ
1000 2703 1111 2773 λαθιόν
1131 2705 1362 2790 κιόνωψέντός

332 2880 358 3004 ὲ.
377 2894 411 2932 au
424 2880 581 3005 ξπρποίηιο
600 2880 811 2956 ἀνοικοδομάς,
829 2883 879 2935 κιιλ
897 2877 949 2935 αλ
1018 2879 1044 2931 3.
1065 2893 1099 2931 an
1116 2881 1284 2934 καιεκαίνου
1303 2890 1361 2928 curu

356 2965 423 3004 ruue
436 2965 451 3003 σ

263 3133 402 3191 superaret
421 3132 448 3176 et
466 3126 551 3194 magis
572 3126 605 3178 ab
625 3143 658 3178 eo
688 3125 832 3189 coleretur,
853 3131 910 3176 erat
932 3122 1129 3186 monasterium,
1149 3122 1176 3175 iu
1195 3122 1265 3191 quod
1285 3121 1362 3174 etiam

262 3195 450 3261 perpulchrum
476 3197 601 3264 templum
627 3198 777 3248 restitutum
797 3204 837 3246 est
855 3198 1014 3264 cognomine
1033 3193 1201 3244 celeberrimi
1220 3201 1362 3260 martyrum

263 3267 347 3318 tancti
368 3266 493 3334 Georgii,
521 3268 650 3318 aediliciis
679 3266 740 3318 aliis
761 3267 843 3332 regiis
868 3267 982 3328 illustre,
1009 3273 1036 3314 et
1055 3264 1148 3314 multas
1168 3265 1268 3314 habens
1291 3263 1362 3316 deli.

205 3364 210 3374 ι
264 3336 318 3386 cias
340 3337 421 3402 pratis
442 3336 508 3386 haec
528 3336 696 3405 cingentibus
716 3345 742 3386 et
760 3339 850 3387 vernis
865 3336 974 3388 floribus
992 3336 1028 3385 ita
1047 3341 1076 3383 ut
1087 3341 1221 3384 certarent
1241 3336 1364 3387 aedilicia

264 3421 322 3456 cum
341 3407 441 3472 apertis
457 3405 524 3459 locis
545 3416 571 3459 et
589 3409 708 3475 utrisque
728 3407 864 3458 harmonia
883 3406 971 3475 gaudii
987 3403 1179 3472 spectatoribus
1198 3416 1362 3470 superesset.

264 3477 383 3528 adiunxit
409 3485 496 3528 autem
522 3478 562 3530 his
591 3480 668 3529 etiam
697 3480 878 3529 nosocomium
911 3492 974 3528 cura
999 3475 1126 3544 plenum3
1151 3483 1245 3526 natura
1276 3483 1364 3527 autem

264 3550 444 3616 magnanimus
465 3557 491 3600 et
506 3550 638 3617 regiarum
656 3546 799 3616 gratiarum
814 3550 909 3617 plenus
929 3556 957 3599 et
973 3547 1123 3599 animalium
1141 3548 1246 3599 insueta
1264 3562 1363 3616 genera

265 3620 393 3674 subiectis
412 3635 446 3671 ex
463 3622 607 3690 peregrina
621 3623 785 3689 transposuit
804 3631 884 3686 terra,
904 3622 974 3672 inter
990 3635 1058 3688 quae
1077 3620 1156 3670 etiam
1176 3621 1317 3670 maximum
1335 3621 1363 3670 iu

266 3692 478 3760 quadrupedibus
498 3692 682 3760 elephantum,
714 3695 759 3761 qui
778 3694 934 3747 miraculum
950 3691 1088 3758 Byzantiis
1118 3700 1146 3742 et
1163 3692 1261 3743 ceteris
1279 3690 1362 3743 Grae-

266 3766 314 3828 cis,
333 3780 443 3832 quorum
461 3765 488 3831 in
507 3773 678 3832 conspectum
696 3766 771 3817 venit
789 3767 930 3829 transiens,
949 3765 1020 3815 emit.
1042 3771 1082 3814 est
1096 3764 1164 3814 euim
1183 3761 1363 3831 magnitudine

266 3837 409 3898 maximus,
438 3837 519 3902 pedes
546 3836 645 3888 habens
672 3836 773 3889 similes
792 3838 934 3891 Atlanticis
964 3835 1105 3898 columnis,
1124 3849 1202 3886 aures
1220 3833 1289 3885 nihil
1308 3833 1362 3883 levi

268 3912 343 3957 scuto
364 3906 516 3970 interiores,
536 3917 608 3958 motu
633 3910 795 3959 inconstanti
823 3916 952 3975 perpetuo
984 3923 1014 3957 se
1031 3907 1204 3973 proiicientes
1228 3920 1282 3956 nou
1307 3905 1362 3955 siue

268 3989 348 4025 causa
365 3976 471 4043 quidem
490 3978 537 4030 secl
562 3987 634 4030 metu
653 3993 775 4032 muscae:
797 3979 913 4028 omnium
936 3978 1006 4026 enim
1024 3979 1195 4027 maximorum
1213 3973 1362 4028 animalium

267 4053 362 4112 potens
381 4046 479 4100 robore
498 4057 525 4099 et
543 4049 570 4099 vi
590 4065 605 4099 a
625 4048 683 4100 sola
694 4064 785 4100 musca
801 4065 831 4100 se
848 4048 921 4099 vinci
941 4048 1049 4112 patitur,
1068 4057 1095 4098 et
1113 4055 1143 4097 ut
1160 4047 1296 4098 thoracem
1315 4060 1362 4097 au-

269 4117 336 4166 rium
356 4125 453 4167 motum
473 4120 584 4185 opponit
604 4121 639 4181 ei,
660 4121 787 4186 impetum
806 4118 885 4170 buius
905 4133 939 4167 ex
959 4117 1041 4184 longo
1060 4119 1206 4182 dissipans3
1227 4121 1324 4169 etenim
1341 4117 1363 4167 si

268 4187 335 4238 clam
354 4202 444 4240 musca
463 4189 531 4240 intus
551 4190 691 4250 intraverit
709 4205 798 4241 aurern
820 4191 888 4251 eius,
913 4203 1025 4255 poenam
1046 4190 1071 4239 ei
1088 4191 1227 4239 maximam
1248 4197 1274 4240 et
1291 4201 1362 4239 mor.

268 4267 320 4316 tem
340 4261 459 4328 imponit.
497 4261 578 4312 utitur
596 4269 683 4312 autem
704 4277 768 4312 aare
787 4267 911 4330 quantum
930 4261 1009 4311 etium
1028 4275 1116 4310 runnu.
1155 4267 1196 4312 est
1213 4263 1282 4329 euim
1302 4260 1362 4312 lon.
