3017 4892
615 324 824 407 nassonia.
1183 316 1269 416 νοτ
1347 340 1350 349 -

163 510 221 567 τος
233 490 355 571 μεστοῦ
368 486 508 574 χαρίτων
523 485 637 555 ἒαοτόν
659 489 871 570 α’ποξενοῦντό
887 511 974 572 ποτε,
996 482 1040 563 ώς
1052 477 1135 551 εἶναι
1156 486 1271 565 θαόμα

164 591 316 673 με’γιστον
345 597 410 679 τοῖς
446 589 629 676 ἀνθρώποις
665 592 720 656 καί
754 575 949 676 ἀξιέραστον.
1009 582 1084 653 όσον
1113 582 1174 669 γὰρ
1203 590 1270 659 τοῖς

165 699 409 774 στρατιωτικοῖς
434 692 553 774 οἷγώσιν
588 693 772 767 α’νόποιστος
804 684 844 775 ἧν
864 690 919 755 καί
936 684 1112 772 θομοειδῆς
1131 683 1187 749 καί
1208 708 1269 748 κα-

166 788 375 875 ταπληκτικός
395 792 453 875 την
475 788 584 876 όρμήν,
603 788 751 857 τοσοῦτον
771 794 805 858 ε’ν
817 799 886 866 ταῖς
908 788 1106 857 α’νέσεσικαό
1123 794 1193 862 ταῖς
1214 791 1268 849 λε-

136 895 318 975 5γομέναις
340 893 530 977 ε’κεχειρίαις
560 890 616 957 καί
635 899 704 967 ταῖς
725 891 807 957 κατὰ
828 890 885 977 τὴν
914 890 1065 976 βασιλίδα
1088 891 1267 972 διατριβαλς
1278 892 1298 947 l.
1310 892 1363 949 218
1375 908 1403 949 r.
1493 958 1499 964 ‚

166 989 323 1075 ἡδύτατος
347 996 403 1067 κατ’
434 997 592 1089 μειλίχιος
623 996 678 1057 καί
704 989 914 1079 φιλόστοργος
935 990 1014 1077 πρός
1039 989 1113 1067 τοός
1136 990 1268 1069 Βυζαν-

164 1092 270 1179 τίοος,
305 1093 359 1157 καί
385 1090 496 1177 λόγους
514 1093 670 1169 ἀ’στείοος
699 1094 802 1179 φιλών
835 1097 891 1159 καί
919 1090 991 1169 τοός
1027 1088 1270 1172 οἶστεὶζομένονς

166 1191 480 1279 προσοικειοόμενος,
509 1192 563 1259 καί
584 1192 726 1272 α’παξιών
749 1188 864 1260 ἔαυτόν
892 1192 989 1281 ὲτέριρ
1008 1194 1178 1257 καλεῖσθαι
1197 1184 1271 1253 α’νό-

144 1316 245 1373 .ματι
273 1285 294 1376 ἢ
323 1298 367 1381 τῷ
394 1292 453 1379 τὴν
475 1292 659 1378 ἐπωνυμίαν
695 1299 868 1379 παρέχοντι
901 1289 986 1381 atto
1007 1295 1043 1358 έκ
1060 1294 1116 1376 τῆς
1137 1289 1268 1365 πόλεως.

121 1403 158 1459 10
169 1392 224 1464 διό
246 1397 337 1460 τοῦτο
363 1398 418 1459 καί
440 1395 528 1480 παρὰ
553 1393 678 1479 πόντων
700 1396 842 1479 ἠγαπᾶτο
866 1390 1104 1481 διαφερόντως,
1125 1390 1181 1455 καί
1201 1414 1269 1454 κοι-

166 1490 222 1561 νόν
243 1486 360 1577 ’ὄφελος
394 1496 449 1560 καί
477 1497 621 1569 ,ἐκαλεῖτο
658 1494 712 1559 καί
738 1495 932 1576 ἐγινώσκετο,
953 1492 1127 1556 πανδαισία
1152 1513 1187 1553 τε
1215 1489 1270 1553 καί

166 1596 311 1681 εόφημία
327 1594 431 1679 κοινή,
453 1595 647 1680 στρατιώτης
661 1617 694 1658 τε
712 1591 932 1679 α’παρόμιλλος
947 1595 1002 1657 καί
1021 1596 1148 1675 πολίτης
1170 1586 1268 1672 α’σόγ·

166 1719 281 1777 κριτος.
337 1690 376 1779 ἦν
406 1697 468 1779 γὰρ
501 1692 579 1779 πρός
612 1695 733 1771 τοότοις
761 1698 816 1759 καί
843 1698 969 1777 μεγέθει
1003 1687 1193 1772 διαλόμπων
1213 1690 1269 1758 καί

166 1786 241 1875 ’όψει
264 1794 453 1861 ταπεινώσει
480 1820 512 1859 τε
544 1793 747 1879 φρονήματος
768 1798 823 1860 κατ’
851 1793 1113 1877 σοναναστροφῆς
1136 1784 1268 1872 κοσμιό-

123 1915 236 1979 15τητι
267 1896 321 1958 καί
348 1892 559 1978 μειδιάματος
581 1894 764 1979 ἱλαρότητι,
787 1897 834 1971 εἰς
866 1888 963 1977 όκρον
985 1892 1076 1978 δόξης
1097 1897 1152 1956 καὶ
1173 1914 1267 1975 περι-

167 1995 320 2076 λόμιγεως
342 1989 457 2060 ἑαυτὸν
484 1996 616 2079 ώνοψών
639 1996 678 2081 τῇ
700 1999 791 2081 κοινῇ
813 1997 870 2059 τοῦ
899 1996 1041 2079 πληθοος
1061 1983 1189 2078 εόλογίηι
1211 1992 1267 2055 καί

166 2099 314 2181 σοντονίρ
331 2094 387 2179 τῆς
407 2092 622 2179 ἀναμνήσεως.

267 2194 313 2259 Ἐκ
336 2194 374 2279 δη“
397 2193 515 2261 τοότων
543 2200 605 2262 τών
628 2198 767 2281 α’ρίστων
798 2197 853 2262 καί
870 2194 1025 2280 μεγίστων
1048 2195 1142 2273 ἕξεων
1162 2193 1267 2258 οιότοῦ

151 2295 221 2360 -καί
242 2292 421 2377 ἐντεύξεων,
444 2298 499 2359 καί
520 2286 565 2360 ὧν
586 2298 654 2378 μετ’
679 2286 817 2375 αότόνό
838 2299 953 2361 τοότοο
975 2291 1169 2379 ώραιότατος
1192 2287 1267 2356 κλό-

123 2399 220 2473 toalea
243 2392 277 2460 έν
297 2420 331 2461 τε
363 2406 426 2473 τοῖς
457 2406 691 2482 στρατιωτικοῖς
715 2399 921 2481 1α’γωνίσμασι
950 2400 1006 2462 καί
1026 2396 1191 2479 τροπαίοις
1211 2394 1267 2457 καί

166 2503 231 2573 τοῖς
252 2504 423 2573 πολιτικοῖς
450 2496 695 2582 διακοσμὴμασι
726 2498 782 2563 καί
805 2496 955 2583 α’ρρητοις
987 2497 1265 2579 έγκαλλωπίσμασο

167 2600 315 2682 (συγγενῆ
334 2596 394 2683 γόρ
430 2594 534 2664 πάντα
554 2602 608 2663 καί
629 2596 792 2684 ὁμότροπα
824 2600 879 2662 καί
907 2596 1037 2683 όμοφοῆ
1064 2596 1107 2682 τῷ
1126 2593 1226 2677 πατρί
1247 2588 1269 2653 ό.
1324 2665 1326 2669 Ι
1377 2660 1380 2663 ,

167 2694 237 2771 οἶός
257 2694 480 2787 ἐπεδείκνυτο),
503 2701 636 2765 διπλοῦν
653 2696 688 2765 τό
704 2702 759 2784 τῆς
777 2695 897 2782 α’γόπης
916 2701 971 2763 καί
986 2694 1022 2761 τό
1044 2698 1098 2780 τῆς
1110 2690 1265 2781 έρασμιό-

237 2860 281 2913 21.
299 2866 361 2927 post
378 2860 484 2932 ἐγκαλλ.
508 2860 584 2913 deest
604 2858 741 2933 διέλαμπε
759 2856 805 2910 rol
823 2858 912 2911 simile
928 2857 1048 2911 verbum.

167 3004 282 3057 banitate
304 3004 471 3069 inferiorem,
490 3012 534 3057 aut
552 3021 568 3057 a
585 3005 685 3057 virtute
704 3012 731 3057 et
751 3003 886 3056 hilaritate
906 3011 933 3054 et
950 3004 1006 3056 risu
1023 3001 1166 3070 gratiarum
1182 2998 1264 3067 pleno

168 3092 196 3130 se
215 3076 409 3130 abalienantem
431 3093 555 3145 unquam,
574 3077 611 3129 ita
633 3084 662 3128 ut
681 3083 752 3128 esset
776 3075 931 3145 miraculum
949 3075 1089 3125 maximum
1113 3071 1264 3124 hominihna

170 3156 195 3198 et
215 3148 336 3200 amabile.
375 3157 501 3218 qnantum
531 3150 600 3199 enirn
625 3150 652 3198 in
680 3147 840 3199 militaribus
870 3145 1057 3198 certaminibus
1084 3140 1261 3195 irresistibilis

167 3228 222 3270 erat
235 3228 261 3272 et
279 3222 413 3274 animosus
434 3230 460 3272 et
478 3219 608 3272 terribilis
629 3220 739 3286 impetu,
758 3227 859 3271 tantum
877 3219 906 3269 in
923 3218 1081 3268 remissione
1101 3222 1128 3265 et
1148 3214 1264 3265 induciis

90 3336 93 3343 .
168 3298 194 3341 et
212 3294 420 3344 commoratione
438 3293 467 3342 in
485 3294 562 3360 regia
582 3291 754 3344 suavissimus
775 3299 802 3342 et
819 3290 889 3342 lenia
908 3297 935 3339 ct
952 3303 1042 3339 amans
1066 3301 1131 3355 erga
1154 3285 1263 3351 Byzan-

166 3362 235 3413 tios:
262 3371 288 3415 et
307 3378 444 3415 sermones
471 3364 587 3415 urbanos
612 3362 715 3413 amabat
741 3363 917 3430 hominesque
947 3360 1063 3412 urbanos
1087 3358 1140 3410 sibi
1169 3355 1264 3408 conci.

167 3431 258 3496 habat,
280 3434 470 3500 indignumque
490 3435 596 3485 rebatur
622 3449 652 3484 se
674 3432 728 3484 alio
758 3434 851 3485 vocari
874 3433 982 3483 nomine
1007 3439 1086 3500 atque
1112 3443 1164 3492 eo,
1192 3426 1264 3496 qnod

169 3502 193 3552 ei
214 3518 248 3553 ex
267 3502 332 3553 urbe
351 3503 543 3569 praebebatur:
565 3512 708 3568 propterea
728 3506 807 3554 etiam
825 3504 859 3553 ab
889 3503 1009 3554 omnibus
1037 3500 1135 3553 eximie
1162 3498 1264 3565 dilige-

167 3571 242 3649 batur
262 3580 289 3623 et
308 3574 452 3624 communis
471 3573 572 3624 utilitas
593 3581 619 3621 et
637 3572 783 3623 vocabatur
802 3582 828 3623 et
848 3574 1069 3638 cognoscebatur,
1089 3580 1169 3637 atque
1195 3583 1263 3621 con-

167 3643 270 3695 vivium
290 3651 315 3693 et
334 3643 392 3693 laus
411 3644 566 3705 communis,
586 3639 717 3709 milesque
737 3642 926 3708 insuperabilis
945 3650 972 3692 et
997 3644 1065 3693 civis
1093 3643 1263 3707 incompara-

167 3712 238 3765 bilis.
260 3714 405 3765 eratenim
425 3721 566 3779 praeterea
586 3720 612 3762 et
622 3711 803 3778 magnitudine
818 3711 931 3762 illustris
951 3719 977 3761 et
995 3711 1071 3763 vultu
1092 3718 1172 3779 atque
1197 3709 1262 3761 sub.

167 3785 286 3837 missioni
304 3786 385 3837 animi
404 3792 430 3835 et
450 3781 648 3835 consuetudinis
670 3782 768 3833 decore
788 3790 815 3833 et
833 3782 902 3833 risus
921 3781 1055 3833 hilaritate
1074 3782 1107 3833 ad
1126 3781 1262 3850 fastigium

168 3854 269 3921 gloriae
288 3865 315 3906 et
333 3856 497 3907 auctoritatis
516 3870 546 3908 se
565 3852 664 3905 tollens
683 3854 815 3905 communi
834 3852 1009 3905 multitudinis
1028 3852 1215 3904 benedictione
1236 3858 1263 3903 et

169 3940 299 3979 consensu
325 3926 523 3983 celebrationis.
1073 3937 1077 3955 ·

204 4014 206 4021 '
263 4014 303 4067 Ex
316 4015 358 4067 his
377 4015 459 4083 igitur
473 4015 579 4082 optimis
597 4015 772 4081 maximisque
787 4012 994 4080 proprietatibus
1014 4013 1071 4080 eius
1087 4019 1114 4063 et
1129 4014 1261 4065 sermoni.

168 4086 213 4140 bus
233 4093 261 4136 et
279 4102 313 4138 ex
329 4086 373 4150 iis,
393 4101 462 4153 quae
481 4086 594 4137 habebat
612 4094 673 4153 post
692 4101 750 4137 eum
770 4085 848 4136 huius
870 4086 1022 4135 maturrime
1040 4098 1160 4153 propago
1180 4092 1207 4137 et
1231 4086 1261 4135 in

168 4157 323 4210 militaribus
344 4157 532 4210 certaminibus
553 4165 579 4209 ct
597 4158 716 4224 tropaeis
735 4164 763 4207 et
781 4155 906 4207 civilibus
926 4155 1053 4208 institutis
1073 4164 1100 4207 ct
1118 4153 1260 4208 virtutibus

168 4229 259 4287 celatia
276 4233 407 4300 (cognata
426 4230 495 4281 enim
514 4230 601 4282 omnia
620 4237 648 4281 et
673 4228 771 4282 similia
790 4235 817 4280 et
836 4228 954 4283 eiusdem
970 4234 1081 4281 naturae
1099 4228 1169 4295 patri
1188 4225 1261 4279 lilius
