3017 4892
450 390 453 398 .
504 354 507 360 ,
600 336 820 411 rrsrorm
859 354 864 377 2
1181 284 1252 410 reo
1347 440 1354 455 ,

152 501 184 569 oi
203 494 262 582 μὲν
282 496 374 568 ἄλλοι
395 505 462 567 τεάν
485 506 661 583 δικαστῶν,
690 498 916 587 μαρτυρούσης
937 524 992 583 μοι
1017 502 1074 585 τῆς
1102 500 1255 585 ἀληθείας

155 604 255 687 τιν’τῆς
285 604 341 688 (σά
361 600 422 688 γάρ
448 600 669 689 θρυπτόμενός
696 628 728 669 τι
748 606 827 679 λε’ξω
854 598 877 686 ἢ
900 602 1041 697 ἐξαίρων
1055 598 1203 681 teucris,
1231 594 1254 682 ἢ

155 702 273 784 σεμνόν
295 711 330 768 τί
350 704 404 769 καί
425 699 511 785 παρά
536 704 598 767 τῶν
619 700 967 788 άνθράπωνιθηρεάων
990 698 1134 765 ἔπαινον·
1178 700 1255 763 ου’δὲ
1282 765 1285 769 ,

153 800 216 886 γάρ
239 799 367 892 ἐμαυτῷ
387 802 520 870 σύνοιδά
543 828 575 869 τι
597 801 732 889 ζηλωτόν
755 828 783 868 τι
811 806 866 867 καί
887 804 1064 887 περιδέξιον
1085 802 1154 865 οὐδ’
1174 798 1255 863 alne-
1317 840 1319 846 ,

128 907 254 989 ὀρυχῆς
274 928 304 969 τι
325 909 455 989 μέτριον
475 908 650 985 λείψανον·
691 902 852 988 ἀγαπητὸν
871 901 931 987 γάρ
953 902 983 967 εἰ
996 905 1051 967 καί
1068 908 1133 977 τοϊς
1155 896 1256 983 ἐσχά-

155 1028 223 1081 τοις
243 1008 306 1071 τῶν
341 1004 435 1090 λόγου
454 1005 565 1094 :noodr
593 1004 794 1087 μετεχόντων
822 1006 1068 1090 συνταττοίμην)
1097 1042 1138 1053 -
1167 994 1257 1067 odem

157 1096 213 1170 σάν
237 1102 267 1169 ot
289 1108 343 1189 τῆς
366 1108 444 1191 ε’μῆς
467 1105 583 1183 τάξεως
604 1105 659 1169 καί
678 1108 843 1179 κοινωνίας
863 1099 884 1189 ἢ
905 1102 1049 1189 ἑταιρίας
1069 1106 1255 1169 συνεπαινέ-

158 1231 211 1270 ται
233 1209 288 1271 καί
308 1210 403 1272 ου’τοί
423 1212 487 1285 τοῖς
508 1210 832 1300 προβεβουλευμένοις
847 1200 1005 1290 γεγόνασι,
1027 1200 1121 1286 μόνος
1142 1205 1173 1268 δ’
1196 1204 1257 1269 αδ-

157 1309 210 1386 τὸς
234 1307 379 1373 ἐσιώπων
402 1304 579 1389 ἱστάμενος.
625 1306 642 1372 o‘
662 1312 699 1373 δὲ
720 1305 872 1391 βασιλευς
894 1302 1199 1391 συμμετρησάμενος
1219 1304 1255 1369 τὸ
1305 1318 1307 1323 ’

115 1432 149 1484 10
158 1411 309 1493 ἠρεμαῖον
330 1415 387 1494 τῆς
409 1410 479 1473 κατ’
500 1411 557 1490 ἐμὲ
578 1407 825 1494 παραστάσεως,
847 1406 939 1489 λόγον
960 1409 1157 1494 δξηρημένως
1178 1404 1259 1491 ἀπῄ-

156 1513 230 1593 τησέ
242 1532 294 1591 με,
312 1512 368 1575 καί
387 1514 422 1574 τί
432 1533 487 1592 μοι
508 1508 543 1574 τά
567 1506 799 1593 παριστάμενον
823 1507 897 1591 περί
917 1502 1036 1570 τούτων
1059 1508 1154 1569 ἐστίν.
1200 1505 1271 1577 ατί·Ι

158 1610 211 1685 τός
242 1602 277 1688 δὲ
299 1607 571 1694 τερατευσάμενος
602 1609 755 1693 πρότερον
787 1607 831 1682 alc
860 1607 1006 1669 ariddaeo
1028 1609 1084 1670 τοῦ
1117 1605 1260 1692 πλήθους

157 1707 247 1784 ε’κτὸς
271 1710 428 1793 δυναίμην
443 1712 553 1778 ,εἰπεῖν
584 1709 661 1771 οὐδὲ
687 1704 922 1792 καρτερώτερος
954 1703 1117 1790 ὀφθῆναι,
1150 1698 1208 1769 κάν
1231 1728 1261 1769 τι

159 1806 332 1887 δοκιμάσαν,
351 1808 477 1883 πάντας
499 1804 843 1889 ἅπαδσκιμασθὴσομαι
863 1810 919 1888 τῆς
940 1801 1171 1870 edentatae
1195 1803 1263 1889 ψη·

118 1934 150 1987 15
160 1931 224 1994 φοο
246 1902 489 1993 ἑπικρατοάσης,
512 1908 564 1973 ciel
584 1906 665 1988 μετὰ
689 1910 804 1989 πολλῆς
829 1902 844 1969 o‘
867 1906 1018 1988 βασιλεὺς
1037 1906 1092 1991 τῆς
1111 1908 1262 1989 ἐπιμονῆς

161 2012 215 2073 καί
236 2012 292 2092 τῆς
311 2010 510 2089 ἀμεταθέτου
533 1994 710 2083 ἐκστάσεως
738 2006 958 2089 προετρέψατο
979 2030 1019 2088 με
1048 2005 1082 2071 τό
1104 2008 1184 2072 κατὰ
1207 2013 1261 2071 λσ-
1270 2009 1290 2064 f·
1305 2012 1356 2068 193
1366 2026 1392 2066 r.

160 2108 275 2191 γισμὸν
297 2108 401 2184 α’δεῶς
420 2109 566 2190 α’νειτιεῖν,
587 2104 738 2171 τὸνθεόν
759 2104 930 2191 ἐπιστήσας
940 2130 996 2189 μοι
1017 2105 1180 2192 μάρτυρα.
1200 2130 1261 2190 με-

161 2208 306 2293 ταβαλών
340 2201 398 2274 οὖν
417 2210 463 2295 μὴ
485 2210 630 2294 ἀρέσκειν
649 2231 705 2289 μοι
735 2204 789 2289 τὴν
822 2206 940 2292 βουλὴν
959 2204 1078 2293 ταύτην
1103 2206 1204 2284 recog
1228 2208 1262 2274 ἐκ

162 2311 337 2395 προοιμίων
354 2309 561 2395 ἀπήγγειλαν,
594 2303 813 2395 προσθείςμῖς
845 2307 1042 2391 elucidetur
1066 2310 1263 2392 ου’παντελῆ
1330 2376 1331 2383 ¹

117 2412 353 2496 wdouxippt'ar
375 2414 429 2475 καί
448 2409 675 2497 καταστροφὴν
696 2412 730 2475 ἐν
750 2411 794 2498 τῷ
813 2413 937 2497 πολέμῳ
958 2408 1114 2487 ἐδέξαντο.
1159 2408 1263 2495 ἦμάρ
1332 2484 1334 2494 Ι

160 2504 278 2594 ἑσπέρα
298 2504 381 2595 ταχά
406 2512 634 2594 καταλαβοῦσα
657 2513 808 2587 διέσωσεν
830 2509 956 2591 αὐτούς,
978 2510 1033 2574 καί
1050 2507 1084 2576 τό
1108 2511 1161 2574 ε’πί
1178 2515 1263 2599 τρεῖς

160 2610 281 2695 ἡμέρας
309 2609 463 2696 ἀνεθῆναι
493 2610 551 2695 την
581 2614 689 2689 δίωξιν
717 2610 754 2675 τά
788 2613 857 2687 δεός
891 2611 1013 2685 τοάτοις
1041 2611 1264 2675 ἀνεκαλέσατο.

161 2712 217 2775 καί
235 2714 328 2777 τοῦτο
346 2712 439 2795 δῆλον
453 2708 488 2776 ἔκ
503 2733 536 2777 τε
555 2713 610 2777 rori
627 2708 675 2795 μὴ
695 2713 957 2797 καταλειφθῆναί
975 2734 1006 2775 τι
1028 2712 1091 2774 τῶν
1110 2705 1266 2793 λαφύρων
1349 2743 1355 2749 -

238 2886 265 2941 1.
284 2889 471 2961 συντάττοιμε
490 2886 521 2941 G.

166 3052 199 3106 de
220 3067 252 3104 eo
272 3052 359 3120 petiit.
380 3052 454 3121 atqui
471 3052 519 3104 alii
538 3052 643 3120 quidem
662 3054 775 3118 iudices,
794 3054 821 3106 id
839 3055 909 3121 quod
930 3053 1067 3105 coufirmat
1084 3051 1149 3103 mibi
1166 3052 1268 3107 veritas

166 3128 242 3193 ipsa,
262 3138 351 3193 neque
373 3126 442 3176 enim
459 3125 587 3178 simulans
611 3125 713 3194 aliquid
739 3127 823 3178 dicam
844 3133 890 3177 aut
918 3125 1031 3177 efferens
1050 3139 1102 3188 me,
1123 3132 1168 3175 aut
1187 3122 1269 3190 ampli

166 3196 229 3264 quid
248 3204 274 3247 et
293 3196 326 3247 ab
350 3195 500 3248 bominibus
520 3206 627 3263 captans
646 3197 767 3253 laudem:
787 3213 877 3265 neque
897 3199 965 3249 euim
986 3198 1108 3249 conscius
1127 3195 1192 3247 milri
1210 3210 1268 3247 sum

166 3270 206 3318 rei
232 3269 404 3320 admiratione
429 3270 526 3337 dignae
551 3278 578 3321 et
602 3278 680 3336 aptae
707 3286 795 3338 neque
818 3269 980 3321 modicarum
999 3268 1178 3335 praestantiae
1198 3265 1268 3317 reli.

167 3341 295 3407 quiarum.
340 3348 477 3406 acceptum
504 3343 574 3393 enim
596 3349 681 3408 esset,
701 3343 725 3394 si
747 3343 805 3410 quis
831 3340 876 3393 vel
895 3342 995 3393 ultimis
1015 3354 1116 3403 eorum,
1139 3339 1184 3407 qui
1204 3352 1268 3390 ora-

90 3474 98 3489 ·
167 3412 247 3461 tionis
266 3426 373 3478 quoquo
400 3412 478 3463 ruodo
507 3415 651 3480 participes
677 3422 761 3477 erant,
787 3430 830 3465 me
855 3420 1036 3480 componeret.
1075 3410 1103 3461 hi
1123 3412 1205 3478 igitur
1222 3410 1269 3477 qui

167 3496 201 3531 ex
218 3495 278 3529 meo
298 3482 391 3532 ordine
411 3489 437 3531 et
456 3486 641 3535 commuuione
668 3484 714 3535 vel
733 3486 862 3537 societate
883 3492 967 3548 eraut,
996 3484 1150 3535 laudatores
1170 3490 1197 3532 et
1215 3480 1268 3548 ipsi

169 3560 248 3601 antea
268 3552 371 3601 statutis
391 3551 513 3603 luerunt:
535 3553 609 3605 solus
628 3556 687 3621 ipse
707 3554 817 3607 silebam
838 3556 952 3608 adstans.
1002 3569 1050 3605 ren
1069 3562 1156 3605 autem
1176 3553 1269 3604 cousi-

168 3621 262 3671 dcrans
282 3622 398 3687 quietum
416 3636 492 3673 meae
511 3626 679 3688 praesentiae
697 3640 854 3690 responsum
874 3626 970 3693 (certis
989 3624 1094 3691 verbis)
1115 3631 1190 3673 extra
1207 3637 1268 3673 mo-

168 3706 223 3741 rem
243 3706 277 3740 ex
294 3705 336 3740 me
355 3692 490 3757 quaesivit
509 3693 536 3742 ei
554 3692 616 3757 quid
635 3693 668 3743 de
697 3691 737 3742 bis
756 3695 822 3743 mihi
846 3702 988 3745 constaret.
1027 3695 1084 3758 ipse
1102 3700 1190 3743 autem
1210 3706 1269 3743 cum

167 3761 319 3814 simularem
336 3769 430 3824 antea,
456 3778 499 3812 me
519 3761 589 3813 nihil
609 3760 737 3828 procula
763 3763 931 3814 multitudine
960 3778 1040 3829 posse
1059 3764 1161 3826 dicere,
1179 3777 1268 3830 nequo

169 3833 325 3888 validiorem
344 3832 456 3898 adspici,
476 3840 502 3883 et
519 3834 542 3885 si
562 3834 624 3901 quid
642 3832 801 3900 probaturus
817 3850 902 3885 essem
915 3835 1021 3885 omuino
1040 3833 1214 3901 improbatum
1224 3835 1268 3899 iri,

169 3905 284 3973 plurium
303 3904 436 3955 sententia
455 3920 560 3973 semper
577 3906 753 3971 principatum
773 3913 892 3970 tenente,
911 3922 960 3957 rex
972 3903 1055 3956 multa
1075 3921 1132 3957 cum
1152 3906 1268 3959 assidui.

167 3985 222 4029 tate
244 3984 271 4027 et
288 3978 422 4027 immutata
442 3978 590 4027 constantia
609 3976 763 4029 exhortatus
789 3985 830 4029 est
848 3992 906 4043 me,
935 3984 964 4029 ut
983 3976 1045 4045 quid
1063 3978 1189 4031 sentirem
1211 3977 1269 4030 eine

167 4050 262 4100 timore
281 4048 407 4110 dicerem,
426 4047 504 4098 deum
523 4047 587 4099 mihi
609 4057 704 4107 testem
723 4044 898 4101 ¹constituens.
917 4048 1080 4115 respondens
1107 4049 1193 4118 igitur.
1215 4064 1271 4101 non

168 4120 277 4187 placere
296 4119 360 4170 mibi
381 4115 522 4171 consilium
541 4119 592 4171 boc
611 4121 698 4171 statim
717 4121 750 4172 ab
770 4121 847 4172 initio
865 4120 1027 4185 nuntiabam,
1052 4121 1197 4186 adiicieus,
1216 4121 1270 4172 bo.

170 4200 223 4245 ates
241 4205 295 4243 non
314 4189 465 4243 absolutum
484 4190 581 4241 malum
602 4201 629 4244 et
650 4193 752 4245 ruinam
772 4195 799 4244 iu
818 4191 891 4244 bello
903 4194 1050 4261 accepisse
1087 4190 1186 4261 vesper
1200 4192 1270 4243 euim

171 4263 295 4316 celeriter
314 4277 449 4330 occupans
467 4264 589 4315 servarit
604 4278 667 4319 eos:
687 4272 791 4319 etcum
810 4280 859 4333 per
877 4272 931 4320 tres
950 4265 1006 4320 dies
1015 4266 1197 4319 remitteretur
1204 4277 1270 4331 per.

227 4377 311 4435 ntes.
333 4375 421 4435 Attal·
440 4374 508 4435 ssiat·
1068 4378 1087 4437 9
