3017 4892
291 208 297 237 l

251 292 322 401 tao
533 299 754 369 nicaensis
783 298 1043 367 inlusoris

246 488 303 553 καί
321 480 593 557 διαναπαύσαντες
619 477 755 557 ἑαυτούς
786 484 830 557 εἰς
851 476 889 564 ἣν
911 478 1090 546 καθείκασιν
1111 482 1145 545 ἐν
1165 480 1205 567 τῇ
1226 482 1367 543 Βλατι-

246 585 355 671 λιβύδι
383 582 586 668 παρεμβολὴν
615 579 751 674 ᾤχοντο,
779 580 834 647 διό
867 585 920 665 τῆς
951 578 1064 656 νυκτός
1098 577 1302 665 ὑπερβάντες
1326 576 1366 641 τό

246 682 467 774 Σαρβανδικόν
497 678 571 769 ὅρος
605 687 660 750 κατ’
689 687 735 758 είς
755 679 793 749 τό
814 686 871 749 τού
894 680 1008 747 Χύλεπ
1031 680 1242 755 ἐπελάσαντες
1266 672 1364 767 Ιδρια.

246 784 514 872 ἅπρακτησοὶντων
549 780 607 851 σύν
635 787 697 852 sads
718 784 752 850 ἐν
774 786 1006 873 Μοψουεστιρι,
1029 782 1084 847 καί
1102 780 1145 866 μή
1168 778 1368 867 εὑρηκότων

246 888 323 965 τούς
345 884 506 965 ἐναντίους
529 888 574 964 εἷς
596 880 674 972 ὅπερ
696 878 833 970 ἤλπισαν
855 882 1064 968 καταγώγιον,
1085 882 1159 953 α’νία
1175 885 1240 963 μὲν
1262 882 1395 945 κατέ-5

247 1012 305 1073 σχε
326 986 381 1054 τόν
401 992 536 1070 βασιλέα
558 986 757 1068 πυθόμενον·
799 982 870 1050 ἐπεὶ
889 986 924 1049 δὲ
937 986 993 1049 κατ’
1014 978 1112 1075 αύτός
1131 981 1251 1064 μικρὸν
1273 974 1371 1045 ἅπα-

247 1093 306 1154 θον
326 1090 381 1174 τῆς
400 1085 435 1154 ἓν
450 1088 618 1179 Σελευκείᾳ
631 1086 921 1161 Κλαυδιουπόλεως
943 1081 1099 1160 καταστύς
1121 1084 1271 1167 περὶτῆς
1297 1087 1371 1147 τῶν

248 1188 408 1270 πολεμίων
438 1186 636 1271 ύμεμαθὴκει
664 1191 787 1274 φυγῆς,
816 1184 1050 1270 ύπισθρρμητος
1082 1185 1226 1268 γέγονεν,
1253 1180 1368 1256 εύθύς

248 1292 308 1371 μὲν
332 1292 388 1371 τῆς
409 1288 642 1373 βασιλευούσης
673 1288 715 1365 ὥς
734 1291 790 1353 καί
811 1290 868 1353 τού
889 1285 1074 1369 μετοπώρου
1103 1280 1271 1368 προϊόντος
1293 1300 1365 1346 ’κα-

248 1387 482 1471 τεπειγόμενος,
510 1385 618 1477 ἕτερον
650 1390 686 1453 dd
707 1387 786 1453 λαόν
804 1388 848 1463 είς
870 1386 908 1451 τό
940 1382 1070 1450 κατόπιν
1090 1381 1275 1449 καταλιπών
1301 1379 1363 1446 διό
1378 1404 1413 1455 10

249 1486 285 1556 τό
310 1479 513 1573 καίὲτέρους
538 1487 700 1573 Τούρκους
720 1490 969 1573 καταληίζεσθαι
996 1485 1054 1569 τὴν
1076 1480 1259 1567 Ῥωμαϊκήν
1286 1485 1365 1567 γῆν,

218 1591 328 1660 ,κατὰ
352 1594 490 1676 φατρίας
511 1594 567 1654 κατ’
583 1589 699 1674 μοίρας
721 1592 984 1672 διαιρουμένους,
1015 1592 1069 1650 κατ’
1100 1588 1365 1667 κατατρέχοντας

248 1690 305 1757 καί
325 1695 359 1757 τό
380 1691 562 1775 προστυχὸν
585 1692 809 1778 ἀφανίζοντας.
863 1688 1013 1764 εἰσιόντος
1036 1682 1093 1751 ode
1114 1687 1171 1749 τοῦ
1192 1686 1365 1767 βασιλέως

248 1793 284 1857 δν
298 1794 648 1870 Κωνσταντινουπόλει,
673 1794 720 1857 ἐπ’
737 1788 825 1856 οἴκου
848 1793 902 1855 κατ’
923 1787 957 1854 τό
981 1785 1091 1853 λοιπόν
1111 1788 1167 1852 τού
1191 1784 1364 1869 στρατεύ-

248 1917 348 1975 ματος
368 1895 492 1978 γέγουε·
536 1892 591 1958 καί
610 1893 645 1959 τό
670 1890 737 1969 ἔτος
760 1891 905 1959 ἐτελεύτα
928 1890 1046 1977 έκεῖνο,
1070 1891 1264 1965 ι’νδικτιῶνος
1285 1888 1362 1951 ἔνι·
1374 1904 1405 1957 15

127 2021 153 2060 s.
173 2006 241 2062 10⁷0
250 1999 405 2080 σταμένης
426 1994 453 2080 η’
475 1995 529 2059 τοῦ
553 1992 784 2090 σςφοῆύτους,
806 1986 857 2059 ὅτε
876 1994 932 2058 καί
952 1986 1156 2075 τόμέγιστον
1178 1988 1267 2073 ἱερόν
1289 1990 1362 2053 ταῖν

249 2098 443 2180 Βλαχερνῶν
464 2098 524 2170 ἕως
546 2098 689 2183 ἐδάφους
710 2094 929 2181 ε’πυρπολήθη.

349 2205 435 2269 Ἐπεί
456 2206 491 2269 δὲ
512 2204 547 2270 τό
566 2186 881 2292 ἔαρύποφαίνεσθαι
898 2193 1026 2289 ἤρξατο,
1049 2204 1206 2285 ἐσκέψατο
1228 2206 1269 2292 τῇ
1290 2208 1361 2285 βα-

251 2308 350 2372 σιλίδι
382 2315 531 2391 παρεῖναι
564 2301 752 2388 δβασιλεός
781 2308 836 2371 κατ’
864 2306 921 2391 τὴν
943 2305 1112 2389 ἡγεμονίαν
1133 2309 1191 2369 τοῦ
1211 2310 1361 2391 στρατοῦ

251 2406 329 2490 πρὸς
356 2404 412 2492 τὴν
440 2400 523 2472 ἓιύαν
546 2404 594 2472 ἔνι’
622 2410 685 2472 τῶν
707 2405 906 2492 προεχόντων
939 2409 1145 2489 ε’μπιστεύσαι
1170 2404 1405 2488 Ῥωμαι’ων.ορ

250 2510 421 2592 προκρίνας
452 2501 508 2574 σύν
538 2508 699 2593 Μανουίχλ
724 2508 988 2594 πρωτοπρόεδρον
1020 2507 1072 2573 τὸν
1096 2506 1276 2594 Κομνηνόν,
1299 2509 1362 2575 κατ’

249 2612 292 2699 τῷ
312 2610 369 2675 τοῦ
389 2609 631 2696 κουροπαλότου
652 2606 790 2698 τιμήσας
821 2610 986 2692 dissipari,
1009 2608 1187 2697 στρατηγόν
1209 2612 1268 2674 τύῦ
1292 2634 1358 2674 πο-

249 2712 348 2798 λέμου
379 2711 435 2778 καί
459 2709 600 2801 ἀρχηγόν
631 2717 693 2782 τού,
721 2714 961 2801 στρατεύματος
992 2712 1206 2783 ἀποδείκνυσι.
1261 2710 1298 2778 τὸ
1323 2714 1357 2776 δ’

176 3062 180 3068 -
250 3044 284 3081 ex
301 3027 385 3096 captis
416 3028 570 3098 quibusdam
592 3028 754 3083 Graecorum
779 3030 959 3095 Mopsuestiac
985 3036 1162 3094 conventum,
1185 3044 1239 3081 non
1257 3043 1353 3095 parurn

248 3101 342 3153 morati
362 3109 435 3154 etse
452 3102 606 3153 reficientes
626 3102 653 3152 in
673 3101 767 3153 eastris
786 3116 850 3168 quas
869 3110 1015 3168 posuerant
1031 3100 1207 3167 Blatilibade,
1226 3100 1353 3154 abierunt

249 3180 432 3240 pernoctem,
451 3175 611 3241 transgressi
630 3181 746 3223 montem
767 3172 954 3226 Sarbandicum
982 3182 1009 3225 et
1035 3174 1067 3225 ad
1094 3172 1206 3240 Chalepi
1232 3173 1350 3240 proiecti

178 3246 186 3259 ’
232 3245 324 3295 'tinea
363 3257 422 3293 cunr
440 3244 522 3311 igitur
541 3246 587 3310 qui
604 3245 784 3309 blopsnestiae
805 3254 894 3296 essent
912 3244 980 3296 nihil
1006 3253 1118 3313 agerent
1144 3260 1232 3313 neque
1258 3244 1352 3296 hostes

249 3312 490 3380 deprehendissent
509 3314 536 3365 in
556 3314 651 3382 quibus
671 3314 781 3367 latebris
800 3326 984 3383 speraverant,
1004 3317 1143 3384 aegritudo
1163 3316 1277 3368 obtinuit
1303 3332 1351 3367 re-

249 3401 310 3455 gem
331 3392 469 3451 postquam
488 3384 555 3436 haec
574 3387 684 3438 audivit.
723 3403 781 3438 cum
801 3397 888 3439 autem
910 3397 936 3440 et
954 3390 1012 3457 ipse
1025 3388 1132 3455 paulum
1155 3386 1353 3454 aOlaudiopoli

224 3438 318 3510 lurhe
338 3454 479 3509 Seleuciae
497 3472 527 3509 se
547 3458 711 3510 constituens
731 3458 846 3511 bostium
865 3460 1012 3514 audivisset
1026 3461 1125 3527 lugam,
1144 3460 1245 3511 reverti
1265 3460 1356 3524 coepit

256 3528 358 3599 regiain
377 3543 481 3591 versus,
504 3544 562 3579 eum
589 3530 667 3581 etiam
687 3539 841 3584 auctumnus
861 3534 1021 3601 procederet
1045 3533 1097 3583 iter
1123 3530 1300 3593 accelerans,
1327 3536 1356 3581 et

256 3602 336 3655 aliam
355 3599 493 3671 reliquens
512 3616 527 3652 a
545 3609 623 3670 tergo
643 3618 747 3655 manum
772 3606 834 3672 quia
862 3606 940 3657 etiam
965 3604 1010 3655 alii
1035 3603 1136 3656 Turcac
1162 3602 1356 3670 praedabantur

168 3675 170 3680 '
255 3673 496 3728 Graecam‘terram
523 3676 668 3728 seeundum
693 3684 788 3744 gentes
815 3685 841 3727 ct
867 3685 956 3745 partes
981 3676 1059 3727 divisi
1086 3684 1113 3725 et
1136 3676 1303 3727 incurrentes
1328 3680 1355 3723 et

251 3762 320 3813 quae
340 3744 445 3797 obviam
465 3755 554 3798 essent
573 3747 704 3800 delentes.
744 3765 802 3799 cum
822 3750 904 3816 igitur
923 3764 970 3799 rex
990 3746 1241 3814 Constantinopolin
1266 3746 1354 3797 intra.

250 3823 301 3878 ret,
320 3818 389 3869 domi
411 3819 489 3868 etiani
508 3816 629 3887 reliquus
641 3827 697 3870 erat
716 3822 865 3872 exercitus:
888 3828 914 3870 ct
932 3834 1016 3869 annus
1034 3819 1114 3869 desiit
1133 3815 1191 3881 ille,
1203 3817 1352 3869 indictione

248 3884 318 3937 vul.
338 3888 452 3939 instante
470 3891 532 3939 anni
551 3890 637 3941 6578:
657 3892 761 3958 quando
782 3892 860 3940 etiarn
879 3891 1019 3941 maximum
1039 3889 1165 3957 templum
1186 3887 1354 3941 blacherna.

249 3970 306 4008 rum
327 3972 411 4024 usque
430 3959 463 4010 ad
481 3960 567 4012 solum
585 3961 642 4029 igni
662 3969 856 4013 concrematum
885 3968 933 4012 est.

353 4052 417 4106 Cum
437 4063 526 4107 autem
544 4073 593 4108 ver
611 4073 742 4125 apparere
763 4057 907 4123 coepisset,
926 4060 1018 4110 statuit
1036 4060 1129 4128 regiae
1147 4060 1241 4111 adesse
1260 4072 1309 4109 rex
1329 4064 1358 4107 et

255 4124 395 4191 imperium
415 4128 549 4177 exercitus
568 4138 661 4181 contra
674 4131 805 4182 orientem
815 4126 896 4179 alicui
906 4129 1036 4183 nobilium
1056 4131 1166 4182 credere
1179 4129 1357 4183 Graecorum:

255 4195 361 4275 eligens
387 4196 471 4265 igitur
489 4198 638 4262 manuelem
656 4202 796 4253 maximnm
817 4200 963 4269 ppassidem
984 4203 1165 4268 comnenum,
1190 4208 1217 4253 et
1235 4200 1361 4269 curopa-
