3017 4892
287 352 361 428 230
585 352 807 425 sulcamus
834 352 1095 422 ammaum

286 516 433 604 τίμενος,
455 521 511 583 ἕνα
532 515 628 599 μόνον
650 512 717 599 εἶχε
735 517 856 603 βοηθὸν
877 518 934 581 καί
954 514 1171 641 συλλήπτορα,
1191 506 1463 601 βουληφόρον

288 618 357 702 ἅμα
374 622 435 683 καί
466 617 640 715 στρατηγὸν
670 617 727 681 καί
755 615 893 701 ἱππότην
916 615 971 681 καί
1004 615 1104 697 δεξιὸν
1128 611 1458 700 α’ρχιστροῖτηγον,

286 719 343 788 τὸν
363 710 577 805 Βοτανιιοὶτην
599 719 812 805 Νικηφόρον,
831 716 866 792 ἐς
888 717 1015 794 πάππος
1039 712 1078 803 ἦν
1098 744 1138 807 τῳ
1125 720 1458 802 προλελεγμένοι)

286 827 420 906 βασιλεῖ.
444 824 533 896 τέλος
556 822 591 883 δὲ
613 842 667 884 του
657 822 843 900 πολέμου,
863 818 944 899 μετὰ
959 818 994 882 τὸ
1017 820 1354 902 καταπολεμηθῆναι
1387 817 1457 877 καί

287 924 467 1009 ἡττηθῆναι
496 918 529 985 ud
561 923 623 986 ταῖν
644 917 841 1003 Βουλνδριον
873 918 966 995 ἐθνος
987 918 1049 983 ὑπὸ
1088 921 1144 1003 τῆς
1165 918 1277 982 αὐτοῦ
1304 918 1475 995 beitrage

291 1015 345 1109 (ἦν
365 1021 425 1107 γὰρ
449 1023 622 1106 τηνικαῦτα
645 1025 688 1109 τῷ
707 1024 906 1110 περιβλέπτῳ
936 1024 1000 1085 τῶν
1019 1023 1140 1101 βεστιῦν
1163 1016 1349 1098 ἀξιώματι
1379 1034 1451 1082 τε-

289 1126 470 1209 τιμημένος,
493 1121 709 1206 ἐλαμπρύνετο
732 1124 768 1215 δέ
789 1126 845 1187 καί
864 1126 904 1210 τῇ
925 1125 985 1186 τοῦ
1006 1123 1119 1197 δουιιδς
1140 1116 1445 1215 περιφανεστᾰτῃ

289 1224 402 1310 ἀρχῇ),
425 1220 478 1287 ads
497 1223 607 1306 εὐγενῆ
629 1222 684 1287 καί
707 1226 843 1317 οίληθίσι
860 1220 1071 1307 στρατιώταις
1091 1220 1246 1306 ἐράσμιον
1269 1218 1441 1303 θνήσκει

289 1320 471 1407 μαχόμενος
502 1323 649 1387 θάνατον.
691 1321 888 1408 τρεψάμενος
915 1321 974 1406 γὰρ
1004 1320 1080 1399 τούς
1103 1318 1339 1402 Βουλγοὶρους,
1371 1319 1440 1382 καί

286 1421 418 1489 Ιδιιοίιοιν
441 1416 476 1487 ἐν’
493 1428 533 1510 τῇ
555 1421 723 1513 κλεισούρᾳ
743 1427 781 1510 τῇ
800 1426 950 1511 λεγομένῃ
972 1419 1212 1501 τοῧΚλειδίου,
1235 1421 1300 1483 ου’κ
1326 1420 1468 1484 dorecil

292 1520 443 1609 σφάττοντι
466 1527 521 1588 καί
535 1524 796 1609 κατατιτρώσκοον
819 1521 943 1608 αὐτούς,
963 1521 1022 1598 ἕως
1037 1523 1083 1597 εἰς
1104 1521 1288 1604 αἰιριορείας
1310 1521 1426 1587 α’νελ.

292 1621 372 1703 daia,
393 1620 473 1688 ἔνθα
497 1628 553 1688 καί
578 1618 704 1710 ἐτέρους
726 1617 811 1709 ἐώρα
832 1623 1041 1705 Βουλγιίρους
1060 1621 1327 1707 καταφυγόντας,
1359 1623 1423 1685 ἐσ-

294 1722 382 1809 φάλη
404 1726 458 1808 τῆς
480 1720 644 1805 ἱππασίας,
667 1730 723 1787 τοῦ
744 1726 842 1787 ἵππου
874 1714 1158 1804 καιολισθήσαντος
1179 1717 1214 1783 ἐν
1236 1722 1339 1798 πλαξί
1361 1727 1416 1784 λι-

291 1824 400 1898 θίναις
420 1825 474 1887 καί
497 1822 555 1888 οὖν
578 1826 664 1913 αὐτῷ
686 1826 1021 1909 κατακρημνισθέντος,
1044 1816 1123 1911 ὥστε
1145 1824 1415 1903 καταπλαγέντας

292 1921 365 2000 τούς
386 1926 546 2001 ἐναντίους
578 1924 634 2008 τήν
666 1928 900 2011 ἀνυπέρβλητον
931 1919 1032 2008 ὁρμὴν
1063 1926 1119 1987 τοῦ
1154 1922 1275 2005 ἀνδρός
1293 1927 1408 2008 μηκέτι
1419 1937 1448 1989 15

293 2032 358 2101 τοῖς
377 2019 551 2105 Ῥωμαίοις
582 2030 738 2110 τολμῆσαι
780 2027 825 2099 εἰς
853 2031 966 2107 χεῖρας
997 2027 1122 2104 ἐλθεῖν,
1154 2015 1235 2086 ιἰλλά
1259 2022 1319 2086 τὸν
1343 2025 1409 2102 μὲν

294 2118 436 2205 ἄρχοντα
459 2128 592 2203 τούτων,
606 2124 757 2211 Σαμουῆλ
773 2121 1075 2209 κατονομαζόμενον,
1089 2122 1267 2207 ου’ντρομον
1290 2131 1406 2209 φυγεῖν
1497 2169 1498 2178 ι

293 2222 350 2285 καί
372 2224 546 2289 α’ποθανεῖν
568 2228 659 2311 ἐντῷ
679 2232 787 2312 λιμνίρ
807 2225 890 2312 νήσῳ
912 2228 967 2307 τῆς
982 2227 1149 2307 Πρὲσπος,
1170 2220 1246 2299 τούς
1272 2227 1312 2289 δὲ
1335 2229 1406 2286 λοι-

293 2325 372 2398 πούς
398 2316 542 2406 Ιδίπαντιις
580 2320 798 2400 ὑποσπόνδους
833 2321 968 2401 ἑαυτοὺς
994 2326 1170 2408 ἐγχειρίσαι
1198 2326 1242 2411 τῷ
1274 2329 1406 2405 βασιλεῖ

294 2422 349 2487 καί
368 2428 517 2507 γενέσθαι
544 2423 678 2513 δούλους
706 2428 747 2490 δι’
772 2424 890 2512 οἷρειῆν
911 2419 980 2501 ἓνδς
1004 2423 1120 2510 α’νδρός
1142 2428 1197 2489 καί
1217 2425 1442 2509 γενναιότφεο

296 2546 348 2598 τος
367 2523 514 2606 μέγεθος.

394 2627 479 2690 Ἐπεί
497 2633 549 2690 καί
574 2625 589 2689 ὃ
613 2625 723 2692 τούτου
746 2625 816 2704 υίὸς
834 2615 1000 2711 ‘Magdalu
1020 2627 1125 2712 πατὴρ
1150 2628 1207 2690 τοῦ
1230 2626 1402 2707 βασιλέως,

294 2731 377 2812 μέγα
394 2751 424 2792 τι
449 2729 504 2792 καί
527 2726 781 2814 ὑπεράνθρωπον
811 2730 987 2808 ἐνεδείξατο
1011 2731 1176 2814 καρτερίας
1205 2728 1260 2791 καί
1281 2727 1402 2810 α’νδρα-

296 3026 401 3095 positus
427 3032 455 3077 et
481 3024 719 3079 innumerabilibus
741 3024 878 3077 laboribus
905 3032 934 3077 et
959 3026 1038 3079 anuis
1058 3023 1195 3094 expositus
1212 3039 1294 3077 uuum
1313 3024 1403 3077 solum
1495 3023 1496 3052 ³

295 3097 413 3150 habebat
431 3098 533 3149 socium
553 3106 580 3149 et
598 3099 753 3162 adiutorem,
778 3097 959 3149 consiliarium
979 3096 1056 3149 simul
1077 3105 1103 3148 et
1122 3099 1215 3150 ducem
1236 3106 1264 3149 et
1282 3098 1403 3165 equitem

298 3179 325 3221 et
344 3170 464 3221 dextrum
482 3170 678 3235 imperatorem,
697 3168 863 3220 Botaniatam
881 3168 1076 3235 Nicephorum,
1096 3171 1142 3237 qui
1160 3183 1226 3221 avus
1247 3177 1306 3220 erat
1321 3177 1404 3219 antea
1495 3227 1496 3238 ¹

298 3242 369 3292 dioto
388 3242 456 3306 regi.
507 3242 535 3290 in
557 3240 610 3291 fine
636 3248 723 3291 autem
747 3238 814 3290 belli
833 3248 974 3308 postquam
998 3240 1146 3292 debellatus
1172 3248 1214 3291 est
1232 3248 1259 3292 et
1277 3241 1403 3292 devictus

296 3308 473 3377 Balgarorum
492 3309 606 3376 populus
626 3312 683 3362 eius
703 3318 811 3362 strenua
829 3312 945 3375 actione,
975 3315 1047 3380 (erat
1066 3312 1136 3363 euim
1155 3318 1210 3362 tum
1229 3310 1329 3362 illustri
1348 3328 1404 3362 ve.

298 3380 449 3434 stiariorum
468 3379 596 3446 dignitate
615 3389 723 3433 ornatus
744 3390 771 3433 et
789 3382 947 3448 splendebat
966 3385 1044 3433 etiam
1064 3383 1139 3435 ducis
1157 3381 1319 3450 amplissimo
1340 3397 1404 3433 rna-

297 3452 424 3521 gistrum)
452 3450 571 3501 nobilem
599 3460 625 3502 et
646 3455 718 3504 veris
737 3453 867 3505 militibus
884 3453 1014 3506 dilectam
1047 3452 1118 3505 subit
1136 3469 1258 3537 pugnans
1277 3462 1402 3504 mortem.

266 3544 274 3557 ι
297 3530 439 3590 postquam
458 3522 527 3572 enim
546 3523 628 3574 vertit
640 3524 773 3593 Bulgaros
793 3534 820 3577 et
836 3541 1002 3593 persequens
1020 3525 1047 3576 in
1065 3526 1196 3593 angustiis
1215 3540 1285 3593 quae
1303 3526 1404 3576 dicun

299 3601 342 3645 tur
361 3591 480 3657 clidius,
512 3609 558 3645 eos
576 3610 631 3647 nou
653 3597 793 3648 desinebat
817 3598 963 3649 occidendo
989 3607 1015 3649 et
1039 3596 1205 3649 vulnerando
1231 3610 1295 3661 eos,
1315 3598 1401 3648 donee

291 3667 330 3719 'iu
346 3680 421 3717 arces
441 3679 579 3733 egressus,
609 3683 660 3735 quo
681 3670 759 3719 etiam
777 3669 845 3721 alios
870 3669 979 3721 videbat
996 3668 1129 3737 Bulgaros
1146 3667 1318 3734 confugisse,
1337 3666 1399 3732 lap-

301 3753 346 3791 sus
368 3744 408 3789 est
428 3737 584 3804 equitando,
611 3754 679 3806 equo
705 3739 837 3807 dilapso'
830 3756 857 3790 m
876 3741 946 3807 iugis
973 3741 1075 3793 saxosis
1102 3746 1206 3791 etcum
1229 3753 1262 3788 eo
1282 3739 1398 3799 deiecto,

300 3811 384 3861 itaut
404 3809 550 3860 adversarii
578 3811 719 3877 stupelacti
741 3810 916 3877 insuperabili
942 3812 1042 3878 impetu
1061 3812 1114 3862 viri
1137 3824 1192 3860 nou
1211 3810 1325 3876 amplius
1342 3809 1399 3859 lio-

300 3880 384 3931 manis
403 3880 531 3931 auderent
557 3882 588 3932 ad
612 3898 703 3933 suanus
722 3884 826 3946 venire,
855 3883 902 3934 sed
921 3881 973 3932 dux
999 3882 1092 3932 horum
1112 3880 1219 3934 Samuel
1239 3882 1326 3932 dietus
1343 3888 1398 3930 tre.

299 3965 375 4001 mens
394 3951 502 4020 fugeret
526 3960 552 4002 et
581 3960 730 4004 moreretur
755 3956 783 4004 iu
803 3951 915 4037 palustri
947 3952 1035 4004 insula
1052 3953 1167 4038 Prespa,
1193 3951 1293 4019 reliqui
1313 3959 1399 4001 autem

301 4034 391 4071 omnes
416 4020 552 4086 subieotos
578 4040 608 4075 se
624 4023 785 4090 praeberent
809 4026 867 4092 regi
897 4030 924 4073 et
942 4024 1037 4075 fierent
1055 4028 1127 4077 serui
1146 4031 1256 4125 prqpter
1275 4024 1399 4074 virtutem

300 4090 379 4143 unius
402 4093 454 4143 viri
473 4101 499 4143 et
517 4093 663 4146 nobilitatis
683 4095 899 4163 magnitudinem.

283 4198 302 4217 ·=
401 4178 620 4249 Quandoquidem
646 4185 724 4235 etiam
743 4181 820 4234 huius
839 4181 911 4236 lilius
929 4183 1053 4248 michael,
1072 4191 1148 4251 pater
1165 4184 1257 4252 regis,
1275 4194 1398 4248 magnum

302 4250 411 4323 aliquod
431 4253 481 4303 σι’
474 4267 586 4305 immane
605 4254 720 4307 ostendit
732 4255 877 4323 patientiae
892 4264 919 4308 et
937 4222 1100 4310 fortitud'iuis
1118 4261 1210 4309 eontra
1228 4253 1397 4307 aduersarios
