3017 4892
608 295 816 367 tttsuoatt.
1097 371 1100 380 ¹
1191 290 1262 367 185

157 457 338 527 Ῥουτίλιον
360 461 559 545 ἐμεμαθήκει
579 459 660 545 πρὸς
680 460 737 546 τὴν
770 442 945 543 α’ντιπέραν
965 458 1266 544 στρατοπεδεύσασ-

162 563 233 637 θαι,
251 561 311 643 ,τὴν
338 561 372 626 έν
403 563 459 645 τῆς
482 565 544 626 τῶν
563 562 784 645 Ἀρμενιακῶν
810 555 931 646 όραντα
955 557 1036 643 μετόν
1065 561 1182 643 πολλῆς
1213 558 1269 625 καί

163 659 328 742 ἀγρύπνου
349 664 404 745 τῆς
424 659 578 739 ἱππασίας
601 662 656 726 καί
682 661 868 738 έπιτόσεως.
910 666 1039 743 πέμψας
1071 662 1105 725 δέ
1138 658 1154 723 ό
1181 662 1265 724 Καῖ-

162 784 227 842 σαρ
249 762 326 843 περί
344 765 512 847 συνθηκῶν
546 762 635 851 αὐτῷ
654 765 707 827 καί
724 763 870 849 εἰρήνης,
900 762 941 838 ῶς
966 761 1066 845 είκός,
1095 761 1264 837 διελέξατο.

133 856 223 939 5οόκ
242 864 276 927 έν
296 859 355 951 ἴσην
378 864 412 927 δέ
434 866 479 951 τῷ
500 863 554 947 τῆς
574 862 672 947 τόχης
695 864 936 947 α’ποτελέσματί
957 886 989 928 τε
1019 864 1074 927 καί
1103 859 1264 944 συγκυρή.

160 985 238 1043 ματι
262 960 319 1048 την
341 967 512 1046 πρεσβείαν
533 961 711 1049 εἰσήνεγκεν
719 1020 728 1051 ‚
751 965 822 1029 οὐδ’
844 965 899 1031 έπί
927 967 1105 1051 φιλοτίμοις
1134 960 1265 1046 έπαγγε·

159 1064 246 1137 λίαις
266 1068 321 1128 καί
341 1066 488 1150 δωρεαίς,
511 1064 582 1128 ἀλλ’
612 1068 666 1131 ἐπί
690 1067 879 1131 ταπεινώσει
906 1064 963 1129 καί
989 1066 1157 1152 συμβουλῇ
1182 1066 1265 1147 τάχα

130 1162 282 1249 ,τοὺμη
306 1167 431 1249 α’πηνῶς
453 1166 507 1228 καί
525 1170 675 1248 χαλεπῶς
708 1169 980 1252 διαχειρισθηναι.
1025 1162 1041 1230 ὑ
1071 1166 1106 1229 δέ
1132 1160 1266 1230 Ῥουσέ-

160 1268 228 1339 λιος
248 1262 316 1346 ἅμα
337 1269 396 1346 μὲν
418 1275 489 1343 ταῖς
515 1268 614 1342 ἰδίαις
635 1267 730 1350 χερσί
751 1272 904 1353 θαρρῶν,
934 1258 1003 1349 ἅμα
1030 1269 1065 1331 δὲ
1095 1265 1150 1329 καί
1168 1271 1265 1329 πολε-

113 1389 150 1445 10
158 1368 256 1448 μινοὺ
281 1368 480 1452 φρονήματος
517 1367 571 1432 καί
592 1368 809 1454 γενναιότητος
839 1375 958 1448 πνέων,
981 1370 1037 1432 ουίι
1059 1364 1183 1445 ἐδέξατο
1207 1366 1269 1449 τηνΙ

158 1472 328 1552 πρεσβείαν
357 1466 400 1543 ῶς
425 1470 644 1550 α’τιμόζουσαν
676 1470 778 1535 αὑτοῦ
800 1468 975 1554 τηνίοχόν
994 1472 1049 1533 καί
1071 1458 1278 1532 εἰπειλοὺσανΧ

123 1578 127 1585 “
156 1566 212 1631 καί
231 1566 305 1651 οόχί
322 1570 523 1654 δεξιουμένην
557 1568 654 1635 αὑτὸν
676 1569 881 1651 ὑποσχέσεσι.
936 1572 993 1633 καί
1012 1567 1066 1633 διαὶ
1088 1570 1182 1632 τοῦτο
1203 1566 1263 1629 πό.

157 1674 251 1748 λεμος
279 1668 402 1753 α’μφοῖν
425 1666 662 1754 έπεκηροκεόβη
685 1678 750 1743 τοῖς
765 1673 905 1751 μέρεσιν.
948 1668 1104 1753 ε’πεχείρει
1124 1670 1184 1750 μέν
1205 1660 1262 1730 οὑν

158 1765 175 1832 o‘
198 1772 326 1848 Καῖσαρ
351 1768 403 1830 διό
429 1772 485 1850 τῆς
502 1768 646 1855 γεφόρας
669 1774 888 1853 περαιωθῆναι
912 1773 980 1835 κατ’
1005 1771 1121 1833 αὑτοῦ·
1165 1790 1261 1834 συνε-

113 1868 291 1949 15βοόλευε
314 1869 344 1929 δ’
366 1866 381 1930 ό
405 1869 622 1954 συστράτηγος
646 1864 700 1955 (ἦν
721 1874 750 1933 δ’
777 1862 870 1946 οὑτος
892 1871 1078 1957 Νινηφόρος
1097 1892 1261 1953 κουροπα-

157 1964 252 2051 λα’της
277 1966 294 2030 ό
319 1970 542 2053 Βοτανειότης,
565 1967 648 2053 α’νὴρ
669 1968 702 2050 ἐξ
721 1970 856 2050 ἐνδόξων
884 1971 1050 2055 γενόμενος
1068 1970 1124 2036 καί
1143 1994 1261 2056 προγο.

157 2065 246 2151 νικὴν
280 2065 364 2152 ἔχων
394 2067 451 2153 την
474 2070 704 2155 στρατιωτικόν
735 2070 956 2157 γενναιότητα,
987 2074 1043 2137 καί
1063 2070 1143 2136 κατό
1164 2078 1260 2157 χεῖρα

155 2168 212 2233 καί
231 2172 333 2255 φρένα
356 2165 479 2237 πόντων
501 2172 691 2257 ὑπερφέρων
718 2174 775 2237 καί
804 2172 1045 2255 ὑπερκείμενος,
1077 2175 1132 2238 καί
1150 2178 1388 2257 paroeciam.

155 2273 353 2354 λαμπρότητι
380 2269 435 2333 καί
463 2278 646 2357 περιουσίας
676 2273 837 2356 όλβιότητι
865 2271 945 2339 κατὰ
979 2276 1085 2338 πεῖσαν
1103 2269 1258 2355 ἀνατολὴν
1295 2281 1299 2290 “

111 2368 322 2453 φοτυγχόνων
352 2372 596 2458 ἐπισημότατος)
629 2372 672 2458 μη
715 2377 864 2458 διαβῆναι
900 2372 956 2440 τόν
986 2375 1147 2457 ποταμόν,
1174 2370 1255 2440 α’λλοὶ

155 2479 335 2555 περιμεῖναι
364 2473 419 2535 καί
444 2470 478 2536 τό
513 2473 623 2538 λοιπόν
641 2479 700 2540 τοὺ
727 2478 886 2557 στρατοῦ,
917 2474 972 2540 καί
991 2470 1014 2561 ἢ
1034 2473 1256 2557 ναταμαλόξαι

154 2570 205 2636 τὸν
226 2568 391 2657 βόρβορον
410 2572 622 2656 ὑποσχέσεσιν
645 2579 679 2640 ἐκ
701 2578 755 2659 τῆς
784 2571 997 2660 ὑπερθέσεως,
1019 2568 1040 2659 ἢ
1061 2571 1257 2659 περαιοόμε-
1355 2598 1362 2604 ’

64 2662 67 2670 ’
154 2693 208 2737 νον
229 2674 263 2735 ἐκ
283 2674 339 2757 τῆς
361 2672 506 2759 γεφόρας
526 2677 681 2753 δέξασθαι
705 2672 941 2759 α’παρόσκευον,
964 2671 1081 2761 ἢμετό
1105 2673 1162 2757 τὴν
1184 2677 1255 2739 έπι.

156 2773 273 2854 δημίων
294 2775 353 2836 τοῦ
379 2776 542 2840 ε’πιλοίπου
563 2775 798 2861 στρατεύματος
819 2775 897 2859 μετέ
921 2782 1065 2855 πλειόνος
1082 2776 1182 2865 ταύτην
1201 2779 1257 2861 τῆς

226 2925 251 2977 2.
275 2922 403 2995 ἄραντας
420 2926 449 2981 0.

156 3076 240 3139 parte,
258 3071 407 3138 proiectum
426 3088 485 3125 cnm
503 3073 586 3127 molta
606 3082 633 3127 et
650 3076 825 3145 indefatigata
850 3076 985 3146 equitandi
1011 3083 1038 3128 et
1054 3077 1168 3145 impetus
1186 3085 1253 3129 arte.

101 3186 104 3193 .
154 3142 259 3219 legatos
277 3145 382 3196 mittens
402 3144 500 3200 Cacsar
519 3147 551 3198 de
570 3149 738 3215 pactionibus
767 3165 826 3200 cum
851 3163 883 3200 eo
903 3158 930 3201 et
948 3150 981 3201 de
998 3164 1075 3217 pace,
1091 3156 1121 3200 ut
1139 3164 1252 3218 aequum

156 3223 226 3277 erat,
250 3217 323 3283 egit,
340 3232 427 3286 neque
455 3226 542 3270 tamen
561 3222 588 3271 in
608 3223 665 3288 pari
684 3221 805 3273 fortunae
836 3228 934 3273 eventu
962 3229 989 3273 et
1007 3236 1070 3274 casu
1088 3219 1252 3289 legationem

154 3286 266 3350 induxit,
284 3302 373 3355 neque
392 3291 533 3358 generosis
551 3294 689 3362 promissis
710 3301 736 3344 et
753 3294 847 3359 donis,
867 3294 914 3345 sed
935 3300 1069 3346 contemtu
1089 3301 1115 3343 et
1136 3291 1250 3344 consilio

153 3366 253 3410 tantum
271 3373 325 3411 non
345 3375 456 3427 asperae
476 3371 503 3413 et
521 3365 639 3417 dillicilis
658 3367 834 3418 tractationis.
872 3365 1056 3419 sediluselins
1084 3366 1130 3434 qui
1150 3372 1177 3415 et
1195 3364 1251 3414 suis

154 3428 273 3479 manibus
300 3432 446 3483 conlideret
465 3442 491 3485 et
518 3434 644 3488 bellicam
671 3438 861 3505 cogitationem
885 3438 1108 3506 nobilitatemque
1127 3436 1250 3504 spiraret,

153 3513 206 3549 non
225 3502 330 3564 accepit
348 3501 528 3569 legationem,
555 3509 654 3573 quippe
674 3523 743 3575 quae
769 3510 826 3559 eins
846 3510 900 3560 aim
920 3516 1102 3561 contemneret
1123 3514 1150 3558 et
1168 3507 1253 3556 minas

155 3570 237 3619 lerrct
256 3583 344 3635 neque
363 3573 568 3638 amplecteretur
588 3592 647 3627 cum
665 3579 818 3643 promissis:
838 3587 918 3646 atque
938 3580 1006 3633 hanc
1025 3580 1132 3630 obrem
1151 3575 1253 3628 bellum

155 3639 273 3705 utrisque
292 3639 418 3692 indictum
439 3650 479 3694 est
498 3647 625 3710 partibus.
646 3648 770 3698 studebat
786 3650 868 3715 igitur
886 3648 984 3703 Caesar
1003 3658 1084 3716 ponte
1103 3646 1252 3714 transgredi

156 3717 247 3760 eontra
266 3724 343 3761 eum:
366 3713 493 3765 suadebat
513 3724 601 3767 autem
622 3716 729 3785 collega
749 3718 807 3768 eius
831 3720 937 3784 imperii
960 3724 1033 3788 (erat
1051 3718 1095 3769 hic
1115 3716 1252 3783 Nicepho-

155 3795 198 3833 τοι
217 3780 386 3848 curopalates
404 3782 569 3851 botoniates,
587 3786 666 3838 bomo
684 3787 716 3838 ab
737 3786 885 3841 illustribus
905 3792 1031 3843 oriundus
1051 3798 1077 3840 et
1096 3789 1171 3857 qnasi
1191 3789 1253 3840 avi.

154 3859 204 3902 tam
224 3851 324 3903 babens
341 3854 483 3908 militarem
503 3858 688 3923 nobilitatem,
711 3867 737 3910 et
754 3874 834 3911 mann
854 3868 883 3911 et
899 3862 1009 3931 ingenio
1027 3856 1149 3912 omnibus
1170 3874 1252 3927 prae.

132 3964 137 3969 .
154 3931 224 3975 stans
247 3932 274 3975 et
292 3928 429 3992 superior,
451 3938 476 3981 et
495 3932 603 3999 generis
622 3930 766 3999 splendore
796 3940 823 3982 et
838 3947 926 3984 rerum
950 3932 1110 3984 abundantia
1132 3932 1159 3981 in
1179 3932 1249 3982 omui

154 3996 257 4047 oriente
278 3995 466 4069 clarissimus),
484 4018 519 4053 ne
543 4002 651 4055 linaium
670 4003 806 4067 transiret,
833 4006 879 4056 sed
899 4012 1065 4072 exspectaret
1085 4004 1163 4055 etiam
1182 4002 1250 4054 reli-

153 4081 230 4133 quam
251 4070 407 4135 exercitum,
429 4080 508 4141 atque
526 4083 572 4125 aut
591 4074 726 4126 emolliret
740 4074 1025 4143 barbarumpromissis
1044 4075 1187 4138 dilatando,
1206 4081 1251 4124 aut

152 4142 344 4207 transgressum
366 4157 400 4193 ex
417 4154 498 4211 ponte
519 4148 657 4213 exciperet
673 4149 840 4214 imparatum,
859 4156 904 4201 aut
922 4156 983 4215 post
992 4147 1133 4199 adventum
1152 4145 1250 4213 reliqui
1339 4192 1343 4199 .

152 4210 285 4269 exercitus
304 4213 405 4267 maiora
425 4230 484 4269 cnm
503 4225 630 4285 apparatu
649 4217 711 4271 buic
725 4218 874 4273 obveniret.
911 4220 934 4273 is
953 4226 1039 4273 autem
1058 4217 1184 4288 neglecto
1197 4214 1249 4268 boc
