3017 4892
546 321 769 475 merome.
907 361 957 462 *m
1141 349 1216 425 ast
1277 315 1293 398 J
1402 352 1405 359 ·

93 519 231 606 ἔσομαι
247 499 316 598 τοῖς
331 512 375 586 ’τό
398 522 594 588 Ἀτλαντικὸν
620 526 825 602 βουλομένοις
837 519 1090 606 ..α’παρόοασθαι
1119 522 1219 584 πίλα·

92 647 173 705 μσς.
222 622 238 688 ό
260 621 320 707 γάρ
344 621 438 699 αότός
456 622 608 704 βασιλεός
629 621 684 687 καί
699 619 874 705 τ’νρόννονς
893 622 1150 705 καταβληθέντος
1165 621 1221 683 κάό

96 725 333 806 ὖποταγέντας
365 724 451 812 αὐτῷ
473 726 514 788 ον’
539 722 634 805 μόνον
660 727 867 818 συμπαθείας
890 728 945 787 κατ’
975 722 1221 809 φιλανθρωπίας

100 825 263 904 η’ξίοοοεν,
286 817 367 888 όλλό
390 827 445 888 κατ’
471 828 634 906 μεγίσταις
655 823 854 908 εὐεργεσίαις
877 816 1130 906 ἐψυχαγώγησεν
1153 812 1221 884 aba·

69 943 176 1008 5περ
204 923 243 1008 δή
268 925 323 988 τόν
345 928 520 1008 Βρυίννιον
541 923 597 988 καί
615 923 690 997 τεός
720 922 820 1013 τοότφ
854 919 1034 1016 ὁμόφρονας
1064 927 1222 1006 λαμπροῖς

106 1019 282 1106 ἀξιώμασι
302 1024 575 1110 τελεοιουργήσας,
598 1026 653 1090 καί
673 1025 731 1132 {pic
753 1026 838 1101 ἰδίας
858 1026 971 1106 ορόίας
992 1025 1092 1100 όόσας
1115 1023 1222 1100 αότοῖς
1281 1027 1287 1038 ’

107 1123 389 1210 ἀνεπιχειρήτους,
411 1126 467 1191 καί
485 1128 669 1211 προσθήκας
692 1125 744 1191 ιλιό
768 1131 942 1208 βασιλικῶν
961 1127 1089 1206 δωρεῶν
1112 1120 1222 1211 ἀφθό-

107 1248 192 1300 νους
215 1220 325 1303 αιότσῖς
343 1227 637 1311 περιποιησάμενος,
657 1231 712 1292 καί
732 1228 860 1292 πόντων
882 1229 1097 1318 ἐπιλαθέσθαι
1117 1250 1223 1310 παρα·

110 1329 280 1402 σκευάσας
300 1330 362 1394 ταῖν
381 1331 557 1414 λυπηρῶν,
587 1325 661 1412 ὅπερ
693 1331 799 1405 ου’δεός
825 1335 887 1394 τεόν
909 1329 1038 1424 ¹sparsose
1064 1333 1223 1411 βασιλέων
1232 1340 1251 1394 l.
1265 1338 1318 1396 239
1327 1353 1351 1392 r.

57 1451 99 1505 ις)
110 1427 255 1511 ποιήσας
281 1429 523 1513 εόρίοκετο,και“
543 1433 712 1510 πολεμιόυς
725 1425 966 1515 προσφυγόντας
989 1429 1222 1514 εόμενιόςπρο.

96 1529 282 1612 Ισειῖόξατο,
306 1535 363 1595 καί
380 1523 493 1618 χυόραν
512 1533 620 1603 αότοῖς
632 1531 787 1620 δημοσίαν
808 1523 960 1610 ιίπόνειμε
981 1532 1036 1593 καί
1055 1531 1222 1615 φιλοτίμου

114 1632 292 1713 διατριβής
312 1631 543 1712 μεταόόόωιιτν.
911 1672 928 1693 a
956 1681 970 1716 ,

224 1729 459 1811 Εόοεβὲστοιτος
481 1733 516 1794 dd
540 1723 584 1796 τόν
607 1732 646 1796 τοὶ
669 1730 747 1814 πρὸς
769 1730 847 1794 θεόν
868 1729 901 1806 ἐς
922 1730 959 1796 τό
988 1729 1140 1813 μάλιστα,
1160 1736 1224 1815 βα-

117 1839 259 1906 σιλικαῖς
283 1831 479 1916 πανηγόρεοί
499 1856 533 1897 τε
561 1837 616 1897 καί
638 1831 751 1918 χόρτοι
781 1837 836 1897 καί
856 1833 1079 1920 φωτοχυσίαις
1107 1834 1163 1910 τός
1190 1857 1224 1898 τε

69 1936 163 2000 15όῖ
188 1931 279 2007 ἔτους
302 1931 487 2010 δεσποτικὰς
515 1927 625 2018 ἑορτὰς
649 1937 682 2009 ε’ς
701 1931 736 1998 τό
761 1935 890 2018 οἷκριβός
905 1927 1158 2018 όιατελόμπρυνε,
1173 1938 1228 2000 καί

120 2031 180 2110 τός
201 2038 263 2099 τεόν
285 2030 458 2118 μαρτόριον
486 2033 613 2119 μνήμας
646 2039 701 2099 καί
727 2040 789 2100 τιόν
818 2026 921 2111 ἄλλως
949 2033 1228 2121 ευάρεστησόντων

120 2139 189 2223 θεῷ
206 2143 347 2214 τελεταῖς
365 2133 539 2222 πανδήμοις
555 2140 610 2202 καί
631 2139 804 2219 παννόχοις
822 2140 1049 2220 χοροστασίαις
1070 2138 1104 2201 όν
1124 2138 1227 2219 δαψι-

121 2243 175 2302 λεῖ
191 2241 235 2328 τρῑ
260 2240 346 2324 φωτί
366 2242 549 2325 περιφανεῖς
571 2241 797 2320 κατεσῖμνυνε.
841 2239 895 2303 καί
908 2238 1057 2302 τυσοῦτον
1079 2232 1227 2321 ἐξήρτητο

124 2340 182 2404 καῖ
212 2337 435 2422 περιεγόννυτο
462 2350 532 2414 ταῖς
553 2343 656 2416 θείαις
677 2337 808 2415 ταόταις
832 2337 1070 2424 λαμπρότησιν,
1094 2336 1146 2403 ότι
1166 2360 1226 2422 περ

77 2452 116 2508 20
128 2432 344 2526 όρθριοότερος
367 2439 442 2525 περί
469 2441 596 2525 πραότας
617 2438 836 2525 ἀλεκτρυόνων
853 2435 938 2529 albric
953 2448 1017 2515 τοῖς
1036 2438 1228 2522 όμνσπόλοις

128 2538 374 2626 ἐπιφαινόμενος
398 2540 523 2617 καὶτοῖς
544 2541 849 2626 συνεκκλησιόζουοι
873 2546 1059 2622 βουλευταῖς
1080 2539 1136 2604 καί
1148 2563 1228 2622 συγ-

130 2647 298 2724 κλητικοῖς,
320 2642 394 2705 οὐδὲ
414 2645 456 2730 τῷ
477 2645 628 2732 βασιλείῳ
651 2642 758 2731 θρόνῳ
779 2635 896 2706 ἑαυτόν
917 2638 1065 2706 instituo
1087 2642 1156 2706 dtt’
1172 2634 1230 2726 ὅρ-

132 2745 200 2816 θιος
222 2737 389 2823 όοτόμενος
412 2733 490 2824 ἄχρι
518 2745 627 2819 τέλους
659 2745 713 2826 τής
744 2742 925 2830 όμνηιόίας,
956 2738 1024 2826 ἥτις
1049 2740 1106 2809 καί
1130 2743 1229 2828 μόχρι

133 2846 240 2926 τρίτης
262 2837 349 2926 οόρας
372 2846 428 2926 τής
448 2842 569 2929 ἡμέρας
588 2847 631 2933 soi
651 2839 839 2928 περικαλλεῖ
856 2847 920 2909 τεόν
939 2837 1049 2926 όμνων
1070 2844 1125 2911 καί
1137 2847 1230 2928 loay-

135 3103 273 3157 exhanrire
304 3120 385 3158 mare.
424 3105 494 3157 idem
523 3106 592 3158 enim
611 3121 660 3159 rex
687 3113 714 3158 et
740 3113 868 3174 tyrannos
895 3106 1013 3161 deiectos
1040 3115 1067 3160 et
1085 3108 1229 3165 submissos

134 3178 182 3230 sibi
204 3192 259 3230 non
287 3177 374 3230 solnm
393 3177 576 3230 misericordia
607 3187 634 3236 et
658 3178 823 3230 humanitate
847 3179 970 3247 dignatus
997 3187 1054 3245 est,
1079 3182 1126 3234 sed
1150 3182 1229 3235 etiam

133 3250 249 3301 maximis
267 3248 406 3301 benefieiis
425 3249 553 3318 placavit,
573 3251 642 3302 sicut
659 3250 823 3317 Bryennium
838 3258 865 3302 et
884 3253 993 3319 eosqui
1013 3268 1072 3304 cum
1093 3252 1145 3305 boe
1163 3269 1229 3306 sen.

133 3323 230 3384 tirent,
249 3321 398 3373 illustribus
423 3321 596 3392 dignitatibus
627 3337 728 3390 augens
759 3329 786 3374 ct
811 3323 914 3390 privata
932 3322 1002 3375 bona
1020 3323 1175 3394 relinquens
1194 3327 1229 3378 iis

134 3392 228 3442 intacta
248 3399 274 3442 et
292 3393 475 3444 accessionem
492 3395 576 3461 regiis
590 3395 666 3446 donis
682 3394 825 3464 benignam
839 3395 871 3447 iis
891 3393 1048 3459 concilians,
1068 3404 1096 3448 et
1114 3398 1230 3449 omnium

136 3459 239 3511 oblivisi
258 3460 353 3512 iubens
371 3463 501 3525 tristium,
530 3466 556 3512 id
576 3465 646 3531 quod
667 3480 746 3516 nemo
772 3481 886 3534 unquam
905 3482 1004 3535 ‚regum
1023 3468 1125 3520 faciens
1142 3483 1229 3536 appa.

135 3530 214 3593 rebat,
235 3539 261 3581 et
281 3531 381 3595 hostes,
402 3533 447 3600 qui
466 3533 498 3583 ad
517 3548 576 3582 eum
595 3533 783 3602 confugerent,
801 3535 949 3589 clementer
967 3540 1075 3607 excepit
1095 3548 1122 3591 et
1132 3546 1229 3593 terram

136 3603 166 3664 iis
183 3601 314 3669 publicam
333 3603 426 3654 tribuit
450 3609 476 3653 et
494 3618 644 3671 generosae
663 3606 879 3656 commorationis
899 3609 1044 3674 participes
1059 3610 1133 3662 lecit.

228 3691 365 3744 Piissimns
384 3698 471 3743 autem
490 3692 518 3744 in
541 3690 620 3743 robus
640 3693 738 3745 divinis
757 3693 878 3759 inprimis
904 3694 988 3763 regiis
1007 3698 1182 3754 concionibus
1202 3706 1229 3754 et

138 3763 233 3832 gaudiis
256 3770 283 3815 et
300 3762 427 3814 luminum
448 3763 525 3830 copia
552 3777 639 3814 annua
658 3764 846 3817 dominationis
875 3765 942 3817 festa
962 3776 1086 3821 accurate
1104 3768 1228 3825 illustra.

137 3835 178 3888 hat
196 3843 222 3887 et
239 3842 383 3900 martyrum
410 3835 561 3886 memoriam
585 3836 616 3886 'et
634 3835 713 3887 aliter
738 3837 789 3889 deo
814 3844 948 3906 gratorum
967 3841 1050 3894 sacris
1068 3840 1183 3909 publicis
1202 3853 1230 3898 et

138 3907 267 3960 nocturnis
287 3905 376 3957 choris
395 3906 482 3973 plenis
502 3904 645 3959 luminibus
665 3907 737 3960 clare
757 3909 877 3974 emebat,
895 3917 976 3979 atque
993 3918 1093 3966 tanturn
1112 3914 1229 3970 intentus

140 3986 190 4031 erat
209 3986 233 4031 et
250 3975 399 4030 laetabatur
423 3978 514 4030 divino
534 3978 587 4030 hoc
604 3977 764 4045 splendore,
792 3989 821 4033 ut
842 3996 920 4033 mane
945 3983 1017 4035 eirca
1041 3985 1140 4052 primos
1166 3988 1229 4057 gal.

139 4051 327 4103 lorum‘cantus
347 4047 503 4115 hymnorum
520 4051 609 4118 poetis
627 4066 759 4117 apparens
779 4060 806 4105 et
824 4055 856 4105 iis
876 4054 922 4122 qni
943 4069 959 4105 e
977 4063 1072 4109 senatu
1092 4065 1119 4112 ct
1136 4061 1229 4112 cousi.

139 4122 173 4175 lio
191 4122 284 4174 festum
303 4119 533 4187 concelebrarent,
552 4137 587 4173 na
603 4124 679 4190 regio
694 4124 800 4192 quidem
819 4124 889 4176 solio
908 4141 939 4176 se
957 4126 1084 4194 traderet,
1102 4132 1149 4183 sed
1166 4147 1230 4183 ere-

142 4201 191 4247 ολτι
207 4209 291 4263 usque
310 4193 343 4245 ad
361 4193 440 4245 dnem
470 4201 578 4259 cantus,
604 4195 650 4262 qui
677 4195 709 4247 ad
728 4195 832 4248 tertiam
857 4195 949 4248 boram
967 4199 1022 4252 diei
1041 4200 1145 4267 hymnis
1163 4218 1230 4274 par.

141 4265 251 4333 pulchris
270 4273 297 4319 et
313 4263 445 4335 angelicis
466 4265 584 4332 durabat,
604 4267 654 4319 deo
680 4282 775 4336 preces
793 4267 960 4337 absolvebat,
979 4279 1007 4323 at
1027 4273 1061 4327 ad
1077 4271 1154 4327 illurn
1173 4274 1230 4328 erl.
