3017 4892
617 326 847 397 'mosoma
957 342 982 358 ⁴*
1206 326 1281 401 019
1347 408 1349 411 ,
1415 370 1422 384 =

175 497 348 579 μέλλοντα,
383 495 567 580 περιφανῶς
594 490 857 575 τροσωσύμινος,
890 495 946 558 καί
974 490 1031 578 τήν
1051 490 1145 559 πόλιν
1163 494 1283 560 tectos

176 593 232 680 την
254 591 466 680 Καρχηδόνα,
494 594 632 677 μεγάλην
662 595 716 657 καί
748 591 1005 677 τιολύανθρωαον
1026 596 1081 659 καί
1102 595 1284 679 ἀνθρώποις

108 762 112 769 ,
178 699 386 781 νομιζομένην
407 696 575 771 ἀνάλωτον,
596 686 696 779 ἄρδην
709 694 1020 780 καταστρεψάμενος,
1040 689 1112 782 ἥτις
1126 697 1182 761 καί
1202 697 1285 781 'Ap-

178 796 251 885 ρικη
274 795 525 878 κατωνόμασται.
571 789 607 872 ὃς
625 798 681 879 τῆς
707 796 856 882 τοιαύτης
878 798 998 874 πόλεως
1024 802 1285 883 καταστρεφομέ-

152 908 234 985 5νης
254 894 342 983 καροὶ
364 898 437 963 ’τῶν
467 898 548 982 ἄμφ’
572 892 672 961 αὐτόν
695 897 734 959 ον’
755 893 853 975 μόνον
884 896 928 983 μη
952 901 1134 983 ἐπαρθῆναι
1153 899 1194 986 τῇ
1214 898 1283 986 νίκη

162 1002 314 1082 λέγεται,
337 994 416 1063 dite
436 995 491 1061 καί
511 995 658 1079 δακρύων
677 1000 841 1079 πληρῶσαι
865 998 940 1077 τούς
955 999 1165 1086 ὀφθαλμούς,
1187 995 1286 1063 esau-
1347 1037 1349 1040 ·

179 1100 334 1184 μηθὲντος
354 1096 389 1163 τὸ
409 1092 576 1181 Ὁμηρικὸν
598 1099 697 1161 ἐκεῖνο
718 1094 793 1173 ἔντος
820 1102 875 1163 καί
892 1098 1019 1189 γλώσσῃ
1036 1104 1227 1185 περιλαλοῖν,
1248 1097 1283 1163 τύ

174 1191 435 1283 ιιἔσσεταινῆμαρ
459 1190 533 1281 ὅταν
556 1203 622 1261 ποτ’
645 1196 747 1286 σ’λοίλη
766 1191 861 1275 Ἴλιος
883 1199 960 1285 ἱρη”
983 1198 1038 1264 καί
1060 1197 1100 1264 τοὶ
1123 1194 1210 1282 ἑξῆς·
1230 1194 1287 1263 καί

116 1298 119 1305 ’
181 1298 415 1385 διιρωττύμτνος
441 1298 499 1363 τού
531 1294 629 1381 χάριν
661 1298 752 1363 τούτο
780 1306 889 1382 λαλεῖ,
916 1299 1107 1386 ἀποκριναπο
1129 1300 1173 1375 ὥς
1192 1296 1285 1364 ἔσται

134 1398 289 1484 1θκαιρός
310 1422 385 1463 ποτε
412 1394 487 1464 ὅταν
508 1396 585 1475 ἴσως
607 1402 663 1463 καί
692 1399 712 1485 ἦ
736 1403 848 1483 πατρίς
877 1401 965 1486 ἡμῶν
987 1405 1171 1484 πολιορκίας
1193 1422 1286 1481 οτρι-
1337 1462 1340 1465 ,

178 1506 258 1591 πίση
283 1504 407 1576 δεινοῖς.
451 1495 553 1576 οὕτως
575 1498 606 1565 οἱ
627 1500 759 1565 παλαιοί
780 1500 949 1586 στρατηγοί
968 1499 1024 1577 τοὶς
1041 1504 1098 1564 τοῦ
1117 1503 1285 1582 μέλλοντος
1339 1528 1343 1534 ·

178 1603 375 1685 εὐλαβοῦντο
407 1599 524 1685 τύχας,
555 1604 610 1687 καί
628 1598 798 1684 ,τοσαύτην
816 1604 981 1685 φροντίδα
1010 1599 1091 1683 ύιιὲρ
1117 1602 1172 1683 τῆς
1193 1600 1285 1685 optio

179 1705 332 1787 πατρίδος
364 1700 517 1767 ἐτίθεντο.
573 1704 609 1765 ἐκ
637 1698 781 1785 τούτων,
814 1703 877 1786 τοῖν
901 1703 1033 1783 Φαβίων
1070 1706 1170 1787 φημί,
1192 1693 1284 1765 καίὸ

174 1799 356 1875 Ἀσιατικὸς
381 1804 528 1885 Σκηπίων
548 1803 710 1887 α’νὲθηλτν,
732 1802 803 1866 iusi
816 1807 871 1866 καί
887 1800 1029 1889 atsteig
1049 1803 1105 1865 τού
1124 1797 1316 1888 Ἀφρικα-.

62 1952 66 1957 .
137 1905 236 1967 mast
257 1898 380 1987 'deivida
414 1903 449 1965 dd
479 1896 681 1984 Ἀσιατικός,
711 1897 761 1967 ὅτι
791 1926 849 1985 περ
879 1903 924 1978 εἰς
951 1900 1007 1986 την
1032 1902 1143 1969 Ἀσίαν
1173 1906 1206 1966 ἐκ
1229 1904 1285 1986 τῆς

67 2014 72 2021 “
180 2000 337 2088 Εὐρώπης
359 2002 609 2088 διαπεραιωθεὶς
641 2001 722 2086 μετὰ
756 2001 919 2086 δυνάμεως
943 2006 1075 2087 μετρίας
1100 2000 1286 2086 Ῥωμαϊκῆς

177 2102 335 2185 Ἀντίοχον
359 2102 550 2168 ἐκεῖνοντὸν
573 2100 781 2190 ἐπικληθέντα
803 2107 945 2191 ἐπιφανῆ
962 2100 1171 2188 μνριύνδροις
1185 2127 1286 2183 στρα-

178 2213 262 2279 τιαῖς
282 2208 547 2290 μενανρωμὲνον,
569 2210 719 2289 γενναίως
742 2212 993 2289 κατηγωνίσατο,
1018 2208 1074 2269 καί
1101 2206 1155 2288 τῆς
1175 2205 1285 2281 Ἀσίας
1330 2226 1335 2234 ’

179 2303 280 2391 πάσης
300 2305 473 2393 ῥωμαλέως
500 2312 740 2393 κατεκνρίενσι,
770 2309 826 2372 καί
854 2307 1054 2373 ύνιὸσνιονδον
1080 2309 1193 2371 τοῦτον
1220 2313 1287 2379 τοῖς

135 2405 352 2488 ορῬωμαίοις
384 2410 551 2492 πεποίηκε,
583 2410 637 2473 καί
662 2412 823 2493 θρίαμβον
843 2411 876 2474 ἐν
908 2413 946 2498 τῇ
965 2408 1079 2496 Ῥώμη
1101 2409 1285 2491 κατήντηκεν

180 2510 340 2573 ἐπινίκιον.
385 2506 420 2573 ἐκ
441 2507 564 2576 τούτων
587 2512 602 2575 ὃ
624 2512 777 2595 Αίμιλιος
792 2513 939 2591 Παῦλος,
959 2505 995 2587 ὃς
1015 2506 1068 2574 τὸν
1087 2505 1287 2576 Μακεδόνων

116 2668 121 2675 .
180 2612 316 2686 βασιλέα
338 2612 470 2694 Περσέα
495 2608 698 2693 καλούμενον,
728 2612 880 2693 α’νιόγονον
902 2615 937 2676 δὲ
957 2606 1015 2676 iuri
1037 2611 1175 2693 μεγάλαν
1198 2610 1288 2673 Ἀλε-

183 2703 319 2794 ξάνδρον
339 2707 554 2793 τυγχάνοντα,
585 2715 721 2799 πολέμῳ,
736 2709 868 2795 νικήσας
892 2714 934 2775 δι’
957 2712 1083 2796 ἡμερῶν
1103 2706 1202 2775 εἴκοσι
1221 2716 1288 2785 τοῖς
1377 2793 1382 2797 ⁴

180 2804 348 2892 Ῥωμαίοις
376 2810 562 2897 ύντοχοίριον
595 2810 656 2879 σύν
685 2813 813 2896 γυναιξὶ
844 2812 899 2879 καί
916 2815 1033 2892 τέκνοις
1050 2813 1209 2898 ἀπέδειξα,
1229 2807 1286 2879 καί

184 3102 262 3159 nibus
282 3102 366 3157 visam
385 3106 631 3177 inexpugnabilem,
652 3110 770 3164 iunditus
791 3111 899 3176 evertit,
918 3126 987 3181 quae
1013 3111 1091 3162 ctiam
1115 3109 1208 3165 Africa
1235 3124 1288 3163 vo.

186 3184 244 3228 cata
264 3184 320 3230 est:
342 3180 386 3247 qui
407 3180 513 3249 quidem
532 3180 580 3233 tali
599 3182 699 3234 urbea
725 3185 780 3237 suis
807 3200 903 3237 eversa
929 3196 984 3235 non
1013 3182 1099 3236 solum
1123 3198 1177 3235 non
1203 3181 1289 3236 elatus

185 3264 244 3300 esse
265 3249 380 3302 victoria
400 3252 505 3316 dicitur,
527 3253 574 3305 sed
594 3255 673 3305 etiam
692 3255 781 3307 flendo
800 3254 928 3324 implesse
948 3255 1226 3318 oculos‚cumanimo
1241 3271 1288 3307 re.

183 3328 293 3386 putaret
311 3322 419 3375 Homeri
438 3323 512 3376 illam
531 3340 637 3390 vocem,
659 3336 688 3379 et
703 3327 796 3395 lingua
822 3330 1011 3395 pronuntiasse
1029 3328 1095 3379 hoc:
1116 3328 1185 3393 „erit
1212 3326 1288 3391 dics,

183 3392 288 3459 quando
310 3394 452 3447 interitura
472 3398 507 3447 sit
525 3398 602 3450 Troia
622 3408 713 3451 ταωνι
738 3408 766 3451 ct
785 3417 854 3469 quae
873 3408 1030 3469 sequuntur,
1050 3408 1078 3451 et
1094 3400 1288 3467 interrogatus,

184 3476 231 3511 our
252 3458 303 3511 hoc
325 3464 435 3529 diceret,
455 3470 609 3533 respondit:
631 3471 699 3535 „erit
710 3476 814 3539 tempus
825 3472 982 3540 aliquando,
1002 3488 1061 3523 oum
1075 3472 1189 3527 fortasse
1209 3471 1299 3520 etiam·

183 3532 269 3598 patria
280 3542 372 3584 nostra
387 3536 416 3585 in
430 3540 639 3605 oppugnationis
658 3540 759 3603 ineidat
772 3543 901 3609 pericula.
922 3546 960 3595 ita
979 3551 1085 3599 veteres
1105 3543 1186 3594 duces
1206 3539 1288 3593 futuri

184 3604 311 3668 temporis
332 3605 462 3655 cavebant
482 3607 601 3657 fortunas
616 3616 642 3657 ct
658 3618 756 3661 tantam
770 3613 977 3665 sollicitudinem
990 3614 1093 3680 patriae
1107 3630 1172 3665 suae
1194 3614 1288 3663 conci.

184 3673 301 3738 piebant.
341 3690 375 3724 ex
393 3674 444 3737 his,
465 3676 564 3727 Fabios
584 3678 654 3740 dico,
682 3680 760 3731 etiam
780 3682 870 3748 Scipio
889 3684 1024 3735 Asiaticus
1044 3682 1171 3747 effloruit,
1190 3684 1289 3751 quippe

184 3743 230 3811 qui
245 3744 409 3796 esser-frater
418 3745 555 3800 Africanis
575 3755 685 3799 vocatus
699 3757 787 3805 audem
808 3760 848 3802 est
863 3754 1006 3817 Asiaticus,
1026 3756 1089 3820 quia
1106 3756 1134 3805 in
1152 3755 1243 3806 Asiam
1257 3770 1290 3805 ex

183 3814 289 3881 Europa
302 3822 485 3885 transgressus
499 3834 556 3868 oum
571 3834 648 3869 manu
661 3821 765 3871 modica
776 3821 892 3875 Romana
903 3823 1063 3876 Antiochum
1075 3824 1161 3889 illum,
1173 3828 1218 3893 qui
1236 3840 1289 3878 uo.

184 3886 292 3937 eabatur
311 3886 473 3955 Epiphanes,
496 3889 648 3957 ingentibus
669 3894 831 3946 exeuntibus
860 3895 967 3960 elatum,
986 3896 1114 3947 nobiliter
1133 3898 1243 3961 devicit,
1263 3906 1290 3950 et

145 3988 149 4007 τ
183 3958 246 4011 Asia
272 3964 327 4009 totu
356 3960 462 4011 fortiter
488 3963 610 4028 superior
631 3964 680 4013 iuit
712 3974 738 4015 et
758 3966 905 4018 subiectum
925 3966 995 4017 hunc
1016 3968 1141 4019 Romanis
1162 3969 1242 4032 iecit,
1263 3978 1289 4020 et

182 4030 342 4096 triumphum
356 4032 487 4084 victoriae
497 4033 597 4085 Romae
610 4036 674 4102 egit.
698 4052 731 4086 ox
744 4036 785 4097 his
796 4037 926 4091 Aemilius
938 4038 1045 4103 Penius,
1062 4042 1107 4107 qui
1117 4040 1289 4093 Macedonum
1370 4094 1374 4099 ,
1419 4112 1427 4119 .

181 4116 272 4169 regem
285 4100 422 4166 Perseum,
442 4105 581 4156 oriundum
602 4122 617 4157 a
635 4121 731 4175 magno
747 4108 911 4173 Alexandro,
931 4110 1005 4162 bello
1027 4112 1174 4164 devincens
1195 4112 1289 4163 diebus

180 4171 279 4239 viginti
299 4174 425 4228 Romanis
444 4174 592 4229 subiectum
617 4194 675 4229 cum
696 4180 824 4235 uxoribus
855 4189 882 4232 et
900 4180 995 4234 iibsris
1013 4184 1127 4237 reddidit
1146 4190 1173 4234 et
1191 4180 1288 4234 Persa-

180 4250 238 4297 rum
258 4245 366 4300 divitias
386 4245 448 4300 inde
468 4248 614 4303 conferens
633 4251 804 4318 nepooalum
824 4252 929 4321 quidem
940 4267 1053 4307 aureum
1070 4254 1115 4307 vei
1134 4260 1289 4322 argenteum
1338 4290 1342 4294 -
