3017 4892
224 300 342 375 ’216
438 357 441 379 ,
559 293 778 369 utcutuuts
810 291 1071 368 turinorum

264 466 359 559 βόλρι.
402 467 647 546 διαλάμπουσαν
670 464 732 550 γάρ
749 461 834 548 ἔχων
855 462 912 548 τὴν
933 455 1011 545 όψιν
1031 453 1184 548 αἰιράταις
1203 468 1277 537 τοῖς
1301 461 1404 544 ἐρυ-

166 595 171 603 ’
265 568 403 652 θήμασι,
425 564 498 640 πυός
520 564 712 650 όφθαλμοός
735 563 862 631 ἐδείκνυ
881 569 1026 649 χαρίτων
1045 560 1196 645 μεστοός,
1211 560 1245 627 τό
1270 564 1399 645 με’λαν

265 660 402 750 άκρατον
421 665 539 745 ἔξωθεν
559 668 724 751 ἐπιτρέχον
744 662 1009 741 όποδεικνόοντας
1026 664 1081 731 κατ’
1096 660 1211 741 ιιάλλος
1230 656 1394 748 ἄρρητον

265 767 396 835 ἐνδοθεν
428 768 698 849 άποστιλβυνταςλ,
734 765 791 854 τήν
812 793 847 834 τε
870 766 977 855 άφρόιῑ
1002 766 1257 852 όπεραιρομένην
1282 766 1389 849 δίκην

264 868 384 952 ductor
404 873 437 935 ἐν
458 864 553 957 ὅμοι’ρι
572 870 628 933 καί
649 866 837 958 α’ψευδοόσῃ
858 871 962 957 βαφῇ,
982 869 1038 932 κατ’
1059 863 1093 933 τό
1115 870 1264 947 με’τωπον
1290 888 1416 951 puy-5

263 969 407 1053 γοβάλοις
433 969 614 1056 προσεοικός
645 977 716 1044 ταῖς
746 979 996 1055 μαρμαρυγαῖς,
1027 971 1084 1035 καί
1111 966 1169 1051 τὴν
1188 958 1293 1049 άλληυ
1314 970 1387 1031 τοῦ

264 1070 434 1155 προσώπου
466 1075 661 1139 κατάστασιν
683 1065 900 1156 ἀναλογοῦσαν
929 1074 973 1161 τῷ
1000 1068 1110 1168 adata
1140 1071 1195 1133 κατ’
1217 1068 1382 1153 δεότερον

264 1164 353 1257 ἥλιον
373 1176 619 1258 χειροτονοόσαν
639 1175 784 1257 ἐπίγειον.
827 1176 884 1239 καί
897 1175 1060 1256 θεαθῆναι
1079 1175 1139 1253 μὲν
1158 1172 1302 1245 τοιοῦτος
1321 1162 1381 1252 ἦν,

132 1278 321 1343 midumai
343 1283 481 1361 κρεῖττον
504 1252 582 1358 ἤπερ
607 1277 844 1361 εἰιπέφρασται·
895 1274 1046 1358 ὁμιλῆσαι
1075 1274 1111 1337 tt
1130 1274 1283 1337 τοσοῦτον
1303 1295 1378 1354 χα-

266 1379 346 1460 ρίεις
367 1378 424 1440 καί
442 1368 584 1457 εόθυμος
618 1379 673 1441 κατ’
692 1377 869 1459 περιδέξιος
894 1376 928 1450 ἐς
958 1375 997 1439 τά
1019 1371 1161 1457 μάλιστα
1180 1372 1225 1450 οός
1246 1374 1376 1456 Σειρῆ-
1387 1402 1419 1454 10

263 1499 320 1551 νας
338 1481 511 1558 μιμεῖσθαι
533 1476 607 1555 τοός
630 1477 793 1565 φθόγγους
827 1477 949 1558 αότοά,
971 1475 1092 1550 πάντας
1116 1476 1264 1565 ἕλκοντας
1285 1474 1375 1558 πρός

262 1575 428 1662 άκρόαοιν,
452 1582 506 1643 καί
527 1582 589 1643 τῶν
612 1576 691 1645 οἴκοι
712 1583 881 1655 ποιοῦντος
911 1577 1185 1645 ἐπιλανθάνεσθαι
1204 1574 1263 1640 ιιαὶ
1278 1571 1373 1666 μόνρτ

262 1680 470 1762 προσανέχειν
490 1672 587 1768 adegi.
631 1674 733 1754 οότως
754 1679 789 1743 ἐκ
809 1675 935 1765 πραότης
964 1674 1132 1757 ἐντεύξεως
1162 1674 1262 1742 ἅπασι
1279 1701 1371 1760 ,σχε-

262 1776 320 1843 δὸν
342 1780 440 1855 πάθας
462 1782 519 1843 τοῦ
539 1783 696 1862 βασιλέως
711 1782 893 1864 ἐνέσκηψεν,
916 1778 956 1843 cri
976 1776 1074 1861 μόνον
1091 1775 1260 1861 Ῥωμαίοις
1282 1777 1367 1842 άλλά

260 1880 316 1944 κατ’
335 1878 443 1955 adroic
468 1889 534 1957 τοῖς
557 1885 709 1957 ἐναντίοις
729 1880 786 1946 καί
807 1878 1052 1964 μαχιμωτάτοις
1075 1876 1223 1963 άνδράσι,
1244 1883 1301 1944 κατ’
1323 1869 1405 1961 ὧνςς

260 1975 280 2065 ἦ
302 1985 415 2064 πρᾶξις
437 1987 498 2048 τῶν
521 1980 725 2067 α’γριωτάτων
748 1986 873 2069 θηρίων
894 1976 1102 2049 οὖν’άποδεῖ·
1128 1984 1269 2078 αζδεῖται
1291 1980 1367 2066 γάρ,

260 2086 367 2167 φησιν,
389 2078 503 2167 άρετὴν
537 2088 592 2149 κατ’
621 2088 780 2166 πολέμιος.
824 2082 853 2151 οἱ
878 2087 914 2150 δὲ
935 2088 992 2151 cair
1021 2087 1105 2151 αι’δοό
1134 2086 1232 2167 μόνον
1256 2080 1366 2166 ἔσχον,

259 2178 342 2244 άλλά
363 2181 418 2247 κατ’
441 2180 549 2269 φόβον,
574 2188 629 2251 καί
650 2183 748 2251 πόθον
780 2190 834 2271 τῆς
865 2190 924 2253 τοῦ
955 2184 1178 2270 βασιλεύοντος
1199 2186 1365 2262 θεοειδοός

260 2278 457 2364 ἀναβάσεως.
901 2298 904 2304 “

356 2382 442 2449 Ἀλλ’
465 2382 481 2451 ὃ
500 2390 559 2466 μὲν
580 2389 655 2471 περὶ
684 2387 894 2475 τοῦ-κράτους
923 2388 1026 2455 odacri
1044 2390 1136 2474 λόγος
1157 2388 1401 2471 trapessacum

202 2566 207 2569 -
258 2484 391 2569 μιαρόν·
446 2489 516 2551 ἐπεὶ
547 2489 582 2553 δὲ
605 2494 679 2575 περὶ
705 2496 761 2575 τῆς
793 2494 850 2558 τοῦ
871 2496 980 2576 γόνους
1001 2490 1102 2557 edroi
1123 2488 1360 2576 μεγαλειότητος

221 2637 225 2641 -
257 2582 513 2673 ἐαεμνὴοθημεν,
532 2591 639 2675 βραχύ
659 2616 689 2656 τι
712 2593 788 2677 περὶ
804 2591 917 2659 τοότου
939 2592 1172 2677 διαλεξόμεθα,
1185 2594 1239 2657 ἵνα
1259 2595 1355 2675 γνάσι

257 2688 371 2765 πάντες
393 2690 467 2755 οἵων
488 2693 575 2780 αυίρλ
598 2697 660 2759 τάν
685 2697 847 2781 προγόνων
870 2689 970 2763 όντων
997 2696 1044 2773 εἷς
1069 2692 1280 2781 περιφάνειαν
1299 2692 1358 2759 άν-

256 2992 351 3045 tiarum
372 2992 477 3061 plenos,
494 2994 625 3065 integram
645 2997 782 3067 nigritiam
800 3000 965 3053 extrinsecus
986 3002 1191 3059 circumductam
1210 3004 1353 3059 ostenden.

254 3072 307 3129 tes,
328 3071 354 3115 et
371 3064 595 3133 pulchritudinem
614 3069 821 3121 inenarrabilem
845 3072 916 3124 intus
936 3072 1110 3143 effulgentes,
1136 3084 1217 3145 utque
1235 3080 1352 3145 superci-

255 3134 321 3187 lium
339 3152 497 3204 suspensum
513 3154 633 3193 camerae
650 3142 734 3192 instar
750 3142 778 3192 in
795 3143 902 3211 aequali
916 3153 943 3196 et
959 3145 1078 3198 infucata
1090 3148 1215 3212 tinctura,
1235 3158 1262 3201 et
1280 3149 1351 3201 iron-

254 3214 309 3258 tcm
328 3206 474 3273 splendidis
494 3208 607 3260 similem
629 3210 789 3275 luminibus,
815 3221 842 3263 et
869 3215 1005 3285 reliquum
1029 3218 1083 3270 oris
1105 3217 1223 3271 habitum
1241 3235 1351 3289 respon.

255 3278 362 3329 dentem
381 3277 571 3345 pulchritudini
592 3288 618 3331 ct
637 3284 682 3350 qui
701 3281 814 3334 alterum
832 3284 917 3337 solem
935 3296 1070 3340 terrenum
1089 3292 1254 3344 extenderet.
1275 3301 1351 3361 atquc

255 3348 384 3414 adspectu
410 3344 515 3416 quidem
529 3349 600 3402 =talis
627 3360 698 3417 crat,
721 3361 747 3405 ct
772 3355 884 3407 meliore
901 3361 1005 3411 ratione
1034 3376 1112 3427 quam
1131 3369 1279 3416 cummium
1298 3372 1351 3416 cst:

255 3434 305 3472 usu
326 3426 414 3470 autem
434 3427 487 3471 tam
506 3422 595 3474 suavis
615 3432 641 3473 et
657 3424 809 3478 benevolus
828 3437 855 3478 et
873 3429 966 3482 dexter
985 3433 1108 3497 maxime,
1127 3431 1158 3487 ut
1171 3436 1275 3487 sirenes
1292 3437 1350 3487 imi.

254 3498 374 3541 tacentur
395 3492 452 3542 cius
470 3505 568 3557 voces,
587 3495 725 3548 trahentes
750 3512 842 3550 omues
869 3503 901 3552 ad
920 3502 1095 3568 audiendum,
1116 3513 1143 3556 et
1161 3506 1307 3560 efficientes
1322 3516 1352 3559 ut

256 3561 482 3614 obliviscerentur
500 3564 540 3613 rei
559 3565 723 3620 domesticae
749 3577 777 3620 et
794 3569 846 3622 soli
866 3574 958 3625 attcnti
979 3582 1069 3626 essent
1087 3577 1128 3627 ci:
1155 3579 1193 3629 ita
1213 3593 1246 3628 cx
1271 3580 1350 3645 primo

255 3648 387 3687 concursu
415 3634 535 3688 omnibus
566 3638 624 3689 fere
653 3639 813 3693 desiderium
832 3646 906 3712 regis
931 3645 1043 3697 obvenit
1060 3660 1114 3698 non
1132 3648 1218 3701 solum
1239 3648 1350 3715 Graecis,

253 3704 302 3758 sed
328 3707 406 3757 ctiam
434 3708 500 3775 ipsis
526 3709 686 3765 adversariis
714 3721 740 3764 et
760 3716 963 3781 pugnacissimis
987 3716 1070 3782 viris,
1099 3727 1126 3770 et
1155 3735 1266 3788 quorum
1284 3723 1349 3773 actio

253 3792 307 3828 uon
330 3777 405 3831 abest
425 3794 446 3845 a
460 3779 553 3832 hestiis
580 3781 772 3837 ferocissimis:
800 3793 909 3837 veretur
932 3790 1017 3852 enim,
1042 3796 1071 3841 ut
1089 3789 1139 3842 illc
1156 3794 1210 3856 ait,
1229 3792 1349 3846 virtutem

253 3848 299 3899 vel
321 3848 425 3902 hostis:
453 3851 496 3903 illi
520 3861 607 3904 auteur
632 3869 687 3906 uon
711 3857 900 3908 verecundiam
928 3860 1015 3912 solum
1043 3859 1184 3928 habebunt,
1210 3864 1258 3916 scd
1276 3866 1348 3917 etium

252 3925 350 3969 metum
370 3929 397 3971 et
415 3922 576 3975 desiderium
595 3926 680 3978 divini
698 3943 826 3980 ascensus
844 3932 1000 3997 regnantis:
1025 3933 1072 3984 scd
1097 3949 1184 3987 sermo
1204 3936 1238 3987 de
1256 3944 1348 4003 poten.

252 3990 291 4039 tia
310 3990 368 4041 eius
384 3992 492 4059 paulum
511 3994 629 4049 desistat.
1133 4000 1136 4005 ’

354 4076 418 4129 Cum
438 4089 525 4132 autern
540 4086 748 4154 magnitudinem
767 4092 875 4157 generis
897 4091 954 4142 eius
974 4096 1250 4160 commemoravimus,
1268 4110 1346 4163 pauca

254 4148 381 4216 quaedum
400 4151 432 4200 de
452 4148 503 4202 hcc
523 4156 650 4223 diamur,
671 4168 699 4212 ut
719 4170 883 4229 cognoscant
902 4177 1014 4230 omncs,
1034 4174 1175 4233 quantum,
1194 4183 1253 4219 cum
1281 4166 1343 4219 trica

160 4246 173 4285 g·
254 4221 279 4273 ci
292 4216 388 4277 ‘esseut
406 4222 531 4291 maiores,
550 4172 582 4280 όο
601 4229 745 4297 splendore
765 4234 870 4289 virtutis
887 4241 913 4287 ct
929 4234 1035 4303 gloriae
1054 4237 1098 4291 iric
1118 4254 1165 4295 eoa
1184 4238 1346 4309 superauerit
