3017 4892
180 3221 183 3226 Ι
272 3150 334 3201 dimi
353 3164 433 3217 posse
454 3149 648 3219 significabant.

276 372 347 448 ros
567 375 793 470 ,minumus
816 370 1078 445 smmmmn

272 557 327 622 τόν
347 560 382 623 δὲ
403 561 556 641 Καίσαρα
581 556 635 622 διὰ
657 562 750 643 τιμῆς
772 549 898 643 ἔχοντες
927 549 1037 618 ἄνετον
1058 545 1145 634 εἶχον
1164 547 1221 612 καί
1239 555 1320 621 τοῖς
1351 544 1424 610 στ’-

273 663 368 734 κειόις
389 660 523 744 α’μφιόις
545 662 700 742 ἐπίτιμον.
745 652 831 740 ὅμως
853 660 882 721 d'
906 648 963 720 σύν
991 656 1195 741 ἀμφοτέρους
1214 652 1419 753 χροσίνορν

270 758 386 825 ἱκανιύν
407 754 682 825 ἀπαλλάττεσθαι
697 756 875 842 ιλιεμήνυον.

368 862 589 945 Ἀγγελθείσης
620 862 653 924 δὲ
691 862 746 941 τῆς
777 857 897 924 τούτων
927 858 1045 941 τροπῆς
1075 856 1129 919 καί
1158 850 1321 927 όλαύσεως
1353 854 1413 937 τῷ

270 964 445 1046 κρατοῦντι,
467 962 674 1046 ἐκκλησιάσας
695 952 787 1035 ούτος
806 958 859 1023 ε’πί
879 960 1035 1023 παλατιόυ
1058 956 1144 1044 πόση
1165 956 1204 1041 τῇ
1224 957 1435 1039 γερουσίρτῦ

238 1114 244 1145 s
270 1060 424 1127 ἔκπυστον
446 1064 501 1125 καί
523 1059 662 1147 φανερόν
682 1063 809 1145 ἐποίησε
831 1058 865 1125 τό
889 1058 1026 1140 συμβόν.
1043 1047 1114 1121 Ιτού
1136 1056 1171 1119 δὲ
1195 1051 1402 1135 τιμήματος

269 1166 329 1226 τιύν
349 1157 532 1227 ἑαλωκότων
564 1158 811 1247 ἐπιζητουμένου
833 1157 920 1243 παροὶ
958 1162 1018 1223 τῶν
1043 1156 1202 1239 Τούρκων,
1223 1151 1401 1219 ἔσπευδεν

269 1262 286 1325 ό
309 1261 460 1343 βασιλεύς
484 1262 716 1346 ύίὲξωνήσεως
736 1262 866 1335 τούτους
888 1257 1123 1344 χειρώσασθαι.
1166 1257 1400 1331 ε’πικατέλαβε

270 1362 331 1447 γὰρ
356 1364 410 1427 καί
434 1362 451 1426 o‘
477 1361 516 1427 τό
549 1368 658 1447 πρῶτα
683 1369 791 1448 φέρων
817 1361 902 1445 παρὰ
932 1366 973 1447 τῷ
994 1362 1139 1441 Καίσαρι
1164 1356 1206 1431 cic
1226 1355 1395 1428 παιδείας
1443 1379 1448 1385 ·

270 1462 371 1545 λόγων
392 1466 448 1527 καί
468 1470 673 1545 πολυπειρίας
693 1462 918 1545 ἀντεχόμενος,
943 1464 1114 1534 Βοσίλειος
1134 1460 1392 1541 πρωτοσβέστης
1403 1465 1437 1518 10

272 1560 287 1626 ό
315 1569 479 1649 Μαλὲοης,
504 1562 734 1648 ἐλευθερωθείς
757 1568 816 1643 μὲν
845 1566 962 1652 ἐκτῶν
993 1559 1140 1643 Τούρκων
1158 1561 1251 1641 τιμής
1272 1557 1391 1639 ἁδρᾶς

270 1666 329 1751 πρό
353 1669 474 1749 καιροῦ,
497 1668 714 1749 προσληφθείς
743 1667 779 1729 dd
808 1668 851 1753 τῷ
877 1664 1024 1745 Καίσαρι
1046 1661 1210 1745 στρατηγῷ
1233 1661 1292 1721 τοῦ
1318 1678 1388 1719 πο-

269 1772 368 1848 λέμου
393 1766 524 1850 ἔναγχος
557 1767 831 1853 α’ποδεδειγμένρι,
852 1764 1081 1845 συμβουλεύων
1108 1763 1151 1851 τῷ
1169 1765 1305 1842 βασιλεῖ
1322 1783 1384 1822 τα.

270 1872 353 1953 χέως
375 1868 535 1953 πρίασθαι
557 1868 700 1947 τούτους,
722 1866 839 1950 ἵναμή
873 1867 902 1929 οἱ
921 1868 1078 1947 -Τούρκοι,
1102 1862 1146 1936 ὥς
1168 1858 1233 1925 ἔστι
1254 1862 1384 1941 βεβου-

271 1971 419 2049 λευμένον
444 1967 563 2053 ου’τυῖς,
593 1971 728 2048 βασιλέα
757 1964 925 2047 Ῥωμαίων
952 1964 1008 2029 τόν
1031 1966 1184 2044 Καίσαρα
1208 1963 1425 2042 προχειρί-15

204 2148 207 2155 ,
274 2093 405 2149 σωνται,
426 2067 481 2132 καί
501 2067 553 2131 διὰ
577 2071 669 2132 τοῦτο
697 2067 835 2152 μεγάλης
866 2068 1023 2151 ὠφελείας
1044 2060 1131 2146 παροὶ
1156 2061 1380 2137 τούνῬωμοῖ-

272 2172 334 2235 aeds
358 2170 480 2233 πόλεων
501 2172 556 2233 καί
576 2172 690 2249 κωμῶν
708 2168 762 2231 καί
783 2170 947 2234 δυναστῶν
971 2166 1114 2250 α’μαχητί
1136 2156 1376 2240 ἐπιτεύξοιντοιι·

272 2273 362 2335 τούτο
382 2269 458 2354 γάρ,
484 2270 595 2355 φησίν,
618 2266 815 2352 ἐμεμαθήκει
837 2272 1033 2350 μελετῶντος
1058 2264 1187 2341 ου’τούς.
1232 2260 1315 2327 ούτω
1338 2264 1374 2327 δὲ

189 2452 197 2459 ⁴
272 2372 517 2452 συμβουλεύσας
538 2373 640 2445 καλῶς
663 2372 757 2434 ου’δὲν
770 2374 826 2455 τῆς
840 2372 992 2454 τοιαύτης
1014 2364 1163 2431 ἀπώνατο
1177 2366 1376 2447 συμβουλῆς,

271 2472 302 2535 εἰ
319 2468 364 2555 μή
388 2474 442 2534 καί
462 2473 583 2550 μᾶλλον
605 2472 720 2545 οἶόιλιως
741 2469 914 2553 ὑπερορίαν
936 2472 1107 2553 κατεκρίθη
1129 2471 1186 2531 καί
1206 2462 1371 2550 δήμευσιν,
1381 2471 1417 2527 20

273 2562 324 2636 οἶα
349 2572 589 2637 adverterunt
613 2575 668 2637 καί
688 2572 828 2656 πονηροῦ
856 2569 1076 2653 πολεμήτορος.
1120 2563 1224 2650 ἁδρόν
1242 2558 1297 2630 odo
1318 2564 1374 2630 κατ’

270 2676 510 2757 βαρυτόλαντον
528 2674 666 2758 χρυσίου
687 2678 846 2758 ποσότητα
868 2667 1030 2755 συστήσας
1052 2664 1069 2732 ὅ
1089 2669 1267 2753 βασιλεύων
1294 2665 1371 2743 τούς

272 2776 524 2861 ἐξωνησομὲνους
547 2770 668 2852 αύτούς
692 2774 883 2840 ἀπέστειλεν.
927 2773 998 2837 ε’πτί
1018 2772 1054 2835 δὲ
1074 2770 1094 2856 ἦ
1113 2772 1171 2837 τοῦ
1189 2771 1369 2836 Ῥονσελίοο

348 2936 389 2991 12.
407 2940 585 3011 προληφθελτ
604 2938 634 2993 G.

272 3078 380 3145 proprio
399 3076 484 3145 pallio
503 3076 678 3129 honoratum:
691 3082 785 3146 ¹tamen
802 3084 943 3146 utrumque
962 3074 1166 3128 accommodatis
1185 3072 1303 3141 pecuniis
1320 3088 1365 3125 re·

370 3220 435 3274 Cum
463 3222 557 3271 horum
581 3220 644 3288 fuga
671 3229 697 3272 et
716 3220 857 3289 captivitas
875 3221 1028 3289 imperatori
1053 3222 1173 3272 nuntiata
1193 3227 1280 3283 esset,
1300 3233 1363 3269 cou-

271 3292 350 3342 cione
378 3299 527 3343 convocata
553 3291 597 3342 hic
625 3294 651 3341 in
679 3292 779 3357 palatio
810 3294 880 3344 omni
907 3295 1012 3346 senatui
1030 3292 1201 3344 manifestum
1226 3300 1253 3343 ct
1270 3290 1363 3341 clarum

269 3360 384 3412 reddidit
403 3362 517 3413 lactum:
537 3370 617 3431 atque
638 3378 696 3413 cum
714 3379 811 3415 census
838 3367 1003 3431 captivorum
1024 3371 1198 3432 quaereretur
1217 3379 1251 3414 ex
1268 3362 1361 3422 luicis,

269 3432 391 3485 studebat
411 3448 459 3484 rex
477 3434 642 3485 redemtione
660 3434 710 3487 hos
729 3436 871 3503 subigere:
889 3431 1027 3489 assecutus
1046 3437 1115 3487 enim
1133 3436 1160 3487 id
1174 3443 1231 3486 erat
1250 3436 1293 3501 qui
1309 3434 1362 3499 pri-

269 3520 324 3556 mas
343 3504 440 3573 agebat
458 3504 527 3572 apud
546 3504 688 3559 Caesarem
713 3514 806 3573 utpote
835 3508 986 3559 eruditione
1011 3509 1158 3559 orationum
1181 3515 1209 3558 et
1226 3505 1361 3572 experien-

269 3577 478 3642 tiatpraeditus,
504 3576 621 3629 Basilius
641 3577 755 3631 lllaleses
784 3580 1025 3645 protovestiarius:
1051 3578 1222 3646 quiquidem
1242 3576 1360 3628 liberatus

186 3644 192 3681 ·'
268 3647 409 3700 Tuscarum
435 3644 539 3701 honore
558 3647 638 3716 pleno
659 3658 763 3701 mature
789 3658 815 3702 et
833 3650 967 3718 praelatus
983 3650 1090 3703 Caesari
1122 3650 1182 3702 duci
1200 3648 1268 3701 belli
1284 3662 1361 3713 nuper

269 3728 358 3773 creato
387 3720 515 3773 suadebat
543 3722 603 3788 regi
623 3730 652 3773 ut
670 3720 796 3774 celeriter
825 3723 873 3774 hos
894 3729 1013 3786 emeret,
1032 3739 1067 3774 ne
1085 3722 1196 3785 Turcae,
1215 3728 1244 3771 ut
1263 3727 1316 3771 erat
1331 3718 1360 3769 ab

268 3793 301 3843 iis
333 3800 474 3857 statutum,
505 3807 597 3859 regem
619 3793 780 3845 Graecorum
806 3794 948 3847 Caesarem
974 3793 1095 3845 lacerent
1121 3802 1147 3844 et
1168 3793 1237 3844 banc
1263 3791 1359 3843 obrem

268 3876 389 3929 magnam
409 3864 582 3916 utilitatemu
601 3864 710 3917 Graecis
729 3864 838 3917 urbibus
864 3873 891 3916 et
917 3866 994 3933 pagis
1019 3873 1045 3916 et
1071 3865 1184 3917 dominis
1203 3865 1262 3916 sine
1280 3876 1358 3932 pugna

269 3944 468 4000 compararent:
488 3934 540 3986 hoc
561 3935 639 4000 enim,
660 3944 688 3987 ut
707 3936 811 4001 aiebat,
830 3936 971 3988 audiuerat
994 3951 1041 3988 eos
1060 3937 1176 3988 studere.
1215 3950 1358 4003 quamquem

268 4010 355 4054 autem
374 4008 411 4057 ita
441 4014 561 4059 suaserat
580 4006 693 4074 pulchre
712 4007 780 4058 nihil
800 4007 901 4075 proluit
923 4008 947 4057 ei
974 4007 1029 4059 tale
1049 4008 1200 4072 consilium,
1219 4007 1271 4058 nisi
1290 4008 1358 4059 etism

266 4075 352 4143 magis
370 4076 470 4129 iniuste
499 4077 575 4127 exilii
595 4078 729 4129 damnatus
757 4085 843 4130 estet
863 4076 1070 4145 publicationis,
1100 4080 1189 4147 qualia
1203 4078 1262 4130 lieri
1280 4077 1358 4131 solent

266 4143 424 4198 uvioledto
456 4156 482 4199 et
508 4146 613 4199 difficili
635 4148 777 4201 bellatore.
815 4147 921 4215 plenam
950 4164 1014 4219 ergo
1047 4158 1073 4202 et
1099 4165 1209 4219 gravem
1238 4151 1357 4217 pecuniae

266 4217 460 4270 multitudinem
474 4226 612 4286 postquam
633 4221 798 4287 comparavit
814 4235 872 4284 rex,
893 4236 939 4272 eos
958 4223 1004 4291 qui
1023 4222 1168 4275 redemtori
1185 4219 1250 4274 illos
1270 4227 1355 4282 essent,

232 4310 233 4313 ¹
265 4288 373 4342 dimisit.
412 4305 471 4340 cum
495 4299 583 4343 autem
601 4306 669 4343 uxor
687 4290 802 4357 Ruselii‚
822 4306 891 4360 quae
914 4294 942 4344 in
961 4294 1073 4346 castello
1094 4289 1230 4347 bletabolo
1249 4292 1355 4346 libenter
