3017 4892
1042 220 1048 245 ί

266 312 339 387 ίθθ
554 310 777 385 mommo
807 310 1068 383 A‘thiLionE

262 478 392 563 τομον.”
403 480 722 563 ’διακαρτερήσαντες
741 470 801 543 οὖν
814 479 848 544 ἐν
861 478 985 553 τούτοις
1000 474 1183 563 ἀμφότερον
1193 479 1294 561 μέχρι
1309 480 1380 545 τῶν

264 582 471 667 δηλωθεισοδν
494 577 635 664 ῆμερῶν,
667 584 722 644 κατ’
741 578 883 656 σπονδὰς
904 577 1109 664 ποιησάμενοι
1133 582 1188 643 καί
1208 580 1380 663 συνθήκας

262 683 422 767 εἰρηνικάς
429 728 440 758 ,
458 669 533 746 εἶτα
555 679 610 745 καί
630 684 723 764 κῆδος
739 683 792 746 ε’πί
812 688 876 757 τοῖς
895 681 989 756 ἰδίοις
1013 679 1108 745 παισί
1122 680 1379 765 συστησάμενοι,

262 781 363 865 μόνην
384 784 526 859 δεξίωσιν
550 776 654 865 ἁδρὰν
672 785 729 845 τοῦ
746 784 903 862 βασιλέως
921 782 1015 867 ἀν’τῷ
1036 778 1379 863 προσομολογῆσαντος

263 886 387 948 ἐκεῖθεν
408 877 463 947 εἶπ’
483 881 628 966 ἀλλήλων
652 884 928 966 διεχωρίσθησαν,
956 876 1173 956 ἀπολύσαντος
1193 878 1292 973 αδτόν
1314 884 1410 954 τεῆς

264 983 442 1049 σουλτάνου
466 980 525 1047 σίιν
546 986 645 1071 πολλῆ
666 985 703 1073 τῇ
724 985 898 1067 περιπλοκῇ
921 984 974 1047 καί
987 986 1028 1069 τῆ
1051 981 1269 1069 σουτακτηρίῳ
1291 983 1378 1067 τιμή

264 1084 346 1167 πρὸς
365 1081 423 1168 τήν
442 1085 560 1147 οἰκείαν
580 1088 768 1165 βασιλείαν,
798 1083 1046 1176 προσεπιδόντος
1076 1082 1111 1145 δὲ
1133 1085 1189 1147 καί
1207 1086 1271 1147 τῶν
1286 1080 1378 1147 Ῥω-

264 1191 370 1268 μαίων
391 1180 529 1261 ὁπόσους
547 1183 698 1271 ᾐτήσατο,
720 1188 777 1250 καί
797 1189 945 1267 πρέσβεις
971 1182 1005 1247 ἐκ
1029 1186 1093 1248 τῶν
1114 1185 1245 1248 οἰκείων.

366 1287 422 1359 Etr
450 1286 486 1347 δὲ
513 1280 548 1348 sd
583 1287 802 1370 Μαντζικίερτ
829 1281 865 1348 τδ
889 1279 1025 1368 κάστρον
1042 1280 1239 1367 »φθάσαντες
1260 1287 1381 1357 πολλοί

264 1389 327 1451 τῶν
342 1384 509 1466 Ῥωμαίων
529 1394 725 1471 καταφυγεῖν
753 1392 899 1468 κατεῖχον
923 1381 1011 1449 ου’τό.
1067 1378 1111 1459 ὥς
1128 1385 1158 1447 δ’
1179 1378 1195 1445 ὁ
1217 1381 1380 1466 βασιλεδς
1395 1408 1426 1461 1⁰

263 1486 442 1567 ἐπανῆλθε,
466 1488 507 1549 δι’
533 1479 629 1569 ἄλλης
652 1483 730 1551 ὁδοῦ
752 1488 887 1571 α’φὲντες
910 1485 1004 1549 τοῦτο
1026 1486 1140 1548 ἐκεῖνον
1163 1483 1277 1559 νυκτὸς
1301 1487 1378 1561 ε’ξέ-

266 1610 377 1671 φυγον.
422 1586 479 1671 ἀφ’
509 1580 554 1651 οἷν
589 1592 646 1651 καί
666 1610 746 1661 τινες
769 1586 931 1667 πολεμίοις
960 1581 1227 1675 περςπεπτωιιδτες
1252 1585 1378 1653 διεκιν-

265 1684 444 1767 δύνευσαν·
488 1686 519 1752 οἱ
539 1689 569 1751 δ’
587 1680 677 1751 ἄλλοι
708 1685 788 1771 πρὸς
806 1684 847 1751 τὰ
869 1691 1010 1772 σφέτερα
1039 1682 1251 1770 διεσώθησαν.
1297 1682 1377 1753 ὅδὲ

263 1787 416 1869 βασιλευς
441 1786 639 1873 κατηντηκιδς
655 1790 701 1861 εἰς
725 1786 990 1854 Θεοδοσιούπολιυ
1012 1786 1094 1869 μετὰ
1119 1788 1295 1871 Τουρκικῆς
1317 1790 1376 1870 τῆς

264 1892 396 1974 στολῆς,
413 1893 468 1954 καί
489 1889 680 1972 ὑποδεχθεὶς
706 1891 899 1974 φιλοτίμως,
920 1888 1051 1973 ἡμέρας,
1072 1884 1161 1961 τινὰς
1181 1890 1283 1951 ἐκεῖσε
1307 1890 1424 1965 dre-15

264 1995 451 2075 καρτέρήσε,
473 1988 731 2094 θεραπευήμενος
752 1994 812 2070 μὲν
834 1986 890 2073 τήν
911 1998 1022 2072 χεῖρα,
1043 1987 1315 2055 συνδιαναπαδων
1339 1992 1374 2055 δὲ

265 2093 321 2154 καί
342 2087 377 2154 τδ
413 2085 490 2154 ἄλλο
523 2095 617 2171 σῶμα
648 2092 704 2155 καί
736 2088 970 2171 α’νακτιίμενος,
989 2088 1167 2172 Ῥωμαϊκήν
1195 2112 1231 2154 τε
1252 2087 1374 2174 σκευήν

266 2183 340 2275 ἄρτι
364 2191 523 2269 καινίζων,
544 2192 599 2257 καί
618 2188 672 2273 τήν
691 2178 795 2274 ’ἄλλην
818 2192 918 2255 ἐκεῖσε
944 2185 1191 2273 κατασκευάζων
1212 2186 1375 2269 ε’πίτευξιν

173 2297 176 2301 ’
267 2287 322 2355 διὰ
343 2289 377 2355 τό
399 2294 528 2371 μέλλειν
564 2294 610 2366 εἰς
638 2288 677 2354 τοὶ
700 2290 810 2377 πρόσω
841 2292 897 2375 τῆς
917 2287 1091 2375 ιῬωμαίων
1113 2299 1243 2374 χωρεῖν.
1289 2284 1373 2375 ἄρας

268 2384 325 2456 οὖν
353 2393 476 2457 ἐκεῖθεν
507 2389 589 2474 μετοὶ
619 2397 786 2476 βασιλικῆς
814 2395 868 2477 τῆς
898 2396 1013 2476 σκευῆς
1031 2415 1064 2456 τε
1096 2394 1151 2457 καί
1182 2394 1374 2481 προπομπῆς
1384 2419 1420 2472 20

268 2492 353 2581 διήει
371 2491 427 2569 τὰς
448 2493 605 2581 Ἰβηρικῆς
627 2494 746 2577 κώμας,
771 2493 894 2578 ὀλίγους
914 2496 996 2561 πάνυ
1010 2482 1198 2575 καταλαβών
1215 2498 1280 2559 τῶν
1305 2519 1375 2579 φυ.

266 2590 375 2678 μα’δων
395 2599 449 2681 τῆς
466 2593 573 2682 μα’χης
597 2601 813 2684 στρατιωτῶν,
838 2590 894 2672 οὓς
910 2600 965 2661 καί
985 2594 1103 2672 adrosis
1123 2596 1202 2677 μετὰ
1226 2599 1289 2661 τῶν
1310 2611 1375 2661 συ-

266 2701 569 2783 νελευθερωθὲντων
584 2693 651 2783 εἶχε
672 2701 749 2782 μεθ’
769 2695 896 2765 ἑαυτοῦ.
919 2698 952 2766 τὸ
980 2701 1008 2764 δ’
1022 2692 1099 2764 ἄλλο
1121 2692 1242 2783 πλῆθος
1264 2696 1375 2765 συνεί-

135 3030 142 3038 ·
269 3007 401 3077 equidem,
420 3008 516 3079 inquit,
536 3025 591 3063 nou
610 3010 734 3063 imitabor
754 3017 875 3063 austeros
898 3018 956 3064 tuoe
977 3018 1003 3063 et
1021 3008 1144 3061 crudeles
1162 3024 1259 3063 mores.
1293 3019 1373 3078 post·

269 3096 345 3149 quam
364 3080 447 3148 igitur
465 3082 493 3132 iu
507 3080 549 3135 his
568 3081 644 3133 umbo
664 3084 763 3135 versati
783 3090 939 3150 sectusque
953 3083 986 3135 ad
1003 3080 1152 3135 declaratos
1171 3082 1228 3134 dies
1249 3089 1276 3133 ct
1292 3082 1373 3135 iidem

270 3158 297 3202 ct
317 3152 391 3218 pecie
405 3150 488 3219 'pecta
507 3154 658 3218 iunxerunt,
679 3154 776 3205 deinde
792 3155 870 3205 etiam
884 3153 1040 3206 affinitatem
1058 3155 1086 3204 in
1106 3152 1199 3206 liberis
1219 3154 1276 3207 suis
1295 3168 1372 3205 conr.

267 3232 426 3290 posueruut,
445 3224 537 3275 dextra
556 3232 657 3276 tuntum
676 3225 739 3276 fidei
758 3233 827 3277 teste
846 3226 905 3278 datu
934 3227 996 3278 inde
1014 3227 1195 3278 discesserunt
1213 3241 1229 3276 u
1247 3240 1278 3277 so
1297 3226 1373 3278 invi-

270 3308 337 3357 cem,
358 3310 416 3344 cum
436 3294 556 3346 sultunue
584 3311 643 3345 euni
676 3297 821 3348 dimitteret
839 3296 922 3349 multo
951 3314 1010 3349 oum
1037 3296 1160 3363 amplexu
1180 3304 1207 3347 et
1225 3296 1372 3351 honoribus

268 3365 466 3431 prosecutionis
488 3366 521 3417 ed
540 3368 624 3433 ipsius
642 3383 764 3437 regnum,
779 3375 859 3437 atque
878 3370 988 3422 adderet
1006 3371 1085 3421 etium
1101 3369 1270 3433 Graecorum,
1289 3376 1372 3435 quot-

271 3442 336 3504 quot
354 3436 505 3503 requisivit,
526 3446 553 3488 et
570 3437 675 3506 legatos
695 3456 729 3491 ex
747 3442 811 3494 suis.

274 3527 292 3579 .'
370 3524 411 3577 Ad
435 3524 639 3579 Mantrikertum
663 3536 751 3580 autern
780 3528 918 3581 castellum
945 3527 1071 3580 celeriter
1098 3528 1179 3579 ¹multi
1212 3528 1373 3581 Graecorum

270 3594 459 3665 confugientes
478 3598 505 3649 id
523 3605 674 3651 tenuerunt.
712 3616 771 3651 cum
790 3610 877 3652 eutem
894 3616 943 3654 rex
956 3600 1010 3652 ulia
1028 3600 1074 3652 via
1090 3600 1200 3663 rediret,
1220 3600 1318 3653 relicto
1339 3614 1371 3651 εο

268 3668 312 3719 illi
330 3676 410 3719 nocto
432 3668 573 3737 fugerunt:
595 3688 628 3723 ex
647 3672 742 3741 quibus
763 3675 841 3724 etiarn
859 3672 905 3724 ulii
935 3672 1074 3737 inhostes
1092 3672 1242 3723 incidentes
1260 3673 1371 3739 pericu.

268 3740 325 3792 lum
344 3741 496 3806 subierunt,
525 3745 609 3795 ceteri
633 3746 661 3795 iu
684 3761 733 3797 suu
762 3745 909 3796 incolumes
933 3750 1074 3795 venerunt.
1117 3760 1165 3795 rex
1184 3751 1290 3807 sutem,
1310 3760 1371 3794 cunr

229 3827 238 3854 x
270 3812 424 3866 advenisset
442 3812 668 3883 Theodosiopolin
687 3833 746 3867 cum
765 3819 871 3884 agmine
890 3815 1000 3867 Turcico
1030 3823 1057 3866 et
1075 3814 1224 3867 honorifice
1243 3824 1372 3882 exceptus

271 3890 357 3946 esset,
385 3884 442 3936 dies
466 3886 610 3939 nonnullos
629 3887 666 3937 ibi
691 3896 807 3940 moratus
827 3894 877 3950 ost,
897 3902 992 3939 cursus
1022 3902 1124 3938 manum
1144 3902 1218 3939 suern
1238 3886 1372 3954 simulque

268 3951 403 4019 reliquum
421 3955 545 4008 reficiens
565 3972 661 4025 corpus
681 3967 708 4009 ct
727 3960 869 4011 restituens
891 3959 1071 4025 Graecumque
1096 3967 1249 4026 apparatum
1268 3972 1371 4011 noveno

270 4029 350 4088 atque
369 4031 459 4076 cetero
483 4028 519 4077 ibi
539 4044 634 4094 paruus
653 4031 840 4096 impedimento
872 4031 934 4096 quio
952 4029 1060 4097 longius
1087 4033 1113 4081 in
1133 4032 1295 4084 Graecorum
1312 4039 1372 4081 ter.

269 4107 325 4145 rum
349 4109 522 4159 processurus
549 4110 612 4151 eret.
651 4102 787 4167 proiectus
815 4101 896 4166 igitur
924 4101 984 4152 inde
1010 4118 1068 4153 oum
1094 4104 1170 4171 regio
1196 4110 1323 4170 apparatu
1345 4108 1373 4152 et

270 4166 396 4217 comitutu
414 4166 532 4222 ibericos
552 4187 636 4239 pagos
654 4173 817 4240 peregrum,
837 4186 936 4238 puucos
954 4175 1061 4225 omnino
1080 4175 1217 4243 recipiens
1238 4174 1372 4242 fugitivo.

269 4251 328 4291 rum
346 4236 445 4305 proelii
462 4239 585 4310 militum,
604 4258 671 4312 quos
691 4253 718 4296 et
745 4243 818 4311 ipsos
839 4258 896 4297 oum
916 4243 1036 4300 liberetis
1054 4261 1145 4300 secum
1164 4245 1287 4313 habebut,
1323 4260 1371 4297 re-
