3017 4892
317 263 392 334 affl
614 257 832 328 intendinus
864 259 1135 330 miluom!

205 493 207 500 A
317 432 417 495 κετόνο
441 433 481 514 τῇ
499 425 669 508 Ῥωμαίων
689 427 777 509 όρχῇ
797 428 1003 506 συνεκέρασε.
1025 427 1208 489 δέδεικται
1231 421 1302 506 γὰρ
1323 426 1355 488 έν
1373 426 1424 488 τιό-

316 555 379 596 των
405 525 454 593 ότι
476 532 537 593 τῶν
560 527 719 608 προτέρων
743 529 801 588 τοῦ
820 524 1042 612 γένουςαότοό
1066 524 1265 607 δυστήνων
1289 530 1424 608 νατορδα·

316 633 428 713 μα’των
448 627 503 693 κοί
517 630 572 711 τῆς
596 629 745 709 κοσμικῆς
767 625 969 702 καταλόσεως
997 629 1091 693 τοῦτο
1127 630 1289 708 κορωνίς
1319 631 1424 708 κατέστη

315 723 371 796 καί
391 733 477 806 τέλος
494 728 649 794 ἀ’παίσιον
672 725 727 792 καί
746 731 913 792 τελευταία
934 726 1036 812 πληγὴ
1061 731 1118 792 καί
1159 729 1230 810 τῆς
1266 721 1352 800 ἓώος
1375 726 1424 812 ε’ρη-

314 856 426 912 nourr.
1016 877 1025 890 ι
1428 846 1436 894 t

374 931 465 1000 Ἀλλ’
487 931 504 997 ό
524 935 584 1014 μέν
600 925 701 1006 οὕτως
716 933 773 994 καί
783 927 965 1013 πεποιηκός
980 928 1035 994 καί
1045 928 1174 995 nareis
1192 920 1331 1005 ὄνειδος
1350 926 1424 1018 {unp

314 1039 369 1100 καί
382 1033 555 1116 ἁμαρτάδα
579 1028 686 1114 δεινήν
706 1029 922 1114 περιήνεγκεν·
946 1024 1020 1114 ripn
1036 1033 1071 1095 δὲ
1083 1034 1148 1096 τοῦ
1173 1029 1367 1112 όκτωβρίου
1381 1059 1423 1113 μη-

315 1135 370 1210 νός
385 1138 441 1216 τῆς
453 1137 560 1216 τρίτης
578 1134 776 1206 ι’νδικτιοῖνυς
791 1128 1009 1212 ἐνισταμένου,
1024 1131 1194 1213 κεραυνός
1209 1127 1422 1214 ἐπεσκηφαςίν

312 1236 355 1322 τῷ
372 1234 497 1322 μεγόλφ
510 1237 590 1296 κίονι
605 1233 663 1296 τοῦ
674 1235 975 1296 Κωνσταντινιοκοδ
989 1231 1103 1319 φόρου,
1126 1225 1179 1296 οὖ
1193 1228 1289 1296 κατὰ
1303 1233 1419 1318 κεφαλὴν

316 1335 488 1420 δφίδρυμα
507 1338 655 1416 μέγιστον
676 1333 801 1415 χολκοό
821 1339 1042 1417 πεποιημένον,
1069 1331 1214 1416 οἷνὴλιος
1242 1335 1283 1396 δὲ
1316 1336 1437 1415 λεγόμεη

316 1458 382 1516 νον,
403 1437 543 1517 ἵδρυται,
564 1437 662 1516 μέρος
680 1437 740 1515 μέν
760 1456 793 1499 τι
815 1435 871 1498 τιό
894 1437 995 1509 κίονος
1014 1439 1049 1499 ἐν
1069 1437 1107 1521 τῇ
1121 1431 1301 1518 όκρότητι
1323 1437 1416 1515 ripast-

318 1539 454 1622 φολίδας
476 1538 616 1614 διέτεμε,
652 1536 819 1616 ζωστῆρας
842 1535 877 1597 δέ
911 1531 1027 1598 τοότου
1057 1544 1157 1620 τρεῖς,
1190 1534 1358 1618 σιδηροός
1374 1537 1415 1612 μὲν

314 1635 354 1703 τό
377 1635 491 1717 ἔνδον,
515 1636 622 1724 palso?
644 1637 680 1699 δὲ
704 1639 987 1718 περιειλημμένους
1008 1634 1149 1719 ἔξωθεν,
1172 1637 1360 1717 κατέρραξε
1378 1639 1412 1696 τοί

316 1740 472 1815 διέκοψεν,
493 1735 675 1818 α’νδροέπων
699 1736 735 1798 δὲ
757 1734 873 1798 οόδένα
896 1720 973 1799 odoi
992 1740 1055 1801 τοῖν
1081 1736 1217 1833 α’λόγων
1243 1733 1338 1814 ζώων
1355 1739 1410 1799 ἕλο-

313 1834 437 1918 βὴσατό
459 1863 498 1901 τι.
543 1839 619 1901 ου’δέ
638 1863 670 1901 τι
701 1835 789 1918 ἴχνος
823 1833 943 1900 καπνόν
968 1838 1231 1922 τεκμαιρόμενον
1267 1836 1323 1902 τόν
1347 1841 1427 1907 κίοιτε

314 1932 467 2020 ὕβρισεν,
498 1940 566 2002 ἀλλ’
589 1934 607 2022 ἦ
632 1941 689 2002 τοῦ
709 1940 867 2021 κεραυνοῦ
888 1936 1070 2023 σφοδρότης
1092 1933 1206 2022 ὥσπερ
1245 1962 1296 2012 τις
1325 1935 1406 2012 όνιμ.
1438 1992 1439 2017 ,

316 2040 372 2102 αίο
385 2036 443 2120 τῆν
457 2037 555 2122 φύσιν
576 2039 792 2120 τυγχάνουσα,
805 2040 864 2121 τὴν
881 2039 912 2100 δ’
924 2036 1021 2119 ἶσχόν
1034 2039 1318 2120 δυσπαρόδεκτος,
1332 2030 1405 2105 οὗτος

317 2138 514 2219 ἀνυβρίστως
535 2143 571 2202 τὸ
592 2145 779 2222 τηλικοῦτον
789 2137 881 2222 ἔργον
896 2139 952 2203 καί
968 2139 1026 2219 τὴν
1044 2143 1104 2202 τοό
1122 2137 1272 2223 σιδήρου
1288 2140 1403 2218 καίγτλ-

315 2239 373 2300 κοῦ
393 2237 587 2321 στερρότητα
618 2238 662 2312 ὥς
694 2236 728 2301 τό
760 2241 897 2321 λα’χανον
927 2237 1098 2323 έξεθέρισε.
1144 2243 1204 2304 καί
1234 2238 1296 2314 τός
1325 2239 1401 2307 οἰτίις

312 2342 376 2401 τῶν
399 2340 560 2419 κεραυνῷν
585 2331 674 2401 ἄλλοι
696 2341 755 2417 μὲν
779 2333 874 2412 ἄλλος
894 2342 1040 2420 ε’δίδουν,
1068 2342 1171 2424 ἕτεροι
1196 2345 1238 2405 δέ
1263 2338 1420 2419 rivopollen

315 2435 345 2501 οἱ
367 2440 426 2516 μὲν
442 2437 503 2519 γόρ
524 2442 746 2521 μαθηματικοί
766 2441 921 2522 ποτάμιον
941 2435 1024 2505 εἶναι
1045 2444 1140 2507 τοῦτο
1164 2445 1233 2526 πόρ
1254 2445 1291 2506 έκ
1309 2459 1398 2526 φυσιν·

314 2542 422 2621 λογίας
450 2542 656 2623 ἐφθέγγοντο,
688 2544 725 2627 τῇ
747 2546 938 2627 τῶννεφοόν
958 2541 1148 2628 συγκροόσει
1171 2548 1232 2609 καί
1262 2539 1396 2623 despolier

313 2639 527 2722 γεννώμενον·
570 2647 760 2727 λεπτομερὲς
783 2645 813 2706 δ’
831 2641 864 2717 ές
877 2635 967 2726 ἄγον,
979 2650 1034 2710 καί
1053 2654 1120 2720 τοῖς
1133 2644 1319 2717 όντιτόποις
1335 2642 1396 2721 μᾶλ-

386 2797 412 2849 9.
432 2803 651 2856 κωνστονιακοό
671 2800 702 2856 G.
795 2803 836 2854 li.
854 2807 956 2877 μέντοι
974 2767 1014 2861 Gn

315 2942 399 2995 sarius
417 2943 511 2996 tribuit
532 2953 559 2997 et
576 2945 655 2998 talem
675 2948 776 3015 lpotum
794 2948 972 3004 Romanorum
999 2954 1113 3020 imperio
1131 2955 1249 3007 miscuit.
1285 2957 1389 3006 monstrt
1430 2974 1432 3025 η

313 3019 368 3064 inm
389 3016 457 3066 enim
478 3024 519 3068 est
536 3017 639 3085 erbis,
656 3021 774 3087 priorum
792 3024 901 3090 generis
921 3022 978 3075 eiua
995 3025 1110 3077 tristium
1132 3026 1265 3080 factorum
1284 3033 1310 3077 et
1324 3031 1389 3074 terre·
1432 3032 1434 3103 η

314 3099 364 3135 ιντο
384 3089 534 3139 eversionis
564 3089 615 3141 hoe
641 3093 775 3144 adstitisse
801 3092 937 3163 fastigium
964 3103 992 3146 et
1017 3097 1096 3148 linem
1124 3097 1232 3150 fatalem
1251 3105 1279 3150 et
1296 3095 1389 3147 dmin
1431 3118 1435 3153 ,s

312 3156 393 3208 ictum
413 3166 440 3209 et
458 3161 569 3212 orientis
588 3162 771 3214 solitudinem.

412 3245 464 3296 Sed
487 3249 509 3299 is
538 3252 652 3302 sumita
680 3252 781 3318 egisset
806 3261 832 3303 et
856 3270 950 3321 passus
976 3265 1063 3321 esset,
1082 3257 1207 3324 probrum
1226 3259 1277 3312 silti
1296 3264 1320 3308 et
1334 3251 1386 3306 deli·

314 3322 393 3366 etnm·
409 3316 492 3367 dirum
523 3320 645 3372 contulit.
689 3322 747 3373 e'um
772 3325 850 3376 modo
877 3327 988 3379 october
1012 3330 1111 3380 mensis
1135 3331 1231 3382 tertiae
1259 3323 1386 3381 indictionis
1429 3338 1433 3402 η’

312 3387 426 3451 adesset,
448 3387 548 3441 fulmen
563 3392 667 3444 irruens
685 3393 714 3444 iu
727 3409 847 3464 magnam
868 3397 1015 3451 columnam
1030 3400 1082 3453 lori
1093 3400 1312 3464 Constantiniani,
1329 3397 1383 3448 cdo
1431 3410 1433 3447 l

313 3459 340 3509 in
362 3459 450 3522 capite
472 3459 576 3525 signum
595 3465 736 3515 maximum
755 3482 878 3532 aeneum,
898 3470 965 3522 solis
985 3487 1081 3539 expers
1102 3475 1276 3538 nominatum,
1294 3478 1330 3524 est
1347 3479 1383 3534 pt·
1432 3456 1436 3539 l

312 3529 401 3592 situm,
420 3537 522 3595 portem
543 3532 683 3586 columnae
701 3538 728 3588 in
748 3536 857 3606 fastigio
870 3540 981 3608 capituli
991 3542 1107 3608 discidit,
1127 3559 1208 3597 nonas
1227 3553 1310 3596 autem
1326 3539 1382 3617 lolli

312 3608 376 3663 tres,
397 3599 498 3653 ferreus
519 3604 609 3671 intus,
631 3623 695 3658 aere
714 3617 801 3660 autem
823 3611 1014 3666 circumductas
1034 3623 1118 3680 extra,
1139 3618 1252 3684 disrupit
1270 3623 1295 3666 et
1310 3623 1380 3664 ronti·

312 3671 358 3734 dit,
378 3670 512 3724 hominum
531 3683 618 3727 autem
638 3680 770 3731 neminem
789 3696 878 3748 neque
903 3684 1040 3737 brutorum
1059 3687 1210 3740 animalium
1229 3689 1317 3741 dunno
1333 3679 1381 3733 tle·

311 3742 348 3792 oit
366 3744 521 3812 quidquam:
541 3763 629 3816 neque
649 3753 793 3820 vestigium
813 3752 910 3806 fumum
927 3757 1082 3824 significans
1108 3758 1256 3811 columnam
1274 3756 1378 3832 deformis

311 3813 367 3864 vit:
387 3816 432 3867 sed
453 3817 571 3871 fulminis
591 3819 771 3887 vehementia,
797 3827 873 3892 quasi
894 3835 1006 3881 ventosa
1029 3836 1124 3882 natura
1144 3838 1171 3882 et
1189 3832 1216 3881 vi
1235 3845 1287 3883 non
1304 3824 1379 3888 reeipi-

312 3883 393 3948 enda,
418 3888 455 3939 ita
478 3904 532 3941 non
557 3891 728 3944 deformando
757 3893 810 3945 tale
837 3911 903 3963 opus
933 3906 959 3948 et
978 3900 1042 3951 ferri
1068 3908 1148 3969 atque
1172 3903 1241 3954 neris
1260 3900 1379 3954 firmitattfl

310 3959 432 4019 tauquam
454 3959 561 4012 herbam
590 3964 757 4024 demetebat:
783 3974 862 4035 atque
888 3983 980 4021 causas
1000 3970 1139 4023 fulminum
1167 3971 1214 4024 alii
1233 3964 1375 4044 ulisstnle·

254 4068 258 4072 .
310 4022 389 4107 δεον,
404 4026 450 4078 alii
470 4042 557 4084 autem
577 4036 729 4089 dissimiles.
767 4037 947 4090 mathematici
968 4042 1037 4092 enim
1056 4042 1190 4096 fiuvialem
1204 4059 1266 4099 esse
1284 4045 1377 4111 ignoti

311 4094 484 4165 physiologis
512 4108 735 4173 pronuntiabunt,
760 4109 869 4160 nubium
898 4115 1056 4166 contusione
1075 4124 1102 4168 et
1126 4117 1288 4183 disruptione
1304 4115 1377 4166 οδῐῑλῑς
1431 4128 1432 4143 ³

311 4171 418 4220 tenuem
444 4169 522 4223 valde
550 4183 576 4227 et
603 4179 699 4236 ictibus
726 4183 867 4252 magisque
886 4181 987 4236 latente
1015 4187 1045 4240 ri
1071 4194 1097 4239 et
1117 4189 1291 4244 concussione
1303 4181 1375 4238 illium
1429 4144 1433 4257 l
