3017 4892
281 345 334 435 598
590 353 810 431 mrcaautto
841 352 1101 430 amictoria

286 539 339 601 διὰ
370 539 504 618 χειλέων
538 538 596 599 τοῦ
619 538 789 625 Διογένους
811 531 1058 618 ὁμολογούμενον
1082 535 1256 622 ἐπυθόμην.
1300 562 1406 621 γενο-

283 641 387 719 μένων
411 639 446 699 δὲ
466 633 664 720 γραμμάτων
686 636 765 719 πρός
780 634 916 710 ἐκείνους
937 626 1026 723 ἐφ’ῆι
1048 640 1232 721 τελεσθῆναι
1257 644 1313 704 καί
1335 639 1428 717 τοὶς-

283 738 447 822 συνθῆκας
469 738 509 799 δι’
526 730 633 820 όρκου,
653 739 714 800 τῶν
735 734 925 818 συμβούλων
947 738 1048 799 αύτού
1069 760 1125 816 τις,
1147 734 1183 800 τό
1205 743 1293 820 γένος
1313 744 1403 825 Ἀρ-

266 844 399 919 Ιμε’νιος,
422 837 457 911 ὃς
479 841 534 900 καί
554 837 632 920 πρός
653 835 686 901 τό
714 834 805 920 ἔργον
828 835 929 901 adeda
947 836 1100 918 μειζόνως
1122 840 1285 922 ἠρέθισεν,
1312 842 1397 905 ἐπε-

282 939 478 1019 βουλεύσαεο
503 936 611 1027 ταύτην,
634 940 688 1002 καί
709 938 889 1018 συμπείσας
911 939 1097 1003 α’ποστεῖλαι
1122 938 1196 1015 τούς
1219 940 1299 1027 ἄμφ’
1324 945 1426 1006 συὶ-5

281 1040 335 1105 τόν
358 1037 499 1125 μηνυτὰς
515 1040 576 1103 τῶν
590 1041 859 1120 βεβουλευμένων,
883 1038 962 1122 πρός
975 1036 1153 1119 σύμπνοιαν
1175 1034 1304 1119 ἄξοντας
1324 1048 1396 1109 τεόν

280 1164 316 1205 τε
339 1140 599 1225 στρατηγούντων
630 1139 685 1203 καί
714 1144 779 1203 τῶν
806 1135 951 1223 ύπηκόων
971 1138 1081 1219 τινάς,
1113 1140 1157 1215 σός
1180 1135 1263 1205 είόεν
1287 1142 1393 1209 αύτόν

281 1245 476 1324 ἐψιλωμένον
498 1243 618 1326 χειρός,
641 1250 788 1305 κατεῖπεν
810 1240 911 1305 adrev*
932 1242 966 1305 ἐν
988 1251 1054 1333 τοῖς
1081 1242 1248 1324 ἐγχωρίοις
1268 1238 1310 1318 τός
1336 1242 1389 1329 εἴη

227 1417 238 1428 ,
278 1342 501 1427 μεμελετηκώς
512 1344 718 1424 α’πσστασίαν,
742 1346 862 1424 μᾶλλον
879 1345 913 1405 δὲ
930 1345 1102 1426 προδοσίαν
1119 1344 1225 1407 αύτεόν
1242 1344 1286 1417 εἰς
1307 1347 1390 1421 τούς
1417 1400 1421 1407 .

281 1439 505 1529 Σαυρομάτας,
548 1448 605 1509 καί
624 1443 704 1527 πρὸς
726 1442 833 1522 θυμόν
862 1444 1043 1527 διερεθίσας
1064 1443 1183 1519 αύτούς
1204 1446 1388 1511 ἐπιτίθεται
1403 1454 1435 1506 10

280 1548 381 1634 ταύτην
403 1546 544 1630 α’θρόον,
567 1547 623 1608 καί
642 1545 738 1626 μόνον
771 1542 913 1629 εύρηκαός
934 1544 1151 1627 συλλαμβάνει
1179 1545 1234 1610 καί
1261 1547 1304 1621 εἰς
1328 1547 1388 1632 τῆν

279 1645 512 1729 βασιλεύουσαν
534 1637 605 1729 ἄγει
627 1646 804 1727 όεσμιότην,
826 1648 916 1721 όίκας
929 1650 988 1710 τοῦ
1008 1646 1206 1729 τολμήματος
1227 1650 1385 1715 όοόσοντα.

280 1747 400 1832 κριθείς
411 1749 520 1813 τοίνυν
540 1744 627 1830 παρὰ
643 1750 705 1810 τεόν
720 1746 851 1831 προότων
867 1750 922 1829 τῆς
936 1748 1108 1831 συγκλήτου
1121 1750 1240 1831 βουλῆς
1259 1751 1303 1837 τῷ
1318 1753 1386 1813 τεόν

278 1845 455 1931 ἐπιβούλων
477 1846 562 1937 νόμιρ
576 1842 665 1922 ,ἓοόλω
686 1848 740 1912 καί
757 1850 982 1933 κατεψηφίσθη
1006 1852 1124 1933 θανεῖν,
1147 1846 1191 1933 μῆ
1216 1850 1384 1932 α’ντερίσας

278 1943 507 2032 ῆσίντιθὲσεις
537 1949 739 2030 πλασσόμενος
768 1944 789 2033 ej*
809 1945 866 2032 τῆν
890 1952 1078 2034 κατηγορίαν
1108 1948 1382 2034 α’παρνησόμενος,
1392 1964 1428 2015 15

278 2042 348 2113 ἄλλ’
365 2049 568 2132 αότόλεγκτος
585 2052 619 2113 ἐκ
640 2053 696 2134 τῆς
717 2049 885 2133 ὁμολογίας
903 2050 1076 2132 γενόμενος.
1101 2052 1131 2114 εἰ
1152 2052 1187 2114 dd
1204 2054 1260 2115 xci
1280 2047 1380 2125 ου’τός

278 2154 343 2214 τῶν
375 2149 574 2215 δικασάντων
601 2155 698 2235 μέρος
721 2150 888 2233 ὑπῆρχον,
910 2147 1018 2217 ἴσασιν
1040 2148 1070 2215 οῖ
1091 2156 1212 2216 πολλοί.
1254 2148 1303 2214 tat
1326 2150 1383 2215 καί

278 2250 432 2339 ύπερορίηι
453 2249 617 2335 ἀπεστάλη
639 2248 719 2333 πρός
745 2255 860 2335 νῆσον,
882 2254 978 2316 πᾶσιν
998 2246 1091 2316 οἷνιόιν
1115 2255 1280 2333 ἐνθέμενος
1309 2244 1381 2316 ὅσοι

276 2356 331 2437 τῆς
347 2352 449 2416 αότοό
466 2349 606 2437 νεότητος
621 2345 643 2435 ῆ
656 2356 711 2416 καί
724 2350 943 2436 γενναιότητος
965 2355 997 2417 ἐν
1018 2355 1111 2441 πείρᾳ
1128 2356 1327 2417 καθίσταντο.
1350 2349 1381 2417 οῖ

277 2454 307 2516 d’
330 2451 516 2534 α’γνοσύντες
538 2451 636 2517 αύτόν
659 2455 693 2517 ἐκ
715 2455 776 2517 ταῖν
797 2438 936 2519 εἰδότων·
949 2450 1248 2537 παραλαμβάνοντες
1271 2434 1422 2538 tinio-20

121 2564 126 2579 '
210 2602 218 2613 .
274 2573 335 2637 χον
357 2556 389 2644 ξξ
406 2554 501 2637 α’κοῆς
522 2558 673 2649 ε’ρασταί·
697 2557 752 2618 κατ’
774 2552 827 2617 dcci
851 2557 944 2619 τούτο
960 2556 1001 2618 dt'
1017 2558 1120 2641 εὐχῆς
1142 2548 1182 2637 ῆν
1205 2564 1270 2629 τοϊς
1289 2551 1375 2630 όλοις

260 2654 433 2739 ’ἀνώτερον
454 2658 603 2738 γενέσθαι
623 2653 677 2719 τόν
699 2647 801 2738 ἄνδρα
815 2660 1033 2739 κολαστηρίων
1045 2654 1102 2723 καί,
1116 2660 1312 2740 χαρισθῆναι
1337 2659 1378 2741 τῇ

346 2844 372 2896 6.
384 2842 508 2922 Ιόίξοντες
526 2841 556 2894 G.
633 2841 674 2894 13.
695 2844 818 2911 κριθεὶς]
830 2844 878 2895 καὶ
895 2844 955 2899 θεὶς
975 2841 1005 2895 (λ.

275 2998 374 3067 phoras
393 2999 520 3067 magister
538 2996 714 3048 Botnniates:
741 2996 793 3046 hoc
813 2997 882 3047 enim
900 2998 965 3063 ipsis
986 2997 1078 3051 labris·
1095 3000 1167 3068 (ipso
1187 3001 1248 3066 ore)
1267 2998 1370 3067 Dioge.

274 3072 315 3123 nis
334 3070 514 3121 confirmatum
532 3068 660 3134 comperi.
698 3068 785 3119 missis
805 3075 891 3119 autem
912 3070 1019 3135 scriptis
1045 3070 1078 3121 ad
1101 3070 1181 3133 illos,
1206 3078 1235 3119 ut
1260 3084 1369 3136 compo.
1459 3104 1461 3115 .

272 3150 401 3193 narentur
423 3137 502 3190 etiam
523 3141 660 3205 pactiones
679 3139 860 3203 iureiurando,
875 3140 1087 3193 consiliariorum
1113 3142 1172 3191 eius
1193 3141 1306 3208 quidam,
1319 3157 1369 3208 ge.

272 3228 339 3263 nere
368 3213 527 3273 Armenius,
556 3210 600 3277 qni
627 3211 705 3262 etiam
730 3210 763 3261 ad
783 3209 880 3262 iactum
901 3230 960 3265 eum
979 3214 1064 3281 magis
1084 3213 1241 3275 uitauerat,
1261 3213 1369 3263 insidias

273 3284 336 3334 huic
354 3283 451 3333 struxit
469 3288 497 3330 et
515 3282 677 3348 persuadens
697 3282 740 3345 ei,
760 3290 789 3331 ut
807 3283 924 3336 mitteret
944 3299 1007 3337 snos
1024 3284 1128 3336 indices
1148 3282 1319 3335 consiliorum
1338 3284 1370 3335 ad

272 3355 429 3406 societatem
446 3352 614 3405 traducturos
633 3354 759 3421 quosdam
773 3354 867 3405 dacum
888 3366 914 3407 et
932 3356 1120 3420 subiectorum,
1147 3364 1285 3423 postquam
1303 3356 1370 3406 vidit
1387 3358 1392 3363 '

272 3440 332 3475 eum
350 3423 474 3474 nudatum
491 3440 579 3487 mann,
599 3427 735 3477 accusavit
754 3442 813 3476 eum
832 3426 901 3492 apud
918 3427 1031 3492 incolas,
1049 3429 1124 3495 quasi
1142 3428 1281 3479 meditatus
1299 3434 1370 3478 esset

272 3496 461 3559 deiectionem,
484 3497 543 3547 sive
564 3496 652 3560 potins
671 3498 849 3563 proditionem
870 3514 960 3551 eorum
981 3501 1013 3550 ad
1033 3499 1209 3562 Sauromatas,
1230 3504 1257 3549 et
1281 3500 1366 3548 animo

271 3568 385 3619 incitans
406 3580 452 3618 eos
470 3566 610 3619 insidiatur
630 3568 692 3619 huic
711 3569 789 3619 simul
810 3578 836 3621 et
855 3571 940 3623 solum
962 3572 1103 3623 inveniens
1124 3569 1324 3637 comprehendit
1342 3577 1369 3619 et

270 3639 303 3691 ad
321 3640 423 3708 regiam
442 3638 514 3691 ducit
533 3641 683 3707 captivum,
704 3656 804 3707 poenas
823 3643 925 3709 incepti
947 3643 1075 3694 daturum.
1103 3642 1234 3694 iudicatus
1253 3642 1334 3707 igitur
1352 3654 1367 3690 a

270 3712 435 3778 principibus
466 3713 607 3763 convocati
631 3721 739 3764 senatus
767 3712 829 3780 iege
854 3715 1037 3775 insidiatorum
1065 3713 1247 3780 deprehensus
1274 3719 1314 3779 cst
1341 3720 1368 3762 et

269 3784 405 3836 damnatus
421 3785 523 3850 mortis,
543 3799 597 3835 non
618 3786 804 3836 contradicens
824 3794 869 3835 aut
887 3788 1071 3851 oppositiones
1091 3786 1194 3855 fingens
1214 3792 1260 3835 out
1285 3798 1367 3834 occu.

269 3856 400 3906 sationem
419 3871 531 3922 negans,
551 3856 597 3907 sed
617 3858 758 3908 convictus
777 3858 835 3923 ipse
855 3859 1041 3908 concessione.
1079 3873 1141 3908 num
1160 3864 1248 3908 autem
1268 3856 1366 3920 etipse

269 3926 385 3976 iudicum
402 3942 464 3993 pars
483 3927 598 3990 inerim,
628 3930 715 3979 scinut
734 3926 868 3994 plerique,
888 3928 1058 3994 quamobrem
1079 3930 1157 3979 ctiam
1178 3926 1260 3978 exilio
1273 3928 1367 3977 missus

270 4004 311 4047 est
328 3998 361 4047 ad
379 3997 502 4061 insulam,
523 3998 644 4050 omnibus
663 3999 857 4065 aegritudinem
883 4001 1031 4064 imponens,
1058 4002 1211 4068 quicunque
1241 4000 1298 4049 eius
1323 3998 1367 4047 in-

267 4074 406 4118 ventutem
430 4077 476 4119 aut
502 4071 581 4119 etiam
606 4070 773 4121 nobilitatem
799 4070 901 4135 experti
927 4081 1016 4134 erant3
1037 4074 1083 4139 qui
1108 4080 1195 4122 autem
1214 4071 1368 4138 ignorarent

269 4153 339 4202 eum,
358 4153 373 4188 a
392 4140 538 4190 scientibus
557 4141 694 4192 audientes
713 4138 813 4190 fiebant
831 4142 961 4191 audiendo
988 4145 1046 4195 eius
1074 4152 1221 4206 amatores,
1251 4149 1277 4191 et
1301 4154 1367 4205 pro.

266 4218 360 4278 pterea
380 4211 500 4263 omnibus
526 4220 590 4263 voto
619 4221 692 4275 erat,
712 4210 877 4277 superiorem
903 4213 962 4263 fieri
990 4217 1076 4266 virum
1100 4216 1194 4283 poenis
1220 4219 1246 4263 et
1274 4210 1367 4262 donari

268 4283 429 4342 Graecorum
454 4284 576 4353 imperio.
614 4298 674 4333 cum
699 4290 788 4334 autem
808 4284 887 4335 etiam
906 4286 1046 4339 consilium
1067 4289 1119 4340 viri
1136 4300 1191 4338 non
1210 4285 1308 4338 amoris
1327 4282 1366 4339 sni
