3017 4892
571 363 781 442 monti.
1154 370 1227 449 211

223 536 271 597 Ἓν
291 528 395 621 τοότηι
416 531 452 595 δὲ
475 530 520 617 τῷ
541 524 606 595 ότει
628 532 683 594 καί
702 527 819 615 τίροιτό
841 552 910 593 τινα
935 527 1162 614 κατεφάνησαν
1184 534 1232 607 τίς

15 659 19 665 ’
116 635 182 720 την
203 632 375 711 Βύζαντος.
420 632 553 715 τρίπους
574 654 607 695 τε
637 627 699 715 γόρ
724 624 812 714 όρνις
831 628 1002 715 ἐγεννήθη,
1024 633 1080 695 καί
1101 633 1231 699 παιδίον
1308 616 1317 632 ’

118 734 242 819 ἐτέχθη
272 732 522 815 usti-‚paones
551 728 626 813 ἔχον
655 730 710 796 τόν
731 729 904 817 ὀφθαλμόν
915 770 930 809 ,·
959 733 1015 796 καί
1040 734 1151 814 τοῦτον
1174 733 1230 799 ἕνα

119 839 181 901 καί
189 834 312 918 μόνον,
326 834 540 919 Ι,τραηιοσιιελὲς
561 832 596 897 δὲ
617 830 693 908 τοός
718 829 842 910 πόδας·
885 834 941 897 καί
961 834 1116 919 προτεθὲν
1135 835 1169 898 ἐν
1190 836 1232 919 τῇ

91 940 188 1004 brois
207 935 411 1019 διακονίσσης
440 931 576 1022 δημοσίρ
604 925 747 1022 παρόδῳΙ
772 931 939 1015 κλαυθμόν
976 935 1064 1019 ἠφίει
1094 932 1231 1018 παιδικῷ

122 1035 343 1124 προσεοικότα.
389 1034 445 1099 δόο
467 1036 503 1098 δὲ
525 1035 587 1097 τῶν
610 1026 781 1101 duoviros
802 1036 1003 1117 στρατιωτῶν
1023 1036 1153 1121 πλησίον
1173 1036 1232 1101 τοῦ

123 1140 257 1203 δυτικοῦ
277 1137 334 1221 τῆς
352 1140 475 1220 πόλεως
498 1135 626 1219 τείχους
647 1136 681 1198 ἐν
705 1135 845 1224 δημοσίῳ
873 1134 960 1223 τόπερ
986 1133 1232 1219 κεραυνόβλητοι

121 1238 302 1324 γεγόνασιν.
358 1236 397 1302 osi
422 1234 486 1322 μην
518 1236 557 1301 δὲ
582 1233 664 1301 dati
694 1238 750 1301 ι’ταί
770 1238 806 1303 όν
833 1236 965 1321 ου’ρανῷ
993 1232 1233 1319 νομῆταίτινες

122 1343 354 1428 παρετείνοντο.
659 1410 664 1421 ,

77 1453 114 1509 10
225 1440 313 1506 Ἐπεί
333 1444 369 1506 δὲ
400 1444 455 1507 καί
477 1436 535 1525 τήν
549 1436 642 1517 Ιἑοόοιν
675 1438 705 1507 οἱ
724 1443 826 1506 saeros
847 1444 1124 1514 νατυναλίσκοντες
1147 1430 1239 1522 ἦσανΙ

122 1540 286 1628 βάρβαροι
309 1542 365 1607 καί
385 1544 578 1627 πορθοῦντες
601 1567 654 1606 και
683 1540 943 1623 καταβάλλοντες,
964 1543 1088 1622 πλῆθος
1106 1538 1232 1605 ἔπειθεν

125 1637 284 1761 ὁσημέραι
316 1669 353 1730 τη
378 1643 524 1723 βασιλίδι
555 1642 790 1724 προσέφευγον,
815 1632 832 1703 ό
855 1661 890 1701 τε
911 1635 1037 1718 λιμός’
1020 1634 1231 1760 ρστενοχοίρει

123 1742 257 1824 πάντας,
278 1770 316 1829 τη
344 1745 462 1864 ἐνδοίη
469 1745 531 1806 τοόν
554 1740 735 1821 ἀναγκαίων
757 1741 941 1818 καταπιὲζοο
914 1764 958 1804 οον
986 1728 1114 1814 αότοός.
1158 1740 1232 1802 ε’πι-

124 1846 295 1925 γενομένου
320 1844 357 1907 δὲ
378 1867 446 1907 και
452 1845 621 1925 χειμῶνος,
643 1844 715 1933 ἐπεί
740 1865 799 1925 περ
823 1840 839 1905 δ
860 1838 1015 1923 βασιλεός
1044 1836 1233 1926 ἀφιλότιμος

82 1951 116 2005 15
127 1968 173 2007 αν
195 1968 248 2008 και
244 1942 405 2030 σφόδρα
428 1942 640 2030 φειδωλιῃας
625 1938 776 2025 σχόμενος
798 1942 934 2007 ον’δὲν’
919 1966 953 2005 οκ
974 1945 1038 2008 τόν
1058 1942 1233 2022 βασιλιναν

126 2040 353 2130 θησαυρῶν’
331 2072 350 2128 η
372 2048 435 2148 τῆς
458 2035 554 2128 όλλης
582 2046 732 2127 προνοίας
760 2045 883 2127 εισῆγεν
911 2071 930 2126 η
953 2049 1020 2117 τοις
1052 2044 1085 2105 ἐν
1105 2043 1186 2105 τέλει
1203 2064 1232 2155 ,η

126 2154 193 2225 τοῖς
209 2116 388 2230 δημοτικοῖς
401 2143 619 2228 παραμόδιον,
641 2142 695 2209 καί
717 2143 846 2219 ἕκαστος
860 2167 932 2226 περι
953 2140 1073 2209 ἑαυτοῦ
1093 2137 1232 2223 στυγνό-

128 2249 191 2325 ζαν
208 2248 283 2311 ου’δδ
302 2255 397 2331 χείρα
413 2240 616 2312 πλουσίαν
584 2270 651 2329 ειχτ
663 2243 747 2330 πρός
767 2244 803 2309 τό
826 2253 893 2320 τοις
908 2245 1098 2324 δεομένοις
1083 2249 1232 2325 επαρκεῖν

127 2354 181 2413 καλ
204 2352 357 2431 παρέχειν
376 2346 415 2412 τό
433 2348 489 2430 τῆς
506 2349 588 2432 ζωῆς
602 2344 718 2431 ἐφόδια
734 2346 804 2433 (διό
825 2342 885 2430 γὰρ
911 2344 1032 2410 τοότοον
1054 2352 1119 2419 τοῖς
1136 2366 1230 2409 πεντ-

52 2462 54 2467 “
83 2452 248 2532 ebersperg
272 2447 315 2523 οός
338 2448 454 2514 ἐπίπαν
475 2445 512 2512 τό
533 2446 675 2533 χρειοόδη
687 2441 929 2534 προσάγονται),
953 2445 1053 2520 moloc
1075 2449 1130 2511 καί
1144 2445 1231 2526 α’μό-

128 2555 222 2636 θητος
238 2548 378 2625 θάνατος
396 2554 437 2613 ου’
455 2552 516 2615 τοόν
533 2552 628 2629 ξένων
648 2548 745 2629 μόνον
768 2546 850 2613 α’λλό
874 2553 929 2613 καί
946 2552 1009 2614 τῶν
1029 2550 1085 2632 τῆς
1107 2550 1243 2639 πόλεαςΙ

129 2642 236 2733 δήμιον
249 2654 322 2716 καθ’
342 2649 473 2738 ἑκάστην
486 2649 612 2735 ε’μίνοτο,
634 2649 678 2724 uic
692 2653 747 2716 καί
761 2648 835 2725 τούς
848 2647 981 2733 νεκροός
997 2648 1105 2715 αδτοόν
1120 2673 1231 2733 σωρη-

131 2748 187 2815 δόν
210 2748 243 2816 ἔν
262 2760 384 2839 τεῖτοϊς
406 2754 583 2834 λεγομένοις
616 2748 764 2833 ἐμβόλοις
795 2753 851 2815 καί
870 2758 935 2827 τοῖς
953 2749 1126 2836 ὑπαίθροις
1148 2747 1230 2815 οἴνα-

228 3046 286 3101 Ηοο
305 3056 396 3115 autem
412 3063 482 3101 anno
507 3048 586 3103 etiam
606 3049 728 3118 prodigia
751 3049 879 3117 quaedam
898 3056 1078 3118 apparuerunt
1093 3048 1229 3116 Byzantii.

131 3124 213 3189 tripes
238 3123 308 3175 enim
336 3123 394 3175 aris
421 3129 562 3189 procreata
588 3129 629 3174 est
654 3130 681 3173 et
705 3120 793 3173 infans
816 3129 879 3174 nata
908 3122 994 3174 estin
1021 3120 1109 3172 fronte
1128 3120 1229 3173 habens
1283 3182 1290 3185 ,

131 3193 244 3259 ουυλυτυ,
263 3202 342 3263 atque
362 3193 433 3245 buno
458 3209 537 3245 unum
557 3201 584 3245 et
608 3193 713 3257 solum,
734 3201 761 3245 et
781 3193 850 3245 birci
876 3192 972 3245 similis
990 3192 1112 3259 pedibus,
1135 3201 1162 3246 et
1180 3208 1231 3244 ex-

131 3266 215 3331 posita
234 3266 261 3316 in
280 3266 489 3319 diaconissarum
509 3264 618 3333 publica
636 3266 740 3333 porticu
755 3264 846 3331 iletopr
866 3263 961 3320 edebat
978 3264 1087 3317 infantis
1105 3263 1229 3319 similem.

131 3337 179 3389 duo
198 3345 286 3389 autem
305 3337 493 3390 immortalium
517 3337 630 3389 militum
654 3352 739 3405 prope
763 3335 957 3393 occidentalem
983 3336 1057 3389 urbis
1082 3352 1184 3388 murum
1201 3336 1230 3389 iu

130 3408 234 3475 publico
259 3408 321 3460 loco
340 3410 374 3461 de
395 3407 473 3461 coelo
499 3412 563 3463 tacti
582 3418 659 3462 suot:
685 3410 831 3462 sedetiam
854 3411 883 3461 in
904 3408 982 3461 coelo
1001 3407 1098 3462 stellae
1117 3409 1230 3461 crinitae

131 3479 255 3547 quaedam
274 3479 458 3532 tendebantur.

228 3564 293 3617 Cum
312 3573 399 3617 autem
419 3568 498 3618 etiam
517 3570 647 3619 orientem
673 3572 718 3637 qui
737 3570 775 3620 ibi
801 3578 876 3621 erant
893 3570 1000 3621 barbari
1019 3571 1184 3622 conficerent
1203 3575 1230 3621 et

131 3637 299 3688 devastarent
326 3644 353 3687 et
377 3638 540 3701 delicerent,
565 3639 710 3689 multitudo
733 3641 795 3690 iude
821 3642 941 3723 quqtidie
966 3642 999 3691 ad
1017 3641 1110 3693 urbem
1127 3642 1230 3722 regiam
1256 3687 1259 3698 ι

132 3706 309 3776 confugiebat,
329 3708 432 3775 quando
452 3708 535 3760 lames
553 3708 669 3776 angebat
692 3723 783 3761 omnes
802 3711 894 3775 inopia
911 3726 1000 3761 rerum
1017 3712 1230 3763 necessariarum
1256 3705 1259 3730 ³
1296 3765 1303 3776 q,
1325 3705 1329 3719 '

131 3792 249 3845 premens
271 3794 326 3830 eos.
364 3781 596 3863 appropinquante
615 3786 702 3830 autem
722 3782 800 3831 etiam
818 3779 906 3831 hieme
926 3781 1052 3848 quoniam
1069 3797 1117 3833 rex
1136 3780 1230 3833 illibe-

131 3849 192 3901 ralis
212 3856 239 3900 et
257 3849 336 3902 valde
349 3852 528 3917 parsimoniae
547 3850 652 3904 deditus
666 3850 735 3920 nihil
752 3867 785 3902 ex
801 3852 885 3919 regiis
906 3852 1040 3905 thesauris
1059 3852 1104 3904 vel
1123 3852 1229 3920 reliqua

131 3923 265 3973 curatione
283 3921 456 4007 importabat,
476 3923 546 3992 quod
565 3930 610 3975 aut
628 3923 826 3990 magistratibus
847 3932 893 3976 aut
912 3923 1013 3991 populo
1032 3923 1128 3975 solatio
1148 3933 1229 3991 esset,

132 4000 155 4044 et
172 3993 285 4063 quisque
304 3994 337 4045 de
356 3995 463 4061 seipso
482 3994 615 4048 sollicitus
633 4010 722 4062 neque
740 4010 846 4047 manum
864 3996 973 4047 divitem
993 3995 1107 4048 habebat
1127 3996 1159 4048 ad
1177 4012 1229 4051 au.
1305 4056 1309 4060 ,

131 4064 270 4117 xillandum
289 4065 414 4133 inopibus
436 4075 463 4117 et
481 4067 644 4152 praebendas
665 4066 738 4119 uitae
762 4068 1003 4131 necessitates‚-
968 4083 1070 4134 -per
1089 4067 1139 4120 bos
1159 4069 1230 4120 enim

131 4134 309 4204 egentioribus
325 4136 484 4217 plerumque
501 4140 655 4195 necessaria
673 4138 876 4204 tribuuntur-‚
895 4139 978 4191 multa
998 4140 1137 4207 elingens
1157 4154 1229 4193 mors

130 4222 179 4260 non
204 4210 410 4278 peregrinorum
436 4209 541 4275 solum,
560 4211 607 4264 sed
626 4211 705 4263 etiam
722 4210 797 4263 urbis
822 4177 970 4265 ineblarum
989 4212 1109 4281 quotidie
1129 4211 1228 4263 liebat·

130 4279 209 4333 itaut
233 4282 313 4334 etiam
340 4282 470 4337 cadavera
498 4296 590 4336 eorum
612 4283 827 4337 coacervatim
818 4300 846 4336 m
865 4283 1021 4351 porticibus,
1042 4299 1112 4351 quae
1131 4281 1228 4336 dican
