3017 4892
269 302 344 393 rel
477 351 480 356 -
562 312 780 389 nicrinus
799 312 1069 393 „trumonis

269 500 420 584 βλαβειάς
441 492 618 574 ὑπόδειγμα
625 512 634 570 ;
666 484 743 555 ὅθεν
770 495 825 557 κατ’
843 490 1023 570 θαυμάζειν
1050 511 1106 570 μοι
1129 485 1233 553 ἔπεισι
1255 486 1331 563 πῶς
1353 486 1390 553 οἳ

266 597 434 681 Ῥωμαίων
453 598 596 676 βασιλεῖς
618 588 690 665 τοός
713 590 836 665 εἰδότας
857 589 982 673 ἔχοντες
1006 590 1128 655 πολλάν
1148 586 1302 674 ἱστοριοόν
1325 588 1389 654 κατ’

269 699 415 783 πράξεων
436 692 616 778 ἑπιγνάσεις
638 694 693 756 καί
712 689 815 774 τάχος
833 690 984 777 λαμπράς
1003 693 1060 755 καί
1076 691 1229 766 ταπεινάς
1246 695 1385 774 γινομέ-

270 825 328 876 νας
350 798 382 878 ἐξ
404 799 514 864 αἰτιῶν
546 792 838 879 προφανεστάτων,
861 785 907 856 ὧν
935 795 1000 873 μέν’
1016 795 1051 855 έν
1071 793 1163 855 θείου
1186 790 1289 873 χόλου
1310 800 1405 885 τοῖςΙ

272 902 547 983 ἁμαρτανομένοις
569 896 719 979 σφοδρῶς
734 890 1005 975 ἐπαναπτομένου,
1029 884 1074 957 οἷν
1095 895 1131 958 δὲ
1151 883 1219 956 dud
1236 899 1409 974 βουλεο-5

271 1000 382 1085 μάταν
404 1003 564 1083 γλίσχραν
587 997 642 1057 καί
664 988 802 1075 α’γεννοῖιν
833 994 888 1060 καί
907 988 1075 1059 ἀνοικείων
1090 1002 1157 1069 τοῖς
1180 990 1381 1079 πράγμασιν,

271 1103 387 1167 ου’δένα
409 1096 501 1182 λόγον
516 1096 622 1161 αότοῖν
635 1093 831 1179 πεποίηνται,
855 1096 927 1159 odd'
948 1096 1075 1173 οἴξιοόσι
1095 1095 1270 1171 τόςαῖτιάς
1291 1120 1381 1174 μαν-

209 1262 211 1267 ι
270 1189 560 1276 diversitatis&
584 1200 716 1261 τοιαῦτα
747 1193 979 1280 δυστυχήματα
1012 1197 1053 1279 τῇ
1070 1196 1237 1277 Ῥωμαίων
1258 1196 1380 1279 ἡγεμο-

245 1368 248 1373 ,
269 1308 321 1391 νέρ
335 1305 592 1385 προσπίπτουσιν·
610 1299 676 1361 ἀλλ’
691 1292 751 1379 ἔξω
765 1302 868 1384 πάσης
885 1300 1002 1382 βουλῆς
1021 1300 1194 1383 θεοφιλοῦς
1208 1302 1262 1361 κατ’
1275 1301 1382 1380 bapa-
1447 1345 1453 1349 -

270 1405 363 1477 πειάς
390 1403 448 1466 τοῦ
469 1402 560 1463 &stov
586 1397 641 1463 καί
667 1402 723 1483 τῆς
749 1403 813 1464 τῶν
835 1400 978 1480 ποτριοιν
1000 1396 1106 1478 νόμων
1127 1398 1381 1479 ἐπανορθώσεως
1392 1414 1423 1466 ro

270 1502 507 1583 καθιστάμενοι,
521 1499 667 1581 οἷβοόλοις
683 1504 738 1565 καί
753 1500 914 1582 προπετῶς
926 1502 971 1574 εἰς
984 1503 1141 1580 πολέμους
1153 1495 1310 1582 μεγάλους
1325 1501 1383 1564 καί

270 1600 445 1683 κινδόνοος,
466 1602 511 1685 μή
534 1603 685 1683 πρότερον
708 1599 854 1668 τὸνθεόν
876 1598 1098 1682 ἱλεοισάμενοι,
1122 1598 1179 1677 τάς
1195 1594 1381 1680 Ῥωμαϊκὰς

271 1700 423 1783 δυνάμεις
445 1698 617 1785 εἰσάγουσι,
642 1705 697 1767 κατ’
716 1704 890 1785 πάσχοντες
906 1708 1007 1776 κακῶς
1023 1701 1078 1765 καί
1091 1697 1267 1785 ἡττώμενοι
1291 1702 1379 1785 οῒπη.

271 1803 332 1877 ναός
355 1800 506 1887 αἴσθησιν
526 1803 567 1864 ου’
587 1800 788 1883 λαμβάνουσι
805 1803 861 1884 τής
881 1804 915 1867 ἐκ
929 1805 989 1866 rod
1009 1804 1102 1865 telos
1114 1805 1280 1881 νεμέσεως.
1303 1801 1375 1865 ἀλλ’

271 1900 302 1966 οἱ
323 1902 423 1967 πάλαι
441 1900 594 1985 Ῥωμαῖοι
619 1902 679 1985 οόχ
703 1900 788 1968 oties
811 1906 994 1984 ποιοῦντες,
1012 1902 1069 1978 τάς
1090 1900 1232 1987 φοβερός
1245 1901 1376 1979 ’ἐκείνας
1385 1912 1424 1964 15

271 2008 326 2069 καὶ
346 2005 456 2087 μάχας
487 2004 541 2068 καί
572 2004 992 2089 οτρατηγάιςκατοόρθουν,
1023 2000 1103 2068 άλλά
1125 2005 1237 2087 καίπερ
1261 2006 1319 2087 τήν
1341 2007 1379 2069 ἐκ

270 2108 329 2169 τοῦ
350 2106 429 2167 θεοῦ
451 2100 617 2186 λόγουκαὶ
637 2107 691 2185 τῆς
713 2107 746 2168 ἐκ
770 2109 825 2188 τῆς
846 2105 987 2189 ἀρρήτου
1008 2103 1063 2169 καί
1080 2103 1269 2190 ὑπερφυοῦς
1293 2126 1379 2186 σαρ-

271 2203 397 2279 κάσεοις
421 2205 522 2269 αὐτοῦ
542 2207 597 2269 καί
617 2202 694 2269 κατά
718 2200 806 2269 τόνδε
828 2203 880 2296 τὸν
896 2205 1014 2288 κόσμον
1036 2208 1301 2290 σονοναοτροφῆς
1319 2227 1380 2268 νο-

272 2309 429 2387 μοθεσίαν
448 2310 559 2388 μηκέτι
589 2307 736 2387 λαβόντες
758 2308 814 2370 ε’πό
832 2306 867 2371 τό
893 2310 997 2383 σέβειν
1028 2306 1067 2372 τά
1091 2312 1164 2371 θεῖα
1188 2309 1243 2369 κατ’
1262 2305 1379 2388 α’ρετῆς

180 2410 184 2418 ’
274 2408 511 2471 α’ντιποιεΐσθαι
525 2410 579 2470 κατ’
600 2404 674 2481 τοός
696 2412 750 2489 τῆς
769 2410 980 2491 άγαθοεργιάς
1000 2410 1118 2489 νόμους
1141 2408 1197 2470 καὶ
1209 2400 1423 2487 edormiscat

242 2570 245 2580 ,
273 2506 330 2571 καί
349 2504 566 2592 καθαρότητος
595 2503 743 2588 ε’κθόμοος
766 2517 898 2594 τηρεῖν,
933 2506 1019 2590 ὅμως
1038 2514 1077 2595 τῇ
1097 2511 1219 2596 φυσικῇ
1239 2514 1380 2588 μεγαλο-

186 2610 188 2613 ’
275 2608 420 2696 φροσόνη
442 2607 520 2693 πρὸς
543 2608 600 2684 τός
624 2611 740 2673 τούτων
773 2609 1013 2695 παρατηρήσεις
1043 2612 1200 2692 νουνεχῶς
1222 2606 1379 2673 έποιδεό-

275 2730 357 2790 οντο,
377 2708 431 2772 καὶ
453 2707 539 2795 εἴπερ
563 2714 636 2777 ποτὲ
657 2716 773 2797 συνέβη
796 2712 834 2796 τῇ
849 2711 957 2799 Ῥάμη
978 2711 1041 2779 εἴτε
1054 2707 1145 2796 ήττης
1167 2710 1377 2795 δοσκλήρημκ

347 2892 389 2947 18.
408 2898 586 2968 νομοθεσίας
603 2894 633 2950 (λ

276 3075 395 3135 habeant
414 3090 471 3144 eos,
492 3078 538 3146 qni
558 3078 675 3131 calleant
694 3078 876 3149 cognitionem
893 3080 1033 3135 multarum
1058 3081 1228 3136 historiarum
1244 3091 1270 3135 et
1284 3098 1377 3136 rerum

278 3158 306 3202 et
324 3149 444 3201 fortunas
465 3150 618 3215 splendidas
637 3158 664 3201 et
686 3149 811 3214 humiles,
833 3160 904 3205 ortas
926 3156 1013 3207 causis
1032 3155 1255 3209 manifestissimis
1281 3157 1378 3223 partim

275 3222 317 3272 ira
336 3220 427 3271 divina
446 3222 565 3286 peccatis
585 3220 762 3273 vehementer
778 3224 867 3275 addita
884 3227 979 3291 partim
1004 3226 1125 3295 consiliis
1148 3229 1257 3279 minutis
1287 3235 1314 3278 et
1330 3229 1378 3295 ig-

275 3289 413 3342 nobilibus
433 3298 460 3341 et
478 3292 510 3341 ad
528 3307 571 3341 res
589 3306 644 3343 non
663 3295 741 3360 aptis,
764 3294 863 3346 nullam
891 3298 1020 3349 rationem
1039 3314 1130 3350 eorum
1155 3299 1294 3351 habuerint
1323 3314 1378 3350 ne-

279 3377 331 3429 que
351 3362 475 3412 studeant
494 3377 588 3414 causas
608 3379 786 3431 cognoscere,
805 3366 901 3446 quibup
921 3369 986 3420 talin
1003 3369 1073 3421 mala
1093 3371 1377 3436 Graecorumimperio

277 3432 408 3496 accidant,
427 3433 474 3483 sed
494 3442 568 3485 extra
589 3450 666 3487 omne
685 3437 827 3490 consilinm
845 3439 896 3490 deo
915 3450 1054 3508 acceptum
1073 3450 1101 3493 et
1132 3443 1233 3493 cultum
1262 3441 1377 3493 numinis

275 3504 361 3555 divini
385 3510 411 3555 et
429 3506 627 3557 restitutionem
648 3506 737 3575 legum
769 3511 912 3576 patriarum
940 3514 1052 3577 versati,
1077 3513 1260 3581 imprudenter
1287 3521 1314 3563 et
1331 3515 1378 3563 in-

276 3576 380 3628 cautius
399 3576 427 3627 in
446 3575 519 3629 bella
537 3594 632 3647 inagna
653 3588 679 3630 ct
699 3582 829 3647 pericula,
849 3598 903 3635 non
921 3592 1000 3636 antea
1027 3587 1078 3636 deo
1106 3587 1234 3652 placato,
1261 3585 1376 3637 Graecos

275 3648 410 3700 exercitus
433 3648 530 3701 ducant
548 3658 575 3700 et
593 3652 662 3702 male
682 3652 770 3703 affecti
791 3663 817 3705 et
834 3656 900 3706 victi
920 3656 1075 3721 crudeliter,
1094 3672 1148 3707 non
1167 3656 1378 3709 animadvertant

273 3719 391 3772 divinam
411 3718 549 3773 ultionem.
588 3724 635 3775 scd
649 3723 730 3790 prisci
749 3724 862 3777 Romani
880 3742 933 3778 non
952 3728 992 3779 sic
1006 3737 1129 3796 agentes,
1156 3727 1290 3781 terribiles
1313 3726 1377 3777 illas

276 3798 304 3841 et
323 3807 425 3859 pugnas
446 3801 472 3843 ct
491 3793 676 3860 expeditiones
704 3794 822 3849 feliciter
846 3797 983 3865 agebant:
1002 3808 1030 3851 at
1057 3814 1213 3870 quamquam
1239 3798 1315 3850 verbi
1332 3798 1376 3849 di-

276 3862 345 3925 rint,
363 3864 477 3928 mystico
496 3873 522 3915 et
541 3880 621 3931 supra
637 3875 757 3918 naturam
776 3869 855 3919 modo
872 3870 1002 3921 incarnati
1022 3879 1049 3922 et
1064 3873 1093 3924 in
1118 3871 1171 3923 hoc
1194 3870 1290 3923 mundo
1311 3884 1377 3922 rer.

281 3932 331 3984 tati
351 3931 438 4001 legem
457 3949 511 3987 uon
531 3947 692 4004 acceperant
710 3940 741 3990 ad
760 3939 873 3991 colenda
892 3941 984 3992 diviua
1003 3950 1030 3993 et
1046 3944 1174 3995 virtutem
1192 3942 1331 4010 petendam
1349 3947 1379 3991 et

232 4032 244 4051 r
279 4000 358 4067 leges
377 4004 584 4060 beneficientiae
603 4016 629 4059 ot
648 4012 755 4076 pietatis
776 4019 802 4061 et
820 4012 982 4079 integritatis
1000 4016 1119 4068 studiose
1137 4014 1381 4079 observandasta-

275 4087 338 4125 men
361 4077 476 4129 naturali
496 4082 714 4147 magnanimitate
732 4082 765 4133 ad
787 4082 877 4133 barum
897 4099 985 4136 rerum
1004 4086 1219 4139 observationem
1237 4088 1383 4155 prudenter

278 4144 460 4199 educabantur
482 4158 562 4218 atque
584 4153 730 4221 siquando
762 4153 860 4205 accidit
886 4154 987 4218 Romae
1011 4160 1071 4212 sive
1100 4160 1183 4212 cladis
1210 4156 1383 4211 infortunium

278 4218 340 4275 sive
360 4219 511 4288 attiguum
529 4237 585 4275 nou
606 4224 721 4279 faustum
745 4234 896 4294 appareret,
912 4228 1023 4282 multam
1043 4230 1220 4286 instituebant
1229 4232 1382 4298 interrogo-
