3017 4892
265 260 313 362 'to
551 291 773 363 uiculuus
803 291 1093 363 antummu-

324 454 480 541 Ἐπόδησε
494 458 530 523 δὲ
541 460 602 521 τιδκ
614 448 720 522 όλλων
734 455 881 520 ἁπάντων
903 450 918 517 ό
931 452 1248 538 βασιλεόςέπέκεινα
1267 456 1334 543 τη’ν
1348 483 1389 524 τε

263 564 326 625 τῶν
337 562 498 645 δημοσίων
508 556 683 643 χρημάτων
698 555 872 640 ἐπαύξησιν
886 560 939 621 καί
951 554 1011 620 τίόν
1023 557 1192 624 ἰδιωτικῶν
1202 560 1300 624 δικῶν
1317 558 1388 643 την

263 662 419 744 ἀκρόασιν
431 657 488 722 καί
500 657 622 733 τούτοις
634 654 691 741 τὴν
703 657 836 739 μείζονα
849 658 1004 741 φροντίδα
1020 662 1188 722 κατεκένου
1204 660 1262 742 τῆς
1273 662 1385 741 βασι.

262 764 360 837 λείας)
385 761 450 823 τιόν
471 752 577 823 ἄλλων
594 752 688 841 ἧττον
707 762 879 838 βασιλικῶν
896 756 1104 840 ἀντεχόμενος
1117 811 1124 841 ,
1137 763 1384 843 στρατιωτικῶν

262 863 349 947 φημί
360 863 416 923 καί
428 860 644 944 στρατηγικῶν
664 855 941 942 πλεονεκτημάτων
960 855 1083 941 καὶτῆς
1105 858 1254 923 ἐντεῦθεν
1273 858 1415 923 addat

262 962 342 1039 ξίας,
363 968 430 1034 τοῖς
449 959 626 1044 εἰρημένοις
647 962 816 1033 πολιτικοῖς
832 958 1011 1041 εὐδοκιμεῖν
1029 956 1290 1039 προαιρούμενος.
1316 960 1378 1023 διό

262 1057 302 1145 δη
314 1064 417 1127 ταῦτα
427 1061 483 1124 καί
493 1053 738 1143 συκοφαντικοῖς
759 1060 920 1143 ε’πηρειάις
935 1059 991 1122 καί
1003 1065 1204 1142 σοφιστικαῖς
1219 1058 1378 1139 μεθόδοις

263 1159 319 1225 καί
341 1159 510 1225 δικανικῶν
531 1156 764 1241 προβλημάτων
785 1159 873 1245 ε’σμρῖ
904 1158 959 1221 καί
978 1158 1165 1237 σεκρετικιόν
1184 1159 1378 1242 ζητημάτων

263 1257 496 1340 ἐπιπλοκαῖς-τό
510 1254 691 1338 Ῥωμαϊκόν
703 1255 874 1338 ἐκλονεῖτο,
887 1261 941 1321 καί
959 1254 1044 1339 κοινῆ
1061 1259 1174 1340 μελέτη
1188 1266 1253 1335 τοῖς
1263 1250 1375 1322 ἅπασι
1441 1288 1445 1292 ·

263 1359 301 1427 τό
317 1360 526 1442 κατορθῶσαι,
555 1357 592 1423 τὰ
614 1362 742 1423 τοιαῦτα
766 1358 895 1441 ἐγίνετο,
925 1356 968 1432 ὦς
991 1359 1045 1421 καί
1067 1357 1186 1431 αύτούς
1207 1352 1370 1443 στρατιοί-
1386 1364 1423 1417 10
1505 1362 1506 1384 ¹

263 1483 319 1535 τας
340 1462 531 1541 μεταβαλεῖν
563 1462 619 1523 καί
636 1463 835 1539 μεταμαθεῖν
867 1454 905 1523 τό
931 1457 1012 1539 πρός
1033 1456 1091 1539 τὴν
1109 1455 1227 1542 τούτων
1247 1458 1369 1539 γνῶσιν

264 1561 457 1646 παράγοντα.
509 1560 566 1626 καί
585 1563 643 1625 τού
663 1560 822 1640 βασιλέως
845 1559 1034 1642 εδπροοίτου
1060 1560 1114 1623 καί
1134 1556 1370 1642 μετριόφρονσς

265 1656 354 1737 ὄντος
393 1663 449 1725 καί
482 1653 575 1744 ἧττον
602 1664 678 1747 περί
707 1657 742 1723 τδ
767 1665 861 1741 σῶμα
896 1661 1156 1735 solummodum*
1169 1654 1216 1721 τό
1239 1660 1312 1741 περί
1332 1656 1368 1723 τό

126 1758 145 1816 f·
161 1760 213 1816 ¹82
229 1766 353 1827 ῐδαῖον
373 1762 518 1844 εὐσεβεῖν
549 1764 714 1835 δοκοῦντος
742 1761 785 1837 ὥς
814 1763 954 1841 μάλιστα
986 1758 1187 1845 φιλοπτώχου
1219 1781 1252 1823 τε
1283 1762 1366 1841 πέρα

262 1865 318 1928 κού
339 1863 460 1938 δέοντος
492 1863 547 1926 καί
574 1863 796 1947 φιλομονόχου
826 1864 1076 1945 καθισταμένου,
1102 1859 1157 1923 καί
1179 1860 1364 1943 διεπτοημὲ-
1374 1873 1414 1925 15
1505 1879 1506 1890 ’

265 1985 323 2027 νου
345 1963 419 2045 περὶ
438 1959 478 2026 τό
502 1959 585 2048 ἱερά,
606 1963 623 2046 ἦ
648 1960 728 2044 πρός
740 1962 779 2027 τό
797 1949 952 2045 λεχθέντα
966 1963 1057 2045 ἕτερα
1072 1952 1236 2047 κεφάλαια
1253 1952 1364 2026 εόνοια

262 2062 320 2145 την
351 2065 414 2127 τῶν
441 2062 591 2127 τοιούτων
621 2063 870 2145 προτερημάτων
902 2057 1061 2147 ἤμβλυνεν
1090 2064 1288 2142 ἐπιμέλειαν,
1310 2063 1367 2125 καί

264 2159 343 2227 κατό
359 2166 446 2249 σφός
466 2161 568 2237 ου’τός
589 2163 684 2246 α’ρετὴ
709 2166 764 2226 καί
784 2164 877 2228 κακία
899 2168 974 2248 περί
994 2163 1029 2227 τό
1053 2160 1131 2227 αδτό
1158 2161 1363 2243 ὑποκείμενον

262 2266 436 2347 μονονουχὶ
456 2266 654 2343 ἐστασίαζον.
678 2266 766 2329 ἐνίκα
789 2266 824 2328 δὲ
846 2264 931 2345 παραὶ
956 2262 1073 2339 πολλός
1095 2263 1226 2349 ψήφους
1244 2258 1277 2325 τό
1304 2262 1365 2325 δυ-

263 2358 476 2453 σπαθές,“όορι
496 2370 551 2430 καί
568 2371 686 2430 πλείονι
700 2368 810 2450 μερίδι
828 2364 1005 2451 ε’φὴπλωιο.
1028 2364 1061 2429 τό
1079 2361 1139 2447 γάρ
1162 2364 1289 2445 εὐσεβὲς
1311 2364 1410 2430 καίκθ
1504 2388 1506 2449 l

261 2465 295 2530 τό
319 2462 521 2553 φιλόπτωχον
542 2461 687 2548 δμακαί
708 2466 925 2551 φιλομύναχον
940 2470 994 2533 καί
1010 2464 1043 2533 τὸ
1061 2464 1104 2551 μη
1131 2461 1212 2548 πρός
1232 2467 1361 2531 κόλασιν

263 2566 305 2631 δι’
327 2564 459 2647 αἳματος
492 2570 639 2652 ἕτοιμον,
668 2572 723 2633 καί
742 2566 821 2633 αδτδ
863 2566 897 2632 τό
919 2567 1121 2653 εδπρόσιτον,
1143 2568 1280 2633 ἐπαίνων
1304 2567 1363 2646 μὲν
1412 2606 1416 2611 -

263 2666 369 2742 οὐδείς
393 2656 432 2751 ἦν
453 2666 531 2751 όμη
560 2671 667 2751 α’ξιιόν,
689 2667 771 2755 πλην
794 2668 874 2733 datii
905 2672 953 2755 τῷ
976 2667 1081 2752 ἔχοντι
1102 2667 1186 2756 μόνῳ
1207 2665 1263 2751 τὴν
1285 2659 1360 2751 όνη-

334 2801 368 2859 t:
382 2823 471 2873 ,μιαν
490 2804 521 2859 c.
929 2782 935 2792 ’

362 2923 473 2992 Gupivit
493 2933 588 2987 ,autem
612 2934 719 2993 praeter
743 2934 834 2979 cetera
858 2928 946 2979 omnia
963 2941 1012 2981 rex
1037 2935 1064 2979 et
1086 2926 1251 2995 publicarum
1274 2940 1360 2977 rerunt

263 2996 435 3049 acessionem
454 3005 481 3049 et
499 2998 661 3064 privatarum
676 2999 809 3049 actionum
827 3000 1002 3054 auditionem:
1023 3008 1049 3050 et
1067 3000 1109 3051 bis
1127 3000 1254 3051 maiorem
1273 3012 1359 3049 curun

263 3068 438 3122 exhauriebat
455 3070 571 3136 imperii,
590 3069 651 3120 aliis
670 3070 788 3136 negotiis
813 3072 895 3138 regiis
914 3072 1000 3122 minus
1027 3071 1140 3134 deditus,
1160 3068 1285 3121 militaria
1301 3069 1359 3120 dieo

263 3148 291 3191 et
309 3140 480 3206 imperatoria
502 3142 648 3202 commoda,
669 3150 696 3190 et
713 3141 826 3206 proinde
844 3142 972 3208 capienda
987 3141 1075 3209 gloria
1094 3142 1302 3193 commemoratis
1320 3142 1360 3191 ci.

263 3212 364 3263 vilibus
381 3210 461 3261 rebus
485 3218 514 3260 ut
538 3209 638 3261 nobilis
662 3212 740 3262 lieret
764 3213 848 3279 magis
869 3221 972 3278 optans.
1018 3222 1161 3280 propterea
1179 3213 1261 3281 igitur
1282 3226 1359 3277 syco-

245 3280 396 3349 'pbantieis
416 3281 494 3331 minis
514 3290 543 3331 et
559 3280 736 3347 sophistarum
755 3283 839 3334 instar
858 3284 935 3335 laetis
953 3287 1072 3337 artificiis
1093 3293 1119 3335 et
1137 3284 1223 3335 litium
1241 3284 1360 3335 multitu-

264 3352 326 3403 dine
345 3359 372 3401 et
389 3359 554 3402 secretorum
574 3354 759 3421 quaestionum
787 3356 1011 3421 implicationibus
1034 3356 1150 3408 Graecus
1169 3354 1283 3421 populus
1301 3354 1360 3420 agi.

263 3423 367 3476 labatur
393 3429 420 3471 et
449 3438 588 3474 commuue
618 3425 733 3475 studium
759 3427 879 3478 omnibus
905 3428 1056 3495 corrigendi
1081 3425 1145 3477 talia
1172 3426 1315 3487 oriebatur,
1333 3432 1361 3473 ut

264 3496 344 3545 etiam
363 3494 436 3560 ipsos
453 3492 553 3545 milites
571 3504 601 3547 ut
616 3503 748 3546 mutarent
769 3505 796 3547 et
823 3498 901 3550 aliter
919 3500 1053 3551 discerent
1072 3498 1164 3549 horum
1184 3498 1360 3565 coguitionem

263 3567 404 3619 adducunt.
424 3564 459 3617 Et
476 3580 533 3615 eum
540 3583 587 3618 rex
604 3566 692 3619 laeilis
706 3576 778 3619 esset
792 3578 818 3620 et
828 3570 961 3622 modestus
981 3580 1006 3622 et
1024 3572 1109 3621 minus
1121 3584 1217 3636 eorpus
1232 3568 1360 3634 castigans

263 3647 290 3691 et
308 3654 372 3706 erga
388 3637 478 3689 diviua
492 3638 551 3705 pius
563 3641 699 3693 videretur
712 3656 789 3708 quam
799 3643 912 3693 maxime
924 3652 950 3693 et
961 3656 1105 3709 pauperum
1123 3654 1212 3691 amans
1221 3654 1300 3705 supra
1313 3652 1360 3689 uo-

263 3712 414 3763 cessitatem
435 3718 462 3761 et
482 3713 672 3763 monachorum
691 3721 763 3764 esset
783 3722 808 3765 et
832 3715 937 3765 timidus
960 3715 1032 3764 circa
1061 3727 1154 3775 saera,
1173 3708 1360 3763 benevolentia

262 3784 290 3833 in
309 3783 522 3834 commemoratis
547 3784 608 3835 aliis
626 3784 793 3851 gravissimis
822 3786 900 3837 rebus
926 3786 985 3837 visa
1009 3784 1101 3836 talium
1129 3784 1258 3835 virtutum
1275 3793 1359 3831 euram

264 3852 430 3918 debilitabat,
451 3862 482 3905 et·
496 3870 524 3904 m
538 3871 571 3906 ns
591 3872 656 3922 ipsus
675 3856 761 3906 virtus
781 3864 807 3905 et
826 3854 919 3908 vitium
932 3859 1005 3907 circa
1023 3857 1092 3906 idem
1111 3854 1260 3923 subiectum
1278 3864 1360 3918 paene

265 3922 393 3972 seditiosa
412 3933 496 3975 erant.
534 3926 687 3994 reportabat
700 3934 788 3976 autem
807 3928 946 3979 victoriam
967 3926 1058 3977 multis
1079 3926 1219 3979 sententiis
1238 3923 1359 3989 indigua-

263 3994 311 4055 tio‚
334 4007 386 4058 quo
407 3997 486 4045 etiam
503 3998 603 4048 maiore
621 4006 696 4063 parte
722 3995 858 4063 divulgata
878 4004 942 4047 erat.
990 3998 1059 4064 quod
1081 3998 1151 4049 euim
1170 3998 1231 4063 pius
1257 4001 1314 4044 erat
1335 4000 1360 4043 et

264 4078 409 4131 pauperum
429 4064 508 4115 simul
528 4076 554 4117 et
574 4068 761 4119 monachorum
775 4082 863 4118 amans
878 4082 966 4133 neque
979 4069 1011 4119 ad
1031 4067 1213 4133 castigandum
1235 4066 1359 4131 sanguine

266 4141 404 4201 promptus
424 4142 450 4183 et
468 4134 582 4188 allabilis
602 4147 683 4201 esset,
712 4137 779 4188 haee
803 4153 882 4187 nemo
903 4146 976 4204 erat,
998 4142 1061 4207 quiu
1082 4138 1203 4189 laudibus
1223 4138 1358 4205 dignaret3

265 4204 312 4260 sed
328 4204 395 4258 liaeo
414 4206 440 4257 ei
459 4205 527 4270 soli,
557 4211 602 4275 qui
631 4226 662 4260 ea
691 4209 813 4275 baberet,
844 4209 986 4263 utilitatem
1012 4211 1110 4283 afferre
1133 4208 1309 4269 iudicabant,
1335 4210 1359 4254 el
