3017 4892
586 302 801 422 σιετοιιικι
835 356 863 401 v
935 356 957 361 ··
1174 339 1247 423 'tor

143 538 204 593 κας
224 509 355 590 ἰδόντας
376 509 437 589 τός
454 516 517 579 τοῖν
535 513 705 595 Ῥωμαίων
728 510 896 599 φάλαγγας
919 512 953 577 ἒν
973 500 1057 609 τάξει
1078 508 1133 575 καί
1144 510 1252 599 κόσμῳ

144 615 203 683 καί
219 616 381 705 πολτμικρῖ
399 612 640 701 παραστήματιζ
682 618 737 682 καί
766 612 797 680 οἱ
826 616 886 697 μὲν
913 611 1072 700 προῄεσαν
1100 612 1146 689 εἰς
1173 614 1251 677 τοῦ-

142 718 250 797 πίσοο,
281 710 299 779 ό
321 716 356 781 δὲ
376 712 529 796 βασιλεός
555 714 690 782 κατόπιν
712 716 819 782 αότοῖν
842 712 1043 797 πανστρατιᾷ
1068 714 1247 791 ἐπεδίωκεν,

143 816 205 894 ἕως
235 812 300 905 όρα
332 818 421 903 δείλη
452 815 533 899 σ’ψίσ
561 818 872 904 κατίλαβεν.,ἰ”ἒπεί
901 812 968 880 δ’ὁ
998 812 1151 896 βασιλεός
1176 812 1251 887 τοὺς

116 920 427 1001 σαίντιτεταγμόνοας
449 919 505 983 καί
516 908 811 998 ιίκτιπολεμοτῖντας
833 909 892 981 οόκ
906 911 981 999 εἶχε,
1001 912 1057 998 τὴν
1071 917 1107 978 δὲ
1122 936 1250 995 παρεμ-
1274 1000 1279 1007 Ι

142 1016 241 1104 βσλῆν
270 1020 471 1105 ἐψιλωμένην
495 1021 703 1101 στρατιωτῶν
737 1022 803 1099 καί,
822 1020 1053 1105 πεζοφαλιίκων
1081 1018 1251 1097 ἐγίνωσκε,

144 1117 200 1184 διαὶ
229 1117 265 1185 τό
309 1122 386 1203 μηδ’
414 1121 564 1202 ια’πορεῖν
591 1118 705 1187 ἱκανοῦ
735 1120 878 1206 πληθσας
909 1112 1066 1210 ὥστεκαὶ
1098 1117 1250 1203 παρατό-

143 1224 208 1299 ξεις
229 1224 370 1287 ἐνταῦθα
399 1228 601 1305 καταλιπεῖν,
629 1213 690 1308 ἤδη
725 1224 1037 1309 προεξαντληθέντων
1068 1220 1132 1284 τῶν
1160 1220 1249 1282 πλεί-
1350 1225 1358 1234 ’

142 1320 251 1403 στσιν,
276 1320 319 1396 οἷς
341 1322 594 1408 προδιειληπται,
620 1321 764 1409 ἔγνωμὴ
791 1329 897 1387 πλεῖον
918 1322 1072 1387 ἐπιτεῖναι
1093 1316 1149 1402 την
1171 1320 1250 1383 δίω-

98 1428 212 1505 totas,
234 1424 287 1487 ἵνα
307 1421 352 1508 μη
377 1422 471 1507 λόχον
503 1425 706 1510 πεποιηκότες
730 1426 760 1489 ot
776 1427 921 1507 ,Τοῦρκοι
947 1420 1123 1509 σι’φσλόκτρι
1149 1417 1247 1507 τπότη
1317 1440 1321 1445 ·

143 1522 334 1608 ἐπίθωνται,
370 1526 426 1589 καί
455 1520 530 1609 ,ἅμα
567 1528 749 1591 διασκοπεῖν
781 1520 825 1599 τός
856 1526 887 1587 εἰ
923 1528 1030 1585 πλεῖον
1065 1518 1249 1601 ἑκμακρσν·

141 1626 232 1707 θείη,
262 1625 482 1707 καταλήψεται
501 1628 609 1691 τοῦτον
630 1630 665 1690 ἐν
690 1626 728 1709 τῇ
754 1623 899 1709 ε’πανόδιρ
922 1618 940 1702 ἦ
965 1622 1040 1697 νόξ,
1072 1623 1127 1683 καί
1158 1644 1249 1701 τηνι-

142 1728 245 1788 sadra
274 1722 304 1788 οἱ
335 1726 473 1807 Τοόρκοι
509 1721 720 1808 παλίντροπον
753 1722 893 1805 θήσουσι
929 1718 986 1803 τήν
1022 1720 1146 1806 φυγήν,
1174 1718 1250 1807 ἑκη-

142 1826 235 1905 βόλοι
258 1819 582 1906 ταγχόνσντεργδιιὶ
613 1828 716 1898 ταῦτα,
749 1826 804 1887 καί
833 1820 890 1905 τηίι
918 1820 1088 1904 βασιλικὴν
1110 1827 1251 1906 σημαίαν

101 1948 134 2000 15
144 1927 343 2007 ἐπιστρέψας
371 1917 487 1988 νόστσιί
515 1926 751 2007 ἐπιμνησθῆναι
780 1918 1045 2012 διήγγελλενρίίοό
1073 1924 1108 1986 δὲ
1139 1919 1250 2008 πόρρω

126 2020 214 2111 τὰς.
237 2024 403 2109 φάλαγγας
442 2020 566 2107 ἔχοντες
607 2025 830 2107 στρατιῶται,
867 2017 922 2107 τηίι
961 2019 1158 2107 ἐπιστροφήν
1194 2023 1250 2103 τῆς

144 2126 314 2206 βασιλικῆς
335 2128 475 2207 σημαίας
496 2125 628 2201 ἰδόντες,
652 2121 806 2213 ρληθησαν
828 2116 907 2208 ἥττῃ
929 2119 1136 2203 τὸνβασιλέα
1158 2146 1249 2205 περι·
1332 2118 1334 2121 ’

146 2233 265 2290 πεσεῖν.
310 2224 354 2301 τός
375 2226 402 2287 δ’
425 2223 454 2288 οἱ
476 2225 588 2289 πολλοί
607 2225 877 2310 πληροφσρσόσιν,
900 2216 947 2287 ότι
969 2227 1033 2287 esdr
1057 2220 1249 2308 ἔφεδρεαόν-

147 2350 209 2391 των
230 2325 319 2414 αότηῖ
339 2349 400 2406 τις,
419 2321 593 2411 ἐξάδελφος
613 2319 659 2389 σόν
680 2328 724 2412 τρῖ
744 2326 802 2389 τοῦ
823 2328 979 2406 βασιλέως
1006 2329 1149 2409 προγσνῷ
1176 2330 1251 2389 Μι-

101 2439 138 2504 20
146 2427 241 2509 χαηλ,
262 2430 575 2511 προβεβουλεσμόνην
589 2423 673 2507 ἔχων
687 2425 744 2510 την
758 2416 846 2501 Ικατὰ
861 2424 978 2491 τοότσυ
991 2423 1172 2511 ἐπιβουλήν,
1187 2426 1250 2489 αι’-

149 2524 204 2603 τός
224 2527 281 2591 τόν
300 2531 441 2591 τοιοῦτον
463 2525 554 2609 λόγον
576 2534 639 2603 τοῖς
661 2523 873 2611 στρατιιόταις
899 2528 1066 2609 διέσπειρε,
1089 2530 1143 2591 καί
1163 2525 1248 2609 ταχό

146 2625 219 2702 τούς
241 2630 375 2705 οίιιείοσς
396 2623 566 2711 α’νσλαβοόν
591 2628 837 2711 (ἐμπεπιστεστο
859 2626 919 2712 γόρ
942 2623 1029 2708 παραὶ
1053 2627 1109 2711 τῆς
1121 2628 1177 2693 τοῦ
1187 2631 1250 2707 βα·
1273 2652 1286 2657 ··

147 2730 261 2804 οιλόως
281 2725 515 2813 καλοκαγαθιας
546 2721 583 2792 οό
611 2726 727 2812 μικρόν
757 2753 788 2793 τι
815 2731 912 2813 μέρος
942 2710 1049 2812 leodi*
1079 2728 1184 2813 φυγὰς
1205 2731 1251 2805 είς
1277 2737 1282 2756 “

150 3009 260 3078 langas,
278 3022 343 3077 quas
361 3006 421 3059 acie
439 3006 569 3060 instructa
587 3013 614 3059 et
632 3006 776 3059 secuudum
795 3006 902 3059 ordines
930 3012 957 3058 et
974 3004 1249 3073 disciplinam'collo.

151 3091 221 3135 oetas
241 3090 268 3133 et
285 3080 387 3133 bellico
406 3094 465 3131 curn
484 3078 576 3130 babitu
595 3078 729 3132 ridebant.
769 3087 848 3148 atque
867 3078 959 3131 hostes
979 3078 1182 3147 quidem'porro
1201 3090 1249 3131 re..

149 3155 234 3223 gressi
252 3160 321 3217 sunt,
341 3169 389 3204 rex
409 3166 476 3203 vero
497 3151 618 3204 omnibus
638 3167 696 3203 cum
718 3152 804 3218 copiis
827 3164 873 3203 eos
892 3159 999 3209 secutus
1024 3157 1072 3214 ast,
1093 3151 1178 3203 donee
1196 3167 1250 3204 ve-

149 3226 210 3293 sp'er
229 3225 343 3276 adesset.
382 3238 441 3275 cum
459 3231 548 3278 autem
565 3240 614 3275 rex
638 3222 690 3275 sibi
708 3225 846 3291 oppositos
869 3231 895 3275 et
914 3224 1072 3275 resistentes
1090 3238 1144 3275 nou
1163 3222 1249 3274 habe.

149 3304 199 3361 ret,
220 3298 304 3348 castra
322 3303 410 3347 autem
428 3296 526 3347 nudata
543 3294 673 3347 militibus
692 3296 882 3363 peditibusque
899 3294 1074 3364 vigilantibus
1097 3308 1248 3363 cognosce.

148 3375 203 3422 ret:
229 3370 292 3436 quia
311 3383 366 3419 nou
385 3361 449 3418 satis
467 3383 558 3434 sepum
578 3367 670 3419 habuit
690 3368 844 3434 copiarum,
869 3369 906 3418 ita
929 3375 958 3418 ut
984 3368 1063 3418 etiam
1083 3367 1189 3421 ordines
1210 3366 1249 3419 ibi

148 3440 315 3505 relinqueret
333 3438 485 3511 defatigatis
505 3441 556 3490 iam
576 3448 695 3506 utsupra
714 3439 812 3491 dictum
825 3438 972 3507 plerisque,
992 3440 1084 3491 statuit
1101 3453 1155 3489 uon
1174 3438 1248 3490 ulte·
1340 3484 1352 3513 ,

45 3516 48 3522 ’
148 3511 203 3560 rius
226 3524 273 3560 eos
292 3511 427 3575 persequi,
446 3524 481 3559 ne
498 3508 600 3561 ’lurcae
618 3510 723 3563 insidiis
751 3510 830 3563 factis
855 3518 942 3563 castra
960 3526 975 3561 a
994 3511 1135 3576 praesidiis
1154 3510 1249 3562 relicta

149 3580 369 3649 aggrederentur,
387 3579 520 3646 simulque
541 3582 681 3646 cogitans,
699 3588 806 3632 noctem
831 3596 861 3633 se
879 3583 1033 3634 redeuntem
1061 3590 1248 3648 occupaturam

150 3666 228 3714 esse,
256 3649 278 3701 si
308 3647 421 3700 ulterius
442 3651 513 3702 viam
533 3651 690 3700 extenderet
721 3660 747 3701 et
766 3650 862 3702 'lurcss
889 3653 986 3719 eiuga
1003 3667 1175 3718 regressuros
1193 3660 1248 3702 tum

150 3737 225 3787 esse,
255 3721 355 3789 quippe
380 3720 425 3786 qui
445 3718 509 3771 telis
533 3719 614 3769 benc‘
634 3727 781 3771 uterentur.
829 3721 999 3787 quamobrem
1018 3722 1122 3789 regium
1143 3724 1247 3792 signum

148 3801 288 3844 revertens
312 3791 413 3842 reditus
444 3791 598 3843 meminisse
629 3804 720 3841 omnes
746 3792 832 3844 iussit.
882 3793 927 3860 qui
962 3807 1027 3857 vero
1052 3792 1165 3845 ulterius
1191 3794 1249 3845 acia

149 3864 258 3916 aberant
281 3860 399 3927 milites,
424 3864 528 3931 regium
553 3862 658 3930 signum
683 3869 756 3913 retro
785 3877 892 3915 versum
921 3864 1062 3929 videntes,
1089 3866 1117 3916 in
1146 3864 1249 3917 cladem
1352 3887 1357 3897 ·

148 3950 239 4005 regem
258 3934 386 3985 incidisse
407 3942 548 4002 putarunt:
573 3941 602 3985 ut
622 3940 709 3984 autem
728 3932 852 4003 plerique
880 3950 1034 4002 persuasum
1053 3935 1161 4003 habent,
1180 3938 1248 3990 insi.

148 4008 274 4061 diontium
294 4007 319 4056 ei
335 4004 444 4073 aliquis,
463 4005 602 4059 blichaelis
620 4007 694 4073 regis
706 4008 826 4073 parentis
846 4022 879 4058 ex
900 4007 982 4059 lratre
1001 4007 1082 4073 lilius,
1102 4018 1179 4062 antea
1198 4010 1248 4060 iam

148 4079 256 4132 molitus
275 4077 338 4129 bnic
357 4077 476 4141 insidias,
496 4078 555 4145 ipse
575 4076 655 4129 talem
676 4077 770 4130 laruam
785 4094 834 4146 per
853 4078 953 4130 milites
973 4079 1132 4148 divulgavit,
1153 4088 1179 4131 et
1200 4097 1248 4132 oe.

148 4150 241 4203 leriter
260 4150 315 4203 suis
334 4150 451 4216 ‘receptis
472 4150 589 4217 (credita
609 4150 679 4199 enim
699 4159 757 4203 erat
785 4152 809 4201 ei
830 4150 899 4203 haud
921 4166 1003 4218 perra
1022 4150 1134 4203 militum
1154 4168 1214 4220 pars
1233 4167 1249 4201 a

148 4224 219 4290 regis
238 4223 392 4291 maiestate)
413 4220 543 4289 inpitirus
562 4222 589 4271 in
609 4230 694 4273 castra
706 4222 801 4274 rediit:
820 4222 890 4273 hunc
904 4230 990 4274 autem
1004 4225 1098 4276 imitati
1118 4226 1163 4291 qui
1182 4236 1249 4289 pro-

148 4294 207 4359 pius
224 4294 359 4347 adstarent
377 4293 485 4344 ordines
512 4292 544 4345 ad
562 4308 642 4345 unum
667 4307 758 4347 omnes
778 4293 866 4363 lupam
892 4297 951 4349 sine
971 4310 1060 4366 pugna
1079 4294 1248 4363 accipiebant

226 4390 309 4443 liet.
329 4389 412 4443 Auel.
432 4390 500 4443 ssiat.
797 4423 802 4432 ι
962 4426 965 4430 -
1021 4394 1052 4443 11
