3017 4892
204 247 216 267 '
265 235 319 361 to
522 227 526 235 l
558 283 781 366 arcuatus
808 283 1072 354 sarmosia

269 446 523 537 παρεκελεύσατο
544 447 589 534 μή
606 446 695 534 δίκην
716 445 883 532 προβάτων
905 443 960 512 ἀπ’
972 446 1116 532 ἀλλήλων
1135 446 1409 530 διασκεδασθῆ-

270 577 337 632 ναι,
368 547 475 628 τιτθούς
505 547 534 614 οἱ
556 551 662 614 λοιποί
689 552 888 632 στρατιτύται
911 550 1071 622 ποιοῦντες
1095 545 1301 626 άπτάνονται,
1329 551 1409 610 κατ’

269 656 355 724 ντάτα
382 654 491 718 δούναι
513 658 577 726 τοῖς
599 654 760 731 πολεμίους
782 651 837 714 κατ’
863 650 1001 723 σκοπούς
1021 644 1156 722 ἑαυτούς
1178 651 1296 712 θέσθαι
1319 649 1404 710 τῶν

214 830 218 840 ,
272 755 439 823 Σκυθικῶν
462 751 669 834 τοξευμάτων,
694 750 777 815 ἀλλά
802 752 876 833 παρ’
900 751 988 839 αύτῷ
1011 753 1119 832 μένειν
1142 748 1197 812 κατ’
1215 753 1402 830 σχολαίως

189 887 193 898 ·
272 851 409 918 ἕπεσθαι
429 850 508 934 μετά
526 855 683 936 καρτεροῦ
706 856 763 918 τοῦ
776 851 1011 936 συντάγματος,
1031 849 1076 926 ἀς
1097 852 1275 931 δυναμένου
1298 842 1431 914 τού-5

267 975 328 1026 ,του
351 963 419 1030 τοῖς
441 956 589 1030 ἐναντίοις
622 954 764 1038 ἰσχυρῶς
796 949 1052 1033 ἀνταμύνασθαι.
1097 950 1137 1040 ιοἳ
1155 948 1193 1035 δὴ
1216 953 1271 1023 κατ’
1291 973 1398 1029 σαμ-

273 1048 489 1139 φρονὴσοντες
510 1047 578 1134 άμα
594 1055 649 1118 καί
661 1057 700 1142 τῇ
718 1054 833 1142 ἀνδρίᾳ
853 1051 966 1118 τούτου
977 1052 1199 1145 θαρρήσαντες
1220 1049 1278 1134 τὴν
1298 1045 1396 1113 ἐαυ-

271 1157 336 1220 ταῑν
359 1154 514 1238 σωτηρίαν
538 1151 640 1244 τούτῳ
663 1158 717 1219 καί
735 1152 792 1239 τὴν
809 1141 994 1239 εύθυωρέαν
1009 1155 1165 1218 ἀνέθεντο.
1209 1151 1394 1245 ἐπορεύετο

271 1259 331 1337 μὲν
354 1248 410 1320 σύν
436 1255 505 1336 μετ’
536 1255 644 1320 αύτοέν
672 1253 688 1318 ὃ
718 1253 949 1339 Βοτονειάτης·
991 1254 1022 1318 οἱ
1051 1257 1087 1318 δὲ
1110 1251 1235 1330 Σκύθαι
1253 1249 1392 1336 πληθύν

268 1380 343 1426 ,τινα
368 1354 489 1432 ἰδόντες
515 1355 634 1438 μικράν
664 1352 813 1434 συντάξει
845 1355 900 1420 κατ’
917 1354 1026 1446 κόρμτρ
1054 1358 1306 1439 προβαίνομοαν,
1331 1352 1388 1418 ἐπ’
1403 1371 1437 1424 10

132 1533 152 1547 ..
197 1539 200 1544 Ι
274 1455 374 1540 αύτὴν
398 1458 544 1540 ἀκρατεῖς
567 1449 700 1540 ἤλασαν.
743 1454 911 1520 καὶπολλὰ
931 1455 1213 1541 περιιππεύσαντες
1233 1451 1387 1553 τούτους,

267 1558 328 1630 ,κατ’
348 1553 488 1644 νιφάδος
509 1557 609 1636 τόξων
632 1557 743 1636 αύτοῖς
764 1556 1009 1641 ἐπιπέμψαντες,
1028 1557 1072 1635 ὥς
1093 1555 1259 1639 ἀμήχανον
1279 1551 1386 1638 ἔγνων

184 1685 185 1688 ’
271 1657 329 1745 τήν
352 1660 473 1724 τούτων
495 1655 685 1741 παράλυσιν,
707 1652 843 1734 ἑαυτούς
856 1655 1012 1740 ἀνέλαβον
1036 1650 1177 1720 ὄπισθεν.
1220 1654 1295 1718 itt
1310 1657 1383 1718 Bo-

273 1756 438 1845 τανειάτης
459 1756 512 1824 τύν
533 1763 755 1843 παραρρέοντα
776 1758 919 1840 ποταμὸν
934 1759 1138 1840 ἐπιτείχισμα
1158 1754 1382 1839 ποιησάμενος,

262 1861 332 1927 νοντ’
349 1883 435 1934 τινας
458 1860 599 1936 ’σκοπιάς
630 1861 692 1926 ἀπδ
714 1861 834 1944 μέρους
868 1860 928 1924 ύπέ
981 1858 1081 1924 cirne*
1112 1857 1379 1940 προβαλλόμενος,
1392 1880 1426 1932 15

274 1959 317 2036 uic
341 1953 444 2042 ἀνμὴ
469 1964 607 2046 νυκλῷτο
630 1959 717 2042 παρά
743 1964 805 2024 τάν
830 1957 980 2025 ἐναντιονν
1002 1963 1058 2023 κατ’
1079 1959 1239 2034 παντελῶς
1263 1949 1380 2038 άπεέρ-
1467 1958 1471 1963 “

268 2082 361 2146 posto
378 2062 434 2144 τῆς
455 2055 532 2126 ὁδοῦ
552 2058 606 2123 κατ’
625 2047 724 2142 μέσον
740 2064 869 2144 χορείας
891 2061 1262 2146 ἀπιιροπληθεῖπολέμρι
1284 2051 1379 2122 ἀλέσ-

276 2183 379 2240 κοιτο,
409 2164 576 2244 προέβαινε
602 2164 662 2242 μέν
691 2159 767 2245 περὶ
793 2159 850 2235 τάς
876 2151 980 2243 ὄχθας
1008 2162 1066 2224 τού
1093 2164 1246 2242 ποταμοῦ.
1290 2157 1320 2224 οἱ
1341 2162 1378 2225 δέ

277 2257 478 2340 Πατζινάνοι
510 2259 604 2326 πάλιν
638 2260 874 2340 ἐπεισπεσόντες
911 2257 998 2352 αύτῷ
1026 2263 1067 2325 δι’
1101 2255 1175 2347 ὅλης
1203 2258 1378 2342 ἐπολέμουν

248 2362 419 2448 ιἡμέροις,
441 2363 474 2427 ἐν
494 2359 583 2430 soar)
602 2364 637 2426 δὲ
659 2359 754 2428 πάλιν
775 2359 856 2428 κατά
886 2356 1042 2446 διαδοχάς
1063 2365 1180 2446 ἕτερον·
1222 2375 1422 2445 natusne-20

277 2463 451 2528 πάσασθαι
484 2465 519 2528 δέ
542 2465 653 2528 τοῦτον
675 2467 730 2528 καί
748 2461 822 2541 τούς
847 2468 922 2549 περὶ
944 2464 1053 2546 αύτάν,
1075 2467 1130 2529 κατ’
1149 2472 1256 2546 πεῖσαι
1278 2487 1377 2527 ιστα-

276 2567 382 2629 θεῖναι
410 2561 449 2628 τά
471 2557 573 2646 deta,
608 2566 758 2646 ούδαμτύς
782 2567 998 2652 ἠδυνήθησαν.
1050 2565 1168 2632 σκοπὸν
1188 2567 1223 2631 δὲ
1244 2563 1376 2649 μελετή-

277 2687 390 2741 σαντες
409 2666 541 2742 τούτους
561 2665 716 2744 άνέτισους
735 2670 885 2752 ποιῆσαι,
911 2668 966 2732 διά
988 2671 1110 2734 πολλάν
1130 2669 1233 2751 βελάν
1252 2665 1375 2750 μανρύ.

332 2827 373 2880 17.
393 2831 528 2904 πολέμων
547 2829 577 2886 (ἐ.

277 3001 353 3062 terga
372 2993 466 3047 darent
484 2995 606 3051 hostibus
619 3005 645 3049 et
666 2999 741 3068 qussi
759 3000 827 3052 fines
845 3014 875 3052 se
890 3000 1083 3053 constituerent
1101 2999 1284 3068 Scythicorum
1299 2999 1374 3050 iacn-

276 3063 363 3118 lorum
381 3066 428 3118 sed
448 3068 518 3133 apud
539 3083 569 3120 se
586 3078 725 3122 manerent
744 3079 771 3121 et
790 3071 936 3139 tranquille
954 3081 1131 3140 sequerentur
1149 3088 1210 3124 curn
1223 3071 1372 3139 validoag.

277 3136 356 3200 mine,
377 3139 476 3205 quippe
495 3141 566 3207 quod
582 3149 674 3206 posset
686 3141 807 3194 hostibus
824 3143 929 3194 fortiter
943 3144 1085 3196 resistere:
1099 3144 1141 3195 illi
1161 3145 1243 3212 igitur
1264 3151 1291 3193 et
1309 3158 1372 3193 con-

277 3208 372 3260 cordes
397 3208 475 3259 simul
496 3219 522 3261 et
548 3211 703 3262 fortitudine
724 3212 804 3264 buius
820 3215 933 3264 animosi
950 3231 1024 3266 suam
1043 3215 1156 3267 salutem
1177 3216 1240 3266 buic
1259 3222 1286 3265 et
1302 3214 1371 3264 dire-

278 3280 392 3328 ctionem
411 3281 590 3332 crediderunt.
613 3284 834 3348 proficiscebatur
847 3285 929 3354 igitur
940 3302 999 3336 cnm
1019 3288 1052 3338 iis
1070 3286 1242 3338 botoniates:
1262 3285 1371 3350 Scytha

278 3356 528 3430 autembnumerum
555 3369 613 3405 cum
637 3354 760 3406 viderent
783 3371 893 3422 parvum
912 3358 1005 3408 ordine
1025 3359 1188 3424 procedere,
1217 3365 1308 3408 eontra
1322 3357 1371 3406 iam

225 3473 227 3478 ,
276 3419 415 3500 immodice
434 3425 627 3476 contenderunt
645 3434 672 3476 et
690 3442 749 3476 cum
772 3427 883 3478 multum
905 3430 1005 3479 circum
1022 3428 1071 3480 hos
1090 3431 1255 3498 equitassent
1282 3435 1309 3477 et
1327 3429 1368 3476 ni.

276 3503 325 3541 ves
349 3489 497 3543 iaculorum
521 3495 554 3546 iis
573 3497 759 3559 immisissent,
786 3508 925 3567 postquam
945 3516 999 3550 non
1018 3501 1077 3551 lieri
1095 3516 1175 3567 posse
1194 3504 1371 3568 cognoverunt

276 3559 370 3612 borum
395 3561 596 3630 dissipationem
620 3583 650 3618 se
675 3578 836 3634 receperunt
854 3578 936 3622 retro.
974 3569 1128 3623 botoniates
1148 3580 1235 3624 autem
1254 3577 1369 3636 praeter-

274 3630 401 3684 fluentem
417 3632 527 3688 fluvium
549 3639 709 3705 praesidinm
728 3637 838 3707 iaciens,
859 3651 886 3694 et
896 3642 1033 3695 'nonnulla
1053 3643 1232 3709 speculatoria
1251 3657 1285 3692 ex
1302 3648 1371 3707 parte

275 3719 401 3786 supereo
415 3721 631 3775 proponens‚ne
650 3713 805 3780 cingeretur
823 3714 857 3766 ab
876 3714 997 3767 hostibus
1017 3722 1045 3765 et
1063 3715 1170 3766 omnino
1191 3713 1370 3764 excluderetur

275 3790 320 3825 vta
341 3783 366 3827 et
390 3777 566 3832 circumfusus
591 3784 719 3834 immensa
738 3785 906 3839 multitudine
925 3785 1043 3837 hostium
1062 3795 1219 3853 caperetur,
1245 3783 1368 3850 procede.

275 3845 320 3896 bst
339 3849 410 3898 circa
430 3852 501 3916 ripas
525 3851 609 3905 fluvii.
640 3853 778 3906 Patulnslri
799 3866 887 3908 autern
905 3872 996 3908 rursus
1014 3858 1164 3909 incidentes
1183 3858 1209 3907 ei
1227 3869 1275 3922 per
1294 3861 1369 3903 totum

271 3915 429 3982 pugnabant
450 3921 528 3972 diem.
566 3933 648 3975 noctu
672 3933 761 3977 autem
786 3943 876 3978 rursus
904 3929 1023 3980 vicissim
1039 3928 1103 3993 alii;
1134 3929 1162 3979 in
1183 3929 1370 3995 ingementem

275 3994 383 4037 vertere
404 3987 473 4041 hunc
489 3999 515 4041 et
533 3995 589 4046 eius
608 3996 706 4048 milites
727 4005 754 4047 et
773 4011 952 4063 commovere,
971 4006 1001 4050 ut
1016 4001 1184 4066 deponerent
1201 4013 1287 4061 arma,
1301 3994 1368 4046 nullo

274 4058 352 4139 modo
378 4067 538 4142 potnerunt,
566 4066 701 4119 studentes
724 4075 813 4118 autem
845 4068 894 4121 bos
920 4071 997 4138 equis
1027 4073 1135 4137 privare
1164 4069 1254 4121 multis
1283 4066 1368 4118 moulis

276 4141 378 4179 eminus
406 4133 493 4182 missis
519 4148 603 4202 equos
622 4153 712 4189 eornm
731 4139 851 4201 inerunt,
877 4155 936 4190 cum
954 4141 989 4192 ad
1006 4158 1099 4194 manus
1117 4157 1178 4191 cum
1196 4143 1229 4192 iis
1249 4138 1366 4206 congredi

273 4211 327 4250 nou
345 4209 472 4268 possent3
491 4207 659 4272 experientes
678 4212 748 4264 enin
768 4219 849 4264 antea
868 4210 920 4264 boc
937 4229 1021 4280 saepe
1044 4213 1142 4281 multos
1158 4227 1267 4267 suorum
1284 4207 1367 4280 perdi·
