<?xml version="1.0" encoding="UTF-8"?>
<!DOCTYPE html PUBLIC "-//W3C//DTD XHTML 1.0 Transitional//EN"
    "http://www.w3.org/TR/xhtml1/DTD/xhtml1-transitional.dtd">
<html xmlns="http://www.w3.org/1999/xhtml" xml:lang="en" lang="en">
 <head>
  <title>
</title>
<meta http-equiv="Content-Type" content="text/html;charset=utf-8" />
  <meta name='ocr-system' content='tesseract 3.04.00' />
  <meta name='ocr-capabilities' content='ocr_page ocr_carea ocr_par ocr_line ocrx_word'/>
</head>
<body>
  <div class='ocr_page' id='page_1' title='image "./corpusscriptoru06theogoog/corpusscriptoru06theogoog_0199.png"; bbox 0 0 3017 4892; ppageno 0'>
   <div class='ocr_carea' id='block_1_1' title="bbox 609 310 1262 416">
    <p class='ocr_par' dir='ltr' id='par_1_1' title="bbox 609 310 1262 416">
     <span class='ocr_line' id='line_1_1' title="bbox 609 310 1262 416; baseline 0.006 -28"><span class='ocrx_word' id='word_1_1' title='bbox 609 317 820 389; x_wconf 77' lang='lat' dir='ltr'><strong>moroan.</strong></span> <span class='ocrx_word' id='word_1_2' title='bbox 1191 310 1262 416; x_wconf 82' lang='lat' dir='ltr'><strong><em>tot</em></strong></span> 
     </span>
    </p>
   </div>
   <div class='ocr_carea' id='block_1_2' title="bbox 74 482 1390 2893">
    <p class='ocr_par' dir='ltr' id='par_1_2' title="bbox 74 482 1390 2893">
     <span class='ocr_line' id='line_1_2' title="bbox 164 482 1267 579; baseline 0.001 -25"><span class='ocrx_word' id='word_1_3' title='bbox 164 487 295 579; x_wconf 81' lang='grc' dir='ltr'><strong><em>Δούκρ,</em></strong></span> <span class='ocrx_word' id='word_1_4' title='bbox 324 482 394 551; x_wconf 84' lang='grc' dir='ltr'><strong><em>ἐπεί</em></strong></span> <span class='ocrx_word' id='word_1_5' title='bbox 426 485 481 553; x_wconf 83' lang='grc' dir='ltr'><strong><em>καί</em></strong></span> <span class='ocrx_word' id='word_1_6' title='bbox 499 485 609 563; x_wconf 82' lang='grc' dir='ltr'><strong><em>σκαιὸς</em></strong></span> <span class='ocrx_word' id='word_1_7' title='bbox 628 484 740 574; x_wconf 83' lang='grc' dir='ltr'><strong><em>’ἐφύνη</em></strong></span> <span class='ocrx_word' id='word_1_8' title='bbox 762 487 816 553; x_wconf 81' lang='grc' dir='ltr'><strong><em>καί</em></strong></span> <span class='ocrx_word' id='word_1_9' title='bbox 845 489 1014 571; x_wconf 78' lang='grc' dir='ltr'><strong><em>διαβολεύς</em></strong></span> <span class='ocrx_word' id='word_1_10' title='bbox 1035 492 1091 555; x_wconf 84' lang='grc' dir='ltr'><strong><em>καί</em></strong></span> <span class='ocrx_word' id='word_1_11' title='bbox 1109 487 1267 576; x_wconf 75' lang='grc' dir='ltr'><strong><em>σοφιστῆς</em></strong></span> 
     </span>
     <span class='ocr_line' id='line_1_3' title="bbox 163 580 1265 685; baseline 0.004 -34"><span class='ocrx_word' id='word_1_12' title='bbox 163 590 225 651; x_wconf 77' lang='grc' dir='ltr'><strong><em>ταῖν</em></strong></span> <span class='ocrx_word' id='word_1_13' title='bbox 255 588 360 685; x_wconf 68' lang='grc' dir='ltr'><strong><em>κακύχ</em></strong></span> <span class='ocrx_word' id='word_1_14' title='bbox 390 580 433 661; x_wconf 81' lang='grc' dir='ltr'><strong><em>ύς</em></strong></span> <span class='ocrx_word' id='word_1_15' title='bbox 467 584 523 650; x_wconf 81' lang='grc' dir='ltr'><strong><em>καί</em></strong></span> <span class='ocrx_word' id='word_1_16' title='bbox 553 585 631 652; x_wconf 85' lang='grc' dir='ltr'><strong><em>κατύ</em></strong></span> <span class='ocrx_word' id='word_1_17' title='bbox 668 590 723 671; x_wconf 75' lang='grc' dir='ltr'><strong><em>τῆς</em></strong></span> <span class='ocrx_word' id='word_1_18' title='bbox 741 587 937 675; x_wconf 78' lang='grc' dir='ltr'><strong><em>Ἀύχούστης</em></strong></span> <span class='ocrx_word' id='word_1_19' title='bbox 955 591 1104 672; x_wconf 76' lang='grc' dir='ltr'><strong><em>μοιχείας</em></strong></span> <span class='ocrx_word' id='word_1_20' title='bbox 1124 585 1265 674; x_wconf 77' lang='grc' dir='ltr'><strong><em>ἔγκλημα</em></strong></span> 
     </span>
     <span class='ocr_line' id='line_1_4' title="bbox 162 686 1268 777; baseline 0.001 -24"><span class='ocrx_word' id='word_1_21' title='bbox 162 691 207 774; x_wconf 78' lang='grc' dir='ltr'><strong><em>τῷ</em></strong></span> <span class='ocrx_word' id='word_1_22' title='bbox 226 692 355 769; x_wconf 70' lang='grc' dir='ltr'><strong><em>βασιλεῖ</em></strong></span> <span class='ocrx_word' id='word_1_23' title='bbox 371 686 607 770; x_wconf 82' lang='grc' dir='ltr'><strong><em>ύποψιθυρίσαι</em></strong></span> <span class='ocrx_word' id='word_1_24' title='bbox 627 690 739 777; x_wconf 79' lang='grc' dir='ltr'><strong><em>φθόνῳ</em></strong></span> <span class='ocrx_word' id='word_1_25' title='bbox 761 692 821 754; x_wconf 86' lang='grc' dir='ltr'><strong><em>τού</em></strong></span> <span class='ocrx_word' id='word_1_26' title='bbox 841 692 1189 775; x_wconf 80' lang='grc' dir='ltr'><strong><em>συνεξυπηρετουμένου</em></strong></span> <span class='ocrx_word' id='word_1_27' title='bbox 1212 689 1268 755; x_wconf 79' lang='grc' dir='ltr'><strong><em>κατ’</em></strong></span> 
     </span>
     <span class='ocr_line' id='line_1_5' title="bbox 162 787 1267 876; baseline 0.001 -22"><span class='ocrx_word' id='word_1_28' title='bbox 162 790 456 871; x_wconf 83' lang='grc' dir='ltr'><strong><em>συνδιενερχούντος</em></strong></span> <span class='ocrx_word' id='word_1_29' title='bbox 486 787 571 876; x_wconf 74' lang='grc' dir='ltr'><strong><em>αύτῷ</em></strong></span> <span class='ocrx_word' id='word_1_30' title='bbox 593 789 729 874; x_wconf 72' lang='grc' dir='ltr'><strong><em>Μιχαὴλ</em></strong></span> <span class='ocrx_word' id='word_1_31' title='bbox 750 792 809 854; x_wconf 86' lang='grc' dir='ltr'><strong><em>τού</em></strong></span> <span class='ocrx_word' id='word_1_32' title='bbox 831 791 1029 874; x_wconf 78' lang='grc' dir='ltr'><strong><em>Νικομήδον,</em></strong></span> <span class='ocrx_word' id='word_1_33' title='bbox 1051 794 1106 873; x_wconf 75' lang='grc' dir='ltr'><strong><em>τῆς</em></strong></span> <span class='ocrx_word' id='word_1_34' title='bbox 1123 792 1182 869; x_wconf 78' lang='grc' dir='ltr'><strong><em>μὲν</em></strong></span> <span class='ocrx_word' id='word_1_35' title='bbox 1201 796 1267 872; x_wconf 81' lang='grc' dir='ltr'><strong><em>βα-</em></strong></span> 
     </span>
     <span class='ocr_line' id='line_1_6' title="bbox 136 887 1265 981; baseline -0.002 -24"><span class='ocrx_word' id='word_1_36' title='bbox 136 892 285 975; x_wconf 73' lang='grc' dir='ltr'><strong><em>5σιλικῆς</em></strong></span> <span class='ocrx_word' id='word_1_37' title='bbox 315 889 544 973; x_wconf 79' lang='grc' dir='ltr'><strong><em>παραστάσεως</em></strong></span> <span class='ocrx_word' id='word_1_38' title='bbox 571 892 789 981; x_wconf 75' lang='grc' dir='ltr'><strong><em>α’πεπέμφθη,</em></strong></span> <span class='ocrx_word' id='word_1_39' title='bbox 816 888 892 971; x_wconf 83' lang='grc' dir='ltr'><strong><em>δούξ</em></strong></span> <span class='ocrx_word' id='word_1_40' title='bbox 914 894 951 973; x_wconf 72' lang='grc' dir='ltr'><strong><em>δέ</em></strong></span> <span class='ocrx_word' id='word_1_41' title='bbox 972 893 1030 975; x_wconf 78' lang='grc' dir='ltr'><strong><em>τῆς</em></strong></span> <span class='ocrx_word' id='word_1_42' title='bbox 1051 887 1131 956; x_wconf 74' lang='lat' dir='ltr'><strong>aurci</strong></span> <span class='ocrx_word' id='word_1_43' title='bbox 1157 891 1265 974; x_wconf 87' lang='grc' dir='ltr'><strong><em>κοιλην</em></strong></span> 
     </span>
     <span class='ocr_line' id='line_1_7' title="bbox 162 991 1265 1076; baseline 0 -20"><span class='ocrx_word' id='word_1_44' title='bbox 162 994 284 1074; x_wconf 81' lang='grc' dir='ltr'><strong><em>Συρίαν</em></strong></span> <span class='ocrx_word' id='word_1_45' title='bbox 316 991 509 1073; x_wconf 77' lang='grc' dir='ltr'><strong><em>Ἀντιοχείας</em></strong></span> <span class='ocrx_word' id='word_1_46' title='bbox 548 993 754 1075; x_wconf 80' lang='grc' dir='ltr'><strong><em>α’ποδειχθείς</em></strong></span> <span class='ocrx_word' id='word_1_47' title='bbox 788 995 866 1057; x_wconf 83' lang='grc' dir='ltr'><strong><em>ου’δέ</em></strong></span> <span class='ocrx_word' id='word_1_48' title='bbox 904 1000 968 1068; x_wconf 77' lang='grc' dir='ltr'><strong><em>τοῖς</em></strong></span> <span class='ocrx_word' id='word_1_49' title='bbox 1005 995 1106 1057; x_wconf 84' lang='grc' dir='ltr'><strong><em>ἐκεῖσε</em></strong></span> <span class='ocrx_word' id='word_1_50' title='bbox 1133 996 1265 1076; x_wconf 86' lang='grc' dir='ltr'><strong><em>μέρεσιν</em></strong></span> 
     </span>
     <span class='ocr_line' id='line_1_8' title="bbox 163 1090 1266 1179; baseline 0 -22"><span class='ocrx_word' id='word_1_51' title='bbox 163 1091 351 1176; x_wconf 82' lang='grc' dir='ltr'><strong><em>σ’πρύχμονα</em></strong></span> <span class='ocrx_word' id='word_1_52' title='bbox 366 1090 421 1156; x_wconf 83' lang='grc' dir='ltr'><strong><em>καί</em></strong></span> <span class='ocrx_word' id='word_1_53' title='bbox 432 1091 645 1159; x_wconf 73' lang='grc' dir='ltr'><strong><em>ἀστασίαστον</em></strong></span> <span class='ocrx_word' id='word_1_54' title='bbox 658 1091 717 1177; x_wconf 71' lang='grc' dir='ltr'><strong><em>τήν</em></strong></span> <span class='ocrx_word' id='word_1_55' title='bbox 729 1093 887 1178; x_wconf 66' lang='grc' dir='ltr'><strong><em>διαγωγὴν</em></strong></span> <span class='ocrx_word' id='word_1_56' title='bbox 896 1097 1113 1174; x_wconf 87' lang='grc' dir='ltr'><strong><em>καταλέλοιπε,</em></strong></span> <span class='ocrx_word' id='word_1_57' title='bbox 1135 1093 1266 1179; x_wconf 87' lang='grc' dir='ltr'><strong><em>προφύ-</em></strong></span> 
     </span>
     <span class='ocr_line' id='line_1_9' title="bbox 162 1192 1264 1280; baseline -0.002 -21"><span class='ocrx_word' id='word_1_58' title='bbox 162 1216 229 1268; x_wconf 87' lang='grc' dir='ltr'><strong><em>στις</em></strong></span> <span class='ocrx_word' id='word_1_59' title='bbox 251 1195 396 1271; x_wconf 82' lang='grc' dir='ltr'><strong><em>πολέμων</em></strong></span> <span class='ocrx_word' id='word_1_60' title='bbox 418 1194 452 1257; x_wconf 86' lang='grc' dir='ltr'><strong><em>ἐκ</em></strong></span> <span class='ocrx_word' id='word_1_61' title='bbox 465 1192 662 1277; x_wconf 76' lang='grc' dir='ltr'><strong><em>κατασκευης</em></strong></span> <span class='ocrx_word' id='word_1_62' title='bbox 683 1200 849 1280; x_wconf 73' lang='grc' dir='ltr'><strong><em>φρουρήσει</em></strong></span> <span class='ocrx_word' id='word_1_63' title='bbox 870 1193 1089 1278; x_wconf 81' lang='grc' dir='ltr'><strong><em>ἐπισυνείρων,</em></strong></span> <span class='ocrx_word' id='word_1_64' title='bbox 1116 1192 1172 1257; x_wconf 83' lang='grc' dir='ltr'><strong><em>καί</em></strong></span> <span class='ocrx_word' id='word_1_65' title='bbox 1191 1195 1264 1257; x_wconf 86' lang='grc' dir='ltr'><strong><em>δια-</em></strong></span> 
     </span>
     <span class='ocr_line' id='line_1_10' title="bbox 163 1291 1264 1380; baseline -0.001 -23"><span class='ocrx_word' id='word_1_66' title='bbox 163 1295 277 1358; x_wconf 82' lang='grc' dir='ltr'><strong><em>κιστιύν</em></strong></span> <span class='ocrx_word' id='word_1_67' title='bbox 297 1291 371 1367; x_wconf 86' lang='grc' dir='ltr'><strong><em>τούς</em></strong></span> <span class='ocrx_word' id='word_1_68' title='bbox 394 1292 597 1380; x_wconf 81' lang='grc' dir='ltr'><strong><em>Σαρακηνούς</em></strong></span> <span class='ocrx_word' id='word_1_69' title='bbox 621 1297 875 1377; x_wconf 73' lang='grc' dir='ltr'><strong><em>οέντιπολιλτματα</em></strong></span> <span class='ocrx_word' id='word_1_70' title='bbox 891 1297 1042 1361; x_wconf 84' lang='grc' dir='ltr'><strong><em>συνιστᾶν</em></strong></span> <span class='ocrx_word' id='word_1_71' title='bbox 1064 1298 1110 1369; x_wconf 84' lang='grc' dir='ltr'><strong><em>είς</em></strong></span> <span class='ocrx_word' id='word_1_72' title='bbox 1131 1292 1187 1376; x_wconf 75' lang='grc' dir='ltr'><strong><em>τήν</em></strong></span> <span class='ocrx_word' id='word_1_73' title='bbox 1207 1298 1264 1377; x_wconf 80' lang='grc' dir='ltr'><strong><em>τῆς</em></strong></span> 
     </span>
     <span class='ocr_line' id='line_1_11' title="bbox 118 1387 1264 1481; baseline -0.005 -18"><span class='ocrx_word' id='word_1_74' title='bbox 118 1390 262 1479; x_wconf 84' lang='grc' dir='ltr'><strong><em>1ούκρας</em></strong></span> <span class='ocrx_word' id='word_1_75' title='bbox 291 1394 446 1461; x_wconf 75' lang='grc' dir='ltr'><strong><em>ἐπίθεσιν.</em></strong></span> <span class='ocrx_word' id='word_1_76' title='bbox 499 1397 554 1460; x_wconf 87' lang='grc' dir='ltr'><strong><em>καί</em></strong></span> <span class='ocrx_word' id='word_1_77' title='bbox 573 1387 725 1477; x_wconf 82' lang='grc' dir='ltr'><strong><em>Ιπολεμεῖν</em></strong></span> <span class='ocrx_word' id='word_1_78' title='bbox 751 1400 812 1478; x_wconf 82' lang='grc' dir='ltr'><strong><em>μὲν</em></strong></span> <span class='ocrx_word' id='word_1_79' title='bbox 836 1397 963 1471; x_wconf 75' lang='grc' dir='ltr'><strong><em>τούτοις</em></strong></span> <span class='ocrx_word' id='word_1_80' title='bbox 989 1390 1010 1481; x_wconf 79' lang='grc' dir='ltr'><em>ἢ</em></span> <span class='ocrx_word' id='word_1_81' title='bbox 1034 1400 1264 1475; x_wconf 81' lang='grc' dir='ltr'><strong><em>καταπολεμεῖν</em></strong></span> 
     </span>
     <span class='ocr_line' id='line_1_12' title="bbox 160 1480 1265 1579; baseline -0.001 -20"><span class='ocrx_word' id='word_1_82' title='bbox 160 1493 206 1577; x_wconf 76' lang='grc' dir='ltr'><strong><em>μὴ</em></strong></span> <span class='ocrx_word' id='word_1_83' title='bbox 240 1492 432 1579; x_wconf 83' lang='grc' dir='ltr'><strong><em>δυνύμενος,</em></strong></span> <span class='ocrx_word' id='word_1_84' title='bbox 473 1480 693 1577; x_wconf 79' lang='grc' dir='ltr'><strong><em>οέντιπολεμεῖν</em></strong></span> <span class='ocrx_word' id='word_1_85' title='bbox 726 1504 793 1571; x_wconf 77' lang='grc' dir='ltr'><strong><em>τοῖς</em></strong></span> <span class='ocrx_word' id='word_1_86' title='bbox 818 1498 990 1577; x_wconf 84' lang='grc' dir='ltr'><strong><em>Ῥωμαίοις</em></strong></span> <span class='ocrx_word' id='word_1_87' title='bbox 1026 1498 1083 1558; x_wconf 86' lang='grc' dir='ltr'><strong><em>καί</em></strong></span> <span class='ocrx_word' id='word_1_88' title='bbox 1109 1496 1265 1558; x_wconf 65' lang='lat' dir='ltr'><strong>detector</strong></span> 
     </span>
     <span class='ocr_line' id='line_1_13' title="bbox 160 1584 1264 1681; baseline -0.004 -22"><span class='ocrx_word' id='word_1_89' title='bbox 160 1598 347 1680; x_wconf 81' lang='grc' dir='ltr'><strong><em>προσοίκους</em></strong></span> <span class='ocrx_word' id='word_1_90' title='bbox 367 1594 474 1672; x_wconf 83' lang='grc' dir='ltr'><strong><em>πόλεις</em></strong></span> <span class='ocrx_word' id='word_1_91' title='bbox 496 1584 561 1674; x_wconf 78' lang='grc' dir='ltr'><strong><em>τοῖς</em></strong></span> <span class='ocrx_word' id='word_1_92' title='bbox 580 1597 773 1677; x_wconf 82' lang='grc' dir='ltr'><strong><em>Ῥωμαϊκοϊς</em></strong></span> <span class='ocrx_word' id='word_1_93' title='bbox 804 1596 902 1681; x_wconf 78' lang='grc' dir='ltr'><strong><em>ὁρίοις</em></strong></span> <span class='ocrx_word' id='word_1_94' title='bbox 928 1598 1095 1681; x_wconf 75' lang='grc' dir='ltr'><strong><em>ἠρέθιζεν·</em></strong></span> <span class='ocrx_word' id='word_1_95' title='bbox 1138 1592 1176 1657; x_wconf 86' lang='grc' dir='ltr'><strong><em>σύ</em></strong></span> <span class='ocrx_word' id='word_1_96' title='bbox 1197 1590 1264 1675; x_wconf 73' lang='grc' dir='ltr'><strong><em>μην</em></strong></span> 
     </span>
     <span class='ocr_line' id='line_1_14' title="bbox 162 1685 1280 1781; baseline -0.004 -22"><span class='ocrx_word' id='word_1_97' title='bbox 162 1700 231 1760; x_wconf 80' lang='grc' dir='ltr'><strong><em>αλλ’</em></strong></span> <span class='ocrx_word' id='word_1_98' title='bbox 254 1691 328 1761; x_wconf 87' lang='grc' dir='ltr'><strong><em>ούδέ</em></strong></span> <span class='ocrx_word' id='word_1_99' title='bbox 349 1705 416 1773; x_wconf 77' lang='grc' dir='ltr'><strong><em>τοῖς</em></strong></span> <span class='ocrx_word' id='word_1_100' title='bbox 438 1700 602 1781; x_wconf 72' lang='grc' dir='ltr'><strong><em>ἐγχωρίοις</em></strong></span> <span class='ocrx_word' id='word_1_101' title='bbox 625 1695 842 1780; x_wconf 74' lang='grc' dir='ltr'><strong><em>Ἀντιοχεῦσιν</em></strong></span> <span class='ocrx_word' id='word_1_102' title='bbox 871 1697 1080 1781; x_wconf 84' lang='grc' dir='ltr'><strong><em>α’νενύχλητον</em></strong></span> <span class='ocrx_word' id='word_1_103' title='bbox 1109 1697 1164 1757; x_wconf 88' lang='grc' dir='ltr'><strong><em>καί</em></strong></span> <span class='ocrx_word' id='word_1_104' title='bbox 1184 1685 1280 1756; x_wconf 81' lang='grc' dir='ltr'><strong><em>ύλυ-’</em></strong></span> 
     </span>
     <span class='ocr_line' id='line_1_15' title="bbox 160 1793 1284 1881; baseline -0.004 -22"><span class='ocrx_word' id='word_1_105' title='bbox 160 1820 220 1861; x_wconf 92' lang='grc' dir='ltr'><strong><em>πον</em></strong></span> <span class='ocrx_word' id='word_1_106' title='bbox 254 1795 310 1879; x_wconf 72' lang='grc' dir='ltr'><strong><em>τὴν</em></strong></span> <span class='ocrx_word' id='word_1_107' title='bbox 337 1794 498 1881; x_wconf 76' lang='grc' dir='ltr'><strong><em>διαγωγήν</em></strong></span> <span class='ocrx_word' id='word_1_108' title='bbox 524 1793 740 1881; x_wconf 76' lang='grc' dir='ltr'><strong><em>συνετήρησε,</em></strong></span> <span class='ocrx_word' id='word_1_109' title='bbox 764 1798 838 1861; x_wconf 80' lang='grc' dir='ltr'><strong><em>ποτὲ</em></strong></span> <span class='ocrx_word' id='word_1_110' title='bbox 858 1800 916 1876; x_wconf 81' lang='grc' dir='ltr'><strong><em>μὲν</em></strong></span> <span class='ocrx_word' id='word_1_111' title='bbox 934 1794 991 1869; x_wconf 88' lang='grc' dir='ltr'><strong><em>τύς</em></strong></span> <span class='ocrx_word' id='word_1_112' title='bbox 1012 1793 1136 1878; x_wconf 81' lang='grc' dir='ltr'><strong><em>κτήσεις</em></strong></span> <span class='ocrx_word' id='word_1_113' title='bbox 1158 1793 1284 1856; x_wconf 77' lang='grc' dir='ltr'><strong><em>αύτοόν</em></strong></span> 
     </span>
     <span class='ocr_line' id='line_1_16' title="bbox 116 1892 1264 1983; baseline -0.003 -24"><span class='ocrx_word' id='word_1_114' title='bbox 116 1908 151 1961; x_wconf 87' lang='grc'><strong><em>15</em></strong></span> <span class='ocrx_word' id='word_1_115' title='bbox 160 1892 408 1983; x_wconf 86' lang='grc' dir='ltr'><strong><em>α’φαιρούμενος,</em></strong></span> <span class='ocrx_word' id='word_1_116' title='bbox 432 1898 506 1960; x_wconf 85' lang='grc' dir='ltr'><strong><em>ποτὲ</em></strong></span> <span class='ocrx_word' id='word_1_117' title='bbox 528 1898 563 1960; x_wconf 83' lang='grc' dir='ltr'><strong><em>δέ</em></strong></span> <span class='ocrx_word' id='word_1_118' title='bbox 579 1895 806 1981; x_wconf 76' lang='grc' dir='ltr'><strong><em>καταβαρύνωι</em></strong></span> <span class='ocrx_word' id='word_1_119' title='bbox 828 1896 927 1971; x_wconf 83' lang='grc' dir='ltr'><strong><em>αύτύς</em></strong></span> <span class='ocrx_word' id='word_1_120' title='bbox 943 1892 1134 1978; x_wconf 73' lang='grc' dir='ltr'><strong><em>ἀπαντήσεσι</em></strong></span> <span class='ocrx_word' id='word_1_121' title='bbox 1156 1917 1264 1974; x_wconf 90' lang='grc' dir='ltr'><strong><em>παρα-</em></strong></span> 
     </span>
     <span class='ocr_line' id='line_1_17' title="bbox 160 1994 1263 2083; baseline -0.005 -22"><span class='ocrx_word' id='word_1_122' title='bbox 160 1994 264 2079; x_wconf 79' lang='grc' dir='ltr'><strong><em>λόγοις</em></strong></span> <span class='ocrx_word' id='word_1_123' title='bbox 285 1996 340 2061; x_wconf 85' lang='grc' dir='ltr'><strong><em>καί</em></strong></span> <span class='ocrx_word' id='word_1_124' title='bbox 362 1996 513 2082; x_wconf 82' lang='grc' dir='ltr'><strong><em>α’πηνίσιν</em></strong></span> <span class='ocrx_word' id='word_1_125' title='bbox 537 2001 718 2083; x_wconf 81' lang='grc' dir='ltr'><strong><em>ἐπιφοραῖς.</em></strong></span> <span class='ocrx_word' id='word_1_126' title='bbox 765 1996 800 2071; x_wconf 66' lang='lat' dir='ltr'><strong><em>tc</em></strong></span> <span class='ocrx_word' id='word_1_127' title='bbox 819 2000 872 2080; x_wconf 83' lang='grc' dir='ltr'><strong><em>τῆς</em></strong></span> <span class='ocrx_word' id='word_1_128' title='bbox 893 1996 998 2080; x_wconf 81' lang='grc' dir='ltr'><strong><em>α’ρχῆς</em></strong></span> <span class='ocrx_word' id='word_1_129' title='bbox 1016 1997 1133 2078; x_wconf 86' lang='grc' dir='ltr'><strong><em>ταύτης</em></strong></span> <span class='ocrx_word' id='word_1_130' title='bbox 1153 2018 1263 2076; x_wconf 86' lang='grc' dir='ltr'><strong><em>παρα-</em></strong></span> 
     </span>
     <span class='ocr_line' id='line_1_18' title="bbox 160 2092 1262 2182; baseline -0.005 -20"><span class='ocrx_word' id='word_1_131' title='bbox 160 2100 288 2175; x_wconf 74' lang='grc' dir='ltr'><strong><em>λυθείς,</em></strong></span> <span class='ocrx_word' id='word_1_132' title='bbox 321 2100 376 2162; x_wconf 79' lang='grc' dir='ltr'><strong><em>κατ’</em></strong></span> <span class='ocrx_word' id='word_1_133' title='bbox 394 2097 474 2179; x_wconf 78' lang='grc' dir='ltr'><strong><em>μετὰ</em></strong></span> <span class='ocrx_word' id='word_1_134' title='bbox 506 2102 608 2163; x_wconf 74' lang='grc' dir='ltr'><strong><em>ταῦτα</em></strong></span> <span class='ocrx_word' id='word_1_135' title='bbox 634 2099 739 2180; x_wconf 77' lang='grc' dir='ltr'><strong><em>πάλιν,</em></strong></span> <span class='ocrx_word' id='word_1_136' title='bbox 763 2092 814 2164; x_wconf 83' lang='grc' dir='ltr'><strong><em>οἷα</em></strong></span> <span class='ocrx_word' id='word_1_137' title='bbox 842 2096 882 2162; x_wconf 85' lang='grc' dir='ltr'><strong><em>τύ</em></strong></span> <span class='ocrx_word' id='word_1_138' title='bbox 904 2101 961 2162; x_wconf 84' lang='grc' dir='ltr'><strong><em>τού</em></strong></span> <span class='ocrx_word' id='word_1_139' title='bbox 980 2100 1170 2182; x_wconf 77' lang='grc' dir='ltr'><strong><em>κρατοῦντος</em></strong></span> <span class='ocrx_word' id='word_1_140' title='bbox 1190 2094 1262 2159; x_wconf 82' lang='grc' dir='ltr'><strong><em>τότε</em></strong></span> 
     </span>
     <span class='ocr_line' id='line_1_19' title="bbox 159 2198 1390 2286; baseline -0.003 -22"><span class='ocrx_word' id='word_1_141' title='bbox 159 2200 311 2284; x_wconf 80' lang='grc' dir='ltr'><strong><em>περιπετῆ</em></strong></span> <span class='ocrx_word' id='word_1_142' title='bbox 341 2201 396 2263; x_wconf 78' lang='grc' dir='ltr'><strong><em>κατ’</em></strong></span> <span class='ocrx_word' id='word_1_143' title='bbox 423 2201 618 2282; x_wconf 78' lang='grc' dir='ltr'><strong><em>ἀκυβέρνητα</em></strong></span> <span class='ocrx_word' id='word_1_144' title='bbox 657 2198 878 2286; x_wconf 79' lang='grc' dir='ltr'><strong><em>ἐφευρὴματα,</em></strong></span> <span class='ocrx_word' id='word_1_145' title='bbox 900 2198 1062 2284; x_wconf 75' lang='grc' dir='ltr'><strong><em>πεμφθείς</em></strong></span> <span class='ocrx_word' id='word_1_146' title='bbox 1083 2199 1128 2273; x_wconf 80' lang='grc' dir='ltr'><strong><em>εἰς</em></strong></span> <span class='ocrx_word' id='word_1_147' title='bbox 1151 2200 1390 2263; x_wconf 62' lang='lat' dir='ltr'><strong>deora-mdiu</strong></span> 
     </span>
     <span class='ocr_line' id='line_1_20' title="bbox 74 2298 1261 2385; baseline -0.003 -19"><span class='ocrx_word' id='word_1_148' title='bbox 74 2336 79 2345; x_wconf 94' lang='lat'>·</span> <span class='ocrx_word' id='word_1_149' title='bbox 160 2325 220 2384; x_wconf 87' lang='grc' dir='ltr'><strong><em>ραν</em></strong></span> <span class='ocrx_word' id='word_1_150' title='bbox 260 2299 448 2383; x_wconf 74' lang='grc' dir='ltr'><strong><em>ἡγεμονίαν,</em></strong></span> <span class='ocrx_word' id='word_1_151' title='bbox 473 2300 530 2364; x_wconf 90' lang='grc' dir='ltr'><strong><em>ούκ</em></strong></span> <span class='ocrx_word' id='word_1_152' title='bbox 561 2298 675 2365; x_wconf 80' lang='grc' dir='ltr'><strong><em>ἐλάττω</em></strong></span> <span class='ocrx_word' id='word_1_153' title='bbox 704 2304 766 2364; x_wconf 81' lang='grc' dir='ltr'><strong><em>τιὸν</em></strong></span> <span class='ocrx_word' id='word_1_154' title='bbox 796 2304 954 2385; x_wconf 76' lang='grc' dir='ltr'><strong><em>προτέρων</em></strong></span> <span class='ocrx_word' id='word_1_155' title='bbox 989 2299 1047 2383; x_wconf 74' lang='grc' dir='ltr'><strong><em>τὴν</em></strong></span> <span class='ocrx_word' id='word_1_156' title='bbox 1075 2305 1261 2384; x_wconf 74' lang='grc' dir='ltr'><strong><em>μοχθηρίαν</em></strong></span> 
     </span>
     <span class='ocr_line' id='line_1_21' title="bbox 114 2398 1360 2491; baseline -0.005 -23"><span class='ocrx_word' id='word_1_157' title='bbox 114 2400 324 2485; x_wconf 76' lang='grc' dir='ltr'><strong><em>2οεἰσήνεηκε.</em></strong></span> <span class='ocrx_word' id='word_1_158' title='bbox 374 2405 430 2467; x_wconf 81' lang='grc' dir='ltr'><strong><em>τοῦ</em></strong></span> <span class='ocrx_word' id='word_1_159' title='bbox 450 2402 485 2465; x_wconf 83' lang='grc' dir='ltr'><strong><em>δὲ</em></strong></span> <span class='ocrx_word' id='word_1_160' title='bbox 505 2398 727 2482; x_wconf 77' lang='grc' dir='ltr'><strong><em>βασιλεύοντος</em></strong></span> <span class='ocrx_word' id='word_1_161' title='bbox 757 2398 962 2491; x_wconf 75' lang='grc' dir='ltr'><strong><em>τεθνηκότος,</em></strong></span> <span class='ocrx_word' id='word_1_162' title='bbox 983 2403 1038 2464; x_wconf 74' lang='grc' dir='ltr'><strong><em>κατ’</em></strong></span> <span class='ocrx_word' id='word_1_163' title='bbox 1057 2404 1113 2483; x_wconf 81' lang='grc' dir='ltr'><strong><em>τῆς</em></strong></span> <span class='ocrx_word' id='word_1_164' title='bbox 1130 2398 1263 2482; x_wconf 64' lang='lat' dir='ltr'><strong>Atyri-</strong></span> <span class='ocrx_word' id='word_1_165' title='bbox 1357 2423 1360 2433; x_wconf 88' lang='lat'>·</span> 
     </span>
     <span class='ocr_line' id='line_1_22' title="bbox 158 2499 1260 2589; baseline -0.004 -20"><span class='ocrx_word' id='word_1_166' title='bbox 158 2528 230 2588; x_wconf 83' lang='grc' dir='ltr'><strong><em>στης</em></strong></span> <span class='ocrx_word' id='word_1_167' title='bbox 253 2500 311 2586; x_wconf 74' lang='grc' dir='ltr'><strong><em>τὴν</em></strong></span> <span class='ocrx_word' id='word_1_168' title='bbox 333 2500 552 2587; x_wconf 82' lang='grc' dir='ltr'><strong><em>αύτοκρύτορα</em></strong></span> <span class='ocrx_word' id='word_1_169' title='bbox 574 2506 798 2589; x_wconf 81' lang='grc' dir='ltr'><strong><em>περιελομένης</em></strong></span> <span class='ocrx_word' id='word_1_170' title='bbox 820 2500 944 2587; x_wconf 73' lang='grc' dir='ltr'><strong><em>α’ρχὴν,</em></strong></span> <span class='ocrx_word' id='word_1_171' title='bbox 966 2499 1041 2585; x_wconf 77' lang='grc' dir='ltr'><strong><em>ἔσχε</em></strong></span> <span class='ocrx_word' id='word_1_172' title='bbox 1063 2526 1111 2577; x_wconf 90' lang='grc' dir='ltr'><strong><em>τις</em></strong></span> <span class='ocrx_word' id='word_1_173' title='bbox 1133 2504 1260 2566; x_wconf 86' lang='grc' dir='ltr'><strong><em>ἐναντία</em></strong></span> 
     </span>
     <span class='ocr_line' id='line_1_23' title="bbox 157 2600 1259 2693; baseline -0.005 -23"><span class='ocrx_word' id='word_1_174' title='bbox 157 2605 240 2689; x_wconf 88' lang='grc' dir='ltr'><strong><em>τύχη</em></strong></span> <span class='ocrx_word' id='word_1_175' title='bbox 262 2603 316 2669; x_wconf 85' lang='grc' dir='ltr'><strong><em>τύν</em></strong></span> <span class='ocrx_word' id='word_1_176' title='bbox 335 2600 547 2688; x_wconf 86' lang='grc' dir='ltr'><strong><em>πονηρότατον</em></strong></span> <span class='ocrx_word' id='word_1_177' title='bbox 561 2605 668 2693; x_wconf 81' lang='grc' dir='ltr'><strong><em>τοῦτον</em></strong></span> <span class='ocrx_word' id='word_1_178' title='bbox 688 2608 749 2667; x_wconf 78' lang='grc' dir='ltr'><strong><em>καί</em></strong></span> <span class='ocrx_word' id='word_1_179' title='bbox 761 2602 967 2668; x_wconf 74' lang='grc' dir='ltr'><strong><em>ἀδικώτατον.</em></strong></span> <span class='ocrx_word' id='word_1_180' title='bbox 1010 2601 1176 2684; x_wconf 74' lang='grc' dir='ltr'><strong><em>βασιλικόν</em></strong></span> <span class='ocrx_word' id='word_1_181' title='bbox 1197 2600 1259 2686; x_wconf 79' lang='grc' dir='ltr'><strong><em>χύρ</em></strong></span> 
     </span>
     <span class='ocr_line' id='line_1_24' title="bbox 160 2696 1261 2792; baseline -0.003 -24"><span class='ocrx_word' id='word_1_182' title='bbox 160 2704 261 2786; x_wconf 78' lang='grc' dir='ltr'><strong><em>δόγμα</em></strong></span> <span class='ocrx_word' id='word_1_183' title='bbox 294 2698 474 2784; x_wconf 80' lang='grc' dir='ltr'><strong><em>καταλαβὸν</em></strong></span> <span class='ocrx_word' id='word_1_184' title='bbox 498 2702 596 2768; x_wconf 87' lang='grc' dir='ltr'><strong><em>αύτύν</em></strong></span> <span class='ocrx_word' id='word_1_185' title='bbox 616 2706 661 2780; x_wconf 77' lang='grc' dir='ltr'><strong><em>τίς</em></strong></span> <span class='ocrx_word' id='word_1_186' title='bbox 681 2704 736 2786; x_wconf 81' lang='grc' dir='ltr'><strong><em>τὴν</em></strong></span> <span class='ocrx_word' id='word_1_187' title='bbox 753 2696 953 2785; x_wconf 80' lang='grc' dir='ltr'><strong><em>Ἀντιόχειαν</em></strong></span> <span class='ocrx_word' id='word_1_188' title='bbox 984 2707 1023 2792; x_wconf 77' lang='grc' dir='ltr'><strong><em>τῇ</em></strong></span> <span class='ocrx_word' id='word_1_189' title='bbox 1046 2706 1104 2765; x_wconf 87' lang='grc' dir='ltr'><strong><em>τού</em></strong></span> <span class='ocrx_word' id='word_1_190' title='bbox 1126 2703 1261 2783; x_wconf 72' lang='grc' dir='ltr'><strong><em>αἵματος</em></strong></span> 
     </span>
     <span class='ocr_line' id='line_1_25' title="bbox 162 2797 1260 2893; baseline 0.001 -25"><span class='ocrx_word' id='word_1_191' title='bbox 162 2808 291 2893; x_wconf 77' lang='grc' dir='ltr'><strong><em>φρουρᾷ</em></strong></span> <span class='ocrx_word' id='word_1_192' title='bbox 313 2805 530 2888; x_wconf 76' lang='grc' dir='ltr'><strong><em>παραδέδωκε,</em></strong></span> <span class='ocrx_word' id='word_1_193' title='bbox 552 2803 606 2869; x_wconf 83' lang='grc' dir='ltr'><strong><em>καί</em></strong></span> <span class='ocrx_word' id='word_1_194' title='bbox 626 2797 666 2889; x_wconf 77' lang='grc' dir='ltr'><strong><em>ἧν</em></strong></span> <span class='ocrx_word' id='word_1_195' title='bbox 686 2800 870 2891; x_wconf 76' lang='grc' dir='ltr'><strong><em>ἔμφρουρος</em></strong></span> <span class='ocrx_word' id='word_1_196' title='bbox 891 2804 945 2869; x_wconf 88' lang='grc' dir='ltr'><strong><em>ε’πί</em></strong></span> <span class='ocrx_word' id='word_1_197' title='bbox 961 2802 1077 2891; x_wconf 85' lang='grc' dir='ltr'><strong><em>χρόνον</em></strong></span> <span class='ocrx_word' id='word_1_198' title='bbox 1095 2799 1167 2870; x_wconf 77' lang='grc' dir='ltr'><strong><em>τινὰ</em></strong></span> <span class='ocrx_word' id='word_1_199' title='bbox 1189 2808 1260 2869; x_wconf 77' lang='grc' dir='ltr'><strong><em>κατ’</em></strong></span> 
     </span>
    </p>
   </div>
   <div class='ocr_carea' id='block_1_3' title="bbox 228 2971 798 3049">
    <p class='ocr_par' dir='ltr' id='par_1_3' title="bbox 228 2971 798 3049">
     <span class='ocr_line' id='line_1_26' title="bbox 228 2971 798 3049; baseline 0.004 -20"><span class='ocrx_word' id='word_1_200' title='bbox 228 2971 254 3029; x_wconf 80' lang='grc'><strong><em>4.</em></strong></span> <span class='ocrx_word' id='word_1_201' title='bbox 274 2974 481 3048; x_wconf 69' lang='grc' dir='ltr'><strong><em>Νικομηδίισςλ</em></strong></span> <span class='ocrx_word' id='word_1_202' title='bbox 541 3018 547 3024; x_wconf 96' lang='grc'>.</span> <span class='ocrx_word' id='word_1_203' title='bbox 564 2975 590 3027; x_wconf 83' lang='grc'><strong><em>8.</em></strong></span> <span class='ocrx_word' id='word_1_204' title='bbox 607 2972 751 3049; x_wconf 79' lang='grc' dir='ltr'><strong><em>πολεμίων</em></strong></span> <span class='ocrx_word' id='word_1_205' title='bbox 769 2977 798 3031; x_wconf 79' lang='lat' dir='ltr'><strong><em>G·</em></strong></span> 
     </span>
    </p>
   </div>
   <div class='ocr_carea' id='block_1_4' title="bbox 106 3115 1260 4327">
    <p class='ocr_par' dir='ltr' id='par_1_4' title="bbox 106 3115 1260 4327">
     <span class='ocr_line' id='line_1_27' title="bbox 158 3115 1260 3184; baseline -0.002 -17"><span class='ocrx_word' id='word_1_206' title='bbox 158 3118 263 3180; x_wconf 75' lang='lat' dir='ltr'><strong>lineae,</strong></span> <span class='ocrx_word' id='word_1_207' title='bbox 289 3131 348 3166; x_wconf 90' lang='lat' dir='ltr'><strong><em>cum</em></strong></span> <span class='ocrx_word' id='word_1_208' title='bbox 367 3122 503 3168; x_wconf 87' lang='lat' dir='ltr'><strong>tortuosus</strong></span> <span class='ocrx_word' id='word_1_209' title='bbox 522 3125 664 3184; x_wconf 71' lang='lat' dir='ltr'><strong>appareret</strong></span> <span class='ocrx_word' id='word_1_210' title='bbox 692 3125 719 3169; x_wconf 90' lang='lat' dir='ltr'><strong>et</strong></span> <span class='ocrx_word' id='word_1_211' title='bbox 746 3116 922 3169; x_wconf 74' lang='lat' dir='ltr'><strong>calumniator</strong></span> <span class='ocrx_word' id='word_1_212' title='bbox 943 3124 970 3167; x_wconf 90' lang='lat' dir='ltr'><strong>et</strong></span> <span class='ocrx_word' id='word_1_213' title='bbox 985 3116 1151 3174; x_wconf 83' lang='lat' dir='ltr'><strong>machinator</strong></span> <span class='ocrx_word' id='word_1_214' title='bbox 1170 3115 1260 3167; x_wconf 89' lang='lat' dir='ltr'><strong>malo.</strong></span> 
     </span>
     <span class='ocr_line' id='line_1_28' title="bbox 157 3184 1260 3258; baseline -0.002 -18"><span class='ocrx_word' id='word_1_215' title='bbox 157 3204 223 3253; x_wconf 88' lang='lat' dir='ltr'><strong>rum,</strong></span> <span class='ocrx_word' id='word_1_216' title='bbox 242 3190 280 3239; x_wconf 87' lang='lat' dir='ltr'><strong><em>ita</em></strong></span> <span class='ocrx_word' id='word_1_217' title='bbox 297 3196 327 3239; x_wconf 92' lang='lat' dir='ltr'><strong><em>ut</em></strong></span> <span class='ocrx_word' id='word_1_218' title='bbox 346 3188 425 3239; x_wconf 91' lang='lat' dir='ltr'><strong>etiam</strong></span> <span class='ocrx_word' id='word_1_219' title='bbox 450 3187 482 3239; x_wconf 91' lang='lat' dir='ltr'><strong><em>do</em></strong></span> <span class='ocrx_word' id='word_1_220' title='bbox 501 3188 638 3258; x_wconf 76' lang='lat' dir='ltr'><strong>Augustae</strong></span> <span class='ocrx_word' id='word_1_221' title='bbox 666 3184 806 3241; x_wconf 86' lang='lat' dir='ltr'><strong>adulterio</strong></span> <span class='ocrx_word' id='word_1_222' title='bbox 828 3189 1062 3257; x_wconf 79' lang='lat' dir='ltr'><strong>convicium.regi</strong></span> <span class='ocrx_word' id='word_1_223' title='bbox 1081 3190 1260 3241; x_wconf 72' lang='lat' dir='ltr'><strong>insusurraret</strong></span> 
     </span>
     <span class='ocr_line' id='line_1_29' title="bbox 150 3260 1258 3329; baseline 0.001 -19"><span class='ocrx_word' id='word_1_224' title='bbox 150 3261 257 3313; x_wconf 84' lang='lat' dir='ltr'><strong>invidia</strong></span> <span class='ocrx_word' id='word_1_225' title='bbox 283 3268 428 3311; x_wconf 90' lang='lat' dir='ltr'><strong>commotus</strong></span> <span class='ocrx_word' id='word_1_226' title='bbox 447 3260 586 3313; x_wconf 80' lang='lat' dir='ltr'><strong>Michaelis</strong></span> <span class='ocrx_word' id='word_1_227' title='bbox 611 3260 760 3325; x_wconf 85' lang='lat' dir='ltr'><strong>Nicomedi,</strong></span> <span class='ocrx_word' id='word_1_228' title='bbox 781 3262 825 3329; x_wconf 90' lang='lat' dir='ltr'><strong>qui</strong></span> <span class='ocrx_word' id='word_1_229' title='bbox 851 3276 910 3311; x_wconf 93' lang='lat' dir='ltr'><strong><em>cum</em></strong></span> <span class='ocrx_word' id='word_1_230' title='bbox 932 3274 964 3310; x_wconf 88' lang='lat' dir='ltr'><strong><em>co</em></strong></span> <span class='ocrx_word' id='word_1_231' title='bbox 989 3260 1125 3313; x_wconf 82' lang='lat' dir='ltr'><strong>serviebat</strong></span> <span class='ocrx_word' id='word_1_232' title='bbox 1144 3268 1172 3311; x_wconf 94' lang='lat' dir='ltr'><strong>et</strong></span> <span class='ocrx_word' id='word_1_233' title='bbox 1189 3275 1258 3328; x_wconf 84' lang='lat' dir='ltr'><strong>age-</strong></span> 
     </span>
     <span class='ocr_line' id='line_1_30' title="bbox 155 3330 1259 3399; baseline -0.002 -16"><span class='ocrx_word' id='word_1_234' title='bbox 155 3332 209 3396; x_wconf 89' lang='lat' dir='ltr'><strong>bat,</strong></span> <span class='ocrx_word' id='word_1_235' title='bbox 229 3349 244 3383; x_wconf 89' lang='lat' dir='ltr'><strong>a</strong></span> <span class='ocrx_word' id='word_1_236' title='bbox 262 3333 339 3399; x_wconf 84' lang='lat' dir='ltr'><strong>regia</strong></span> <span class='ocrx_word' id='word_1_237' title='bbox 357 3332 462 3399; x_wconf 85' lang='lat' dir='ltr'><strong>quidem</strong></span> <span class='ocrx_word' id='word_1_238' title='bbox 488 3332 550 3384; x_wconf 88' lang='lat' dir='ltr'><strong>aula</strong></span> <span class='ocrx_word' id='word_1_239' title='bbox 569 3334 692 3388; x_wconf 86' lang='lat' dir='ltr'><strong>dimissus</strong></span> <span class='ocrx_word' id='word_1_240' title='bbox 713 3341 769 3397; x_wconf 87' lang='lat' dir='ltr'><strong>est,</strong></span> <span class='ocrx_word' id='word_1_241' title='bbox 799 3333 851 3384; x_wconf 87' lang='lat' dir='ltr'><strong><em>dux</em></strong></span> <span class='ocrx_word' id='word_1_242' title='bbox 869 3342 957 3385; x_wconf 88' lang='lat' dir='ltr'><strong>autem</strong></span> <span class='ocrx_word' id='word_1_243' title='bbox 976 3332 1136 3385; x_wconf 80' lang='lat' dir='ltr'><strong>Antiochiae</strong></span> <span class='ocrx_word' id='word_1_244' title='bbox 1157 3330 1259 3386; x_wconf 80' lang='lat' dir='ltr'><strong>Goele-</strong></span> 
     </span>
     <span class='ocr_line' id='line_1_31' title="bbox 156 3402 1258 3474; baseline -0.005 -18"><span class='ocrx_word' id='word_1_245' title='bbox 156 3404 284 3469; x_wconf 75' lang='lat' dir='ltr'><strong>syriensis</strong></span> <span class='ocrx_word' id='word_1_246' title='bbox 303 3402 472 3466; x_wconf 87' lang='lat' dir='ltr'><strong>declaratus,</strong></span> <span class='ocrx_word' id='word_1_247' title='bbox 492 3419 526 3455; x_wconf 87' lang='lat' dir='ltr'><strong><em>nc</em></strong></span> <span class='ocrx_word' id='word_1_248' title='bbox 546 3406 586 3457; x_wconf 87' lang='lat' dir='ltr'><strong><em>his</em></strong></span> <span class='ocrx_word' id='word_1_249' title='bbox 606 3404 712 3474; x_wconf 73' lang='lat' dir='ltr'><strong>ipuidcm</strong></span> <span class='ocrx_word' id='word_1_250' title='bbox 731 3405 851 3473; x_wconf 82' lang='lat' dir='ltr'><strong>partibus</strong></span> <span class='ocrx_word' id='word_1_251' title='bbox 879 3406 1034 3457; x_wconf 88' lang='lat' dir='ltr'><strong>intentatam</strong></span> <span class='ocrx_word' id='word_1_252' title='bbox 1055 3414 1081 3457; x_wconf 90' lang='lat' dir='ltr'><strong>et</strong></span> <span class='ocrx_word' id='word_1_253' title='bbox 1099 3404 1258 3457; x_wconf 87' lang='lat' dir='ltr'><strong>inturbatam</strong></span> 
     </span>
     <span class='ocr_line' id='line_1_32' title="bbox 157 3474 1259 3545; baseline -0.002 -20"><span class='ocrx_word' id='word_1_254' title='bbox 157 3474 409 3525; x_wconf 80' lang='lat' dir='ltr'><strong>administrationem</strong></span> <span class='ocrx_word' id='word_1_255' title='bbox 429 3474 553 3541; x_wconf 87' lang='lat' dir='ltr'><strong>reliquit:</strong></span> <span class='ocrx_word' id='word_1_256' title='bbox 572 3476 756 3528; x_wconf 82' lang='lat' dir='ltr'><strong>simulationes</strong></span> <span class='ocrx_word' id='word_1_257' title='bbox 782 3477 938 3528; x_wconf 78' lang='lat' dir='ltr'><strong>infestorum</strong></span> <span class='ocrx_word' id='word_1_258' title='bbox 958 3487 1085 3544; x_wconf 86' lang='lat' dir='ltr'><strong>apparatu</strong></span> <span class='ocrx_word' id='word_1_259' title='bbox 1105 3474 1259 3545; x_wconf 81' lang='lat' dir='ltr'><strong>pracsidio.</strong></span> 
     </span>
     <span class='ocr_line' id='line_1_33' title="bbox 156 3545 1258 3613; baseline 0.001 -17"><span class='ocrx_word' id='word_1_260' title='bbox 156 3560 213 3596; x_wconf 87' lang='lat' dir='ltr'><strong><em>rum</em></strong></span> <span class='ocrx_word' id='word_1_261' title='bbox 243 3559 387 3595; x_wconf 80' lang='lat' dir='ltr'><strong>conserens</strong></span> <span class='ocrx_word' id='word_1_262' title='bbox 407 3554 434 3596; x_wconf 88' lang='lat' dir='ltr'><strong>et</strong></span> <span class='ocrx_word' id='word_1_263' title='bbox 454 3548 572 3599; x_wconf 88' lang='lat' dir='ltr'><strong>excitans</strong></span> <span class='ocrx_word' id='word_1_264' title='bbox 591 3547 757 3611; x_wconf 87' lang='lat' dir='ltr'><strong>Saracenos,</strong></span> <span class='ocrx_word' id='word_1_265' title='bbox 777 3556 806 3598; x_wconf 90' lang='lat' dir='ltr'><strong><em>ut</em></strong></span> <span class='ocrx_word' id='word_1_266' title='bbox 825 3548 921 3613; x_wconf 88' lang='lat' dir='ltr'><strong>oppida</strong></span> <span class='ocrx_word' id='word_1_267' title='bbox 940 3550 1053 3600; x_wconf 90' lang='lat' dir='ltr'><strong>adversa</strong></span> <span class='ocrx_word' id='word_1_268' title='bbox 1073 3555 1207 3601; x_wconf 89' lang='lat' dir='ltr'><strong>struerent</strong></span> <span class='ocrx_word' id='word_1_269' title='bbox 1225 3545 1258 3597; x_wconf 92' lang='lat' dir='ltr'><strong>ad</strong></span> 
     </span>
     <span class='ocr_line' id='line_1_34' title="bbox 157 3615 1258 3684; baseline 0.002 -19"><span class='ocrx_word' id='word_1_270' title='bbox 157 3617 225 3666; x_wconf 89' lang='lat' dir='ltr'><strong>arcis</strong></span> <span class='ocrx_word' id='word_1_271' title='bbox 245 3617 388 3682; x_wconf 86' lang='lat' dir='ltr'><strong>impetum,</strong></span> <span class='ocrx_word' id='word_1_272' title='bbox 416 3622 442 3665; x_wconf 86' lang='lat' dir='ltr'><strong>et</strong></span> <span class='ocrx_word' id='word_1_273' title='bbox 469 3631 527 3665; x_wconf 90' lang='lat' dir='ltr'><strong><em>cum</em></strong></span> <span class='ocrx_word' id='word_1_274' title='bbox 556 3615 660 3667; x_wconf 84' lang='lat' dir='ltr'><strong>bellare</strong></span> <span class='ocrx_word' id='word_1_275' title='bbox 679 3626 771 3668; x_wconf 91' lang='lat' dir='ltr'><strong>contra</strong></span> <span class='ocrx_word' id='word_1_276' title='bbox 799 3618 847 3668; x_wconf 87' lang='lat' dir='ltr'><strong>hos</strong></span> <span class='ocrx_word' id='word_1_277' title='bbox 874 3617 919 3669; x_wconf 87' lang='lat' dir='ltr'><strong>vel</strong></span> <span class='ocrx_word' id='word_1_278' title='bbox 946 3619 1084 3671; x_wconf 84' lang='lat' dir='ltr'><strong>debellare</strong></span> <span class='ocrx_word' id='word_1_279' title='bbox 1112 3634 1166 3670; x_wconf 90' lang='lat' dir='ltr'><strong><em>non</em></strong></span> <span class='ocrx_word' id='word_1_280' title='bbox 1192 3631 1258 3684; x_wconf 85' lang='lat' dir='ltr'><strong>pos.</strong></span> 
     </span>
     <span class='ocr_line' id='line_1_35' title="bbox 157 3683 1258 3749; baseline 0 -12"><span class='ocrx_word' id='word_1_281' title='bbox 157 3694 216 3749; x_wconf 87' lang='lat' dir='ltr'><strong>set,</strong></span> <span class='ocrx_word' id='word_1_282' title='bbox 241 3686 273 3736; x_wconf 89' lang='lat' dir='ltr'><strong>ad</strong></span> <span class='ocrx_word' id='word_1_283' title='bbox 301 3683 452 3736; x_wconf 71' lang='lat' dir='ltr'><strong>bellandum</strong></span> <span class='ocrx_word' id='word_1_284' title='bbox 480 3694 571 3737; x_wconf 88' lang='lat' dir='ltr'><strong>contra</strong></span> <span class='ocrx_word' id='word_1_285' title='bbox 598 3687 713 3738; x_wconf 85' lang='lat' dir='ltr'><strong>Graecos</strong></span> <span class='ocrx_word' id='word_1_286' title='bbox 740 3693 768 3736; x_wconf 89' lang='lat' dir='ltr'><strong>et</strong></span> <span class='ocrx_word' id='word_1_287' title='bbox 790 3689 964 3740; x_wconf 88' lang='lat' dir='ltr'><strong>resistendum</strong></span> <span class='ocrx_word' id='word_1_288' title='bbox 990 3689 1069 3740; x_wconf 86' lang='lat' dir='ltr'><strong>urbes</strong></span> <span class='ocrx_word' id='word_1_289' title='bbox 1099 3691 1258 3742; x_wconf 87' lang='lat' dir='ltr'><strong>Graecorum</strong></span> 
     </span>
     <span class='ocr_line' id='line_1_36' title="bbox 158 3756 1258 3827; baseline -0.002 -16"><span class='ocrx_word' id='word_1_290' title='bbox 158 3756 252 3811; x_wconf 87' lang='lat' dir='ltr'><strong>iiuibus</strong></span> <span class='ocrx_word' id='word_1_291' title='bbox 273 3756 377 3809; x_wconf 82' lang='lat' dir='ltr'><strong>vicinas</strong></span> <span class='ocrx_word' id='word_1_292' title='bbox 398 3756 539 3808; x_wconf 82' lang='lat' dir='ltr'><strong>excitabat.</strong></span> <span class='ocrx_word' id='word_1_293' title='bbox 559 3757 605 3809; x_wconf 88' lang='lat' dir='ltr'><strong><em>sed</em></strong></span> <span class='ocrx_word' id='word_1_294' title='bbox 618 3772 653 3807; x_wconf 88' lang='lat' dir='ltr'><strong><em>nc</em></strong></span> <span class='ocrx_word' id='word_1_295' title='bbox 672 3757 811 3825; x_wconf 86' lang='lat' dir='ltr'><strong>indigenas</strong></span> <span class='ocrx_word' id='word_1_296' title='bbox 830 3758 935 3827; x_wconf 88' lang='lat' dir='ltr'><strong>quidem</strong></span> <span class='ocrx_word' id='word_1_297' title='bbox 950 3760 1146 3812; x_wconf 82' lang='lat' dir='ltr'><strong>Antiochenses</strong></span> <span class='ocrx_word' id='word_1_298' title='bbox 1167 3761 1258 3827; x_wconf 88' lang='lat' dir='ltr'><strong>quiete</strong></span> 
     </span>
     <span class='ocr_line' id='line_1_37' title="bbox 157 3827 1257 3900; baseline -0.003 -19"><span class='ocrx_word' id='word_1_299' title='bbox 157 3838 184 3881; x_wconf 88' lang='lat' dir='ltr'><strong>et</strong></span> <span class='ocrx_word' id='word_1_300' title='bbox 202 3830 261 3881; x_wconf 90' lang='lat' dir='ltr'><strong>sine</strong></span> <span class='ocrx_word' id='word_1_301' title='bbox 279 3827 411 3880; x_wconf 88' lang='lat' dir='ltr'><strong>molestiis</strong></span> <span class='ocrx_word' id='word_1_302' title='bbox 430 3842 512 3897; x_wconf 77' lang='lat' dir='ltr'><strong>agere</strong></span> <span class='ocrx_word' id='word_1_303' title='bbox 537 3830 615 3892; x_wconf 86' lang='lat' dir='ltr'><strong>sivit,</strong></span> <span class='ocrx_word' id='word_1_304' title='bbox 635 3828 713 3880; x_wconf 89' lang='lat' dir='ltr'><strong>modo</strong></span> <span class='ocrx_word' id='word_1_305' title='bbox 730 3828 808 3879; x_wconf 83' lang='lat' dir='ltr'><strong>bonis</strong></span> <span class='ocrx_word' id='word_1_306' title='bbox 826 3827 974 3897; x_wconf 88' lang='lat' dir='ltr'><strong>spoliatos,</strong></span> <span class='ocrx_word' id='word_1_307' title='bbox 993 3832 1071 3883; x_wconf 90' lang='lat' dir='ltr'><strong>modo</strong></span> <span class='ocrx_word' id='word_1_308' title='bbox 1090 3831 1257 3900; x_wconf 79' lang='lat' dir='ltr'><strong>erogationi.</strong></span> 
     </span>
     <span class='ocr_line' id='line_1_38' title="bbox 156 3899 1256 3969; baseline -0.002 -17"><span class='ocrx_word' id='word_1_309' title='bbox 156 3902 204 3953; x_wconf 86' lang='lat' dir='ltr'><strong>bus</strong></span> <span class='ocrx_word' id='word_1_310' title='bbox 226 3901 375 3951; x_wconf 85' lang='lat' dir='ltr'><strong>temerariis</strong></span> <span class='ocrx_word' id='word_1_311' title='bbox 393 3908 519 3969; x_wconf 77' lang='lat' dir='ltr'><strong>gravatos</strong></span> <span class='ocrx_word' id='word_1_312' title='bbox 538 3901 696 3968; x_wconf 85' lang='lat' dir='ltr'><strong>tributisque</strong></span> <span class='ocrx_word' id='word_1_313' title='bbox 722 3899 884 3951; x_wconf 88' lang='lat' dir='ltr'><strong>crudelibus.</strong></span> <span class='ocrx_word' id='word_1_314' title='bbox 924 3903 969 3969; x_wconf 91' lang='lat' dir='ltr'><strong>qui</strong></span> <span class='ocrx_word' id='word_1_315' title='bbox 989 3902 1039 3953; x_wconf 88' lang='lat' dir='ltr'><strong><em>hoc</em></strong></span> <span class='ocrx_word' id='word_1_316' title='bbox 1057 3918 1167 3954; x_wconf 89' lang='lat' dir='ltr'><strong>munere</strong></span> <span class='ocrx_word' id='word_1_317' title='bbox 1187 3918 1256 3953; x_wconf 81' lang='lat' dir='ltr'><strong>exn.</strong></span> 
     </span>
     <span class='ocr_line' id='line_1_39' title="bbox 106 3972 1257 4041; baseline 0.003 -20"><span class='ocrx_word' id='word_1_318' title='bbox 106 4010 114 4021; x_wconf 80' lang='lat'>.</span> <span class='ocrx_word' id='word_1_319' title='bbox 156 3981 198 4024; x_wconf 91' lang='lat' dir='ltr'><strong>tus</strong></span> <span class='ocrx_word' id='word_1_320' title='bbox 217 3986 278 4023; x_wconf 90' lang='lat' dir='ltr'><strong><em>mox</em></strong></span> <span class='ocrx_word' id='word_1_321' title='bbox 298 3973 403 4035; x_wconf 87' lang='lat' dir='ltr'><strong>iterum,</strong></span> <span class='ocrx_word' id='word_1_322' title='bbox 423 3979 452 4023; x_wconf 93' lang='lat' dir='ltr'><strong><em>ut</em></strong></span> <span class='ocrx_word' id='word_1_323' title='bbox 472 3980 547 4024; x_wconf 89' lang='lat' dir='ltr'><strong>erant</strong></span> <span class='ocrx_word' id='word_1_324' title='bbox 566 3974 623 4024; x_wconf 88' lang='lat' dir='ltr'><strong>cius</strong></span> <span class='ocrx_word' id='word_1_325' title='bbox 643 3973 688 4039; x_wconf 90' lang='lat' dir='ltr'><strong>qui</strong></span> <span class='ocrx_word' id='word_1_326' title='bbox 708 3980 762 4022; x_wconf 89' lang='lat' dir='ltr'><strong><em>tum</em></strong></span> <span class='ocrx_word' id='word_1_327' title='bbox 782 3972 911 4041; x_wconf 76' lang='lat' dir='ltr'><strong>regnabat</strong></span> <span class='ocrx_word' id='word_1_328' title='bbox 930 3974 1087 4041; x_wconf 87' lang='lat' dir='ltr'><strong>praecipitia</strong></span> <span class='ocrx_word' id='word_1_329' title='bbox 1109 3982 1135 4025; x_wconf 92' lang='lat' dir='ltr'><strong>et</strong></span> <span class='ocrx_word' id='word_1_330' title='bbox 1153 3974 1257 4027; x_wconf 86' lang='lat' dir='ltr'><strong>turbida</strong></span> 
     </span>
     <span class='ocr_line' id='line_1_40' title="bbox 157 4042 1256 4113; baseline -0.003 -18"><span class='ocrx_word' id='word_1_331' title='bbox 157 4042 280 4106; x_wconf 88' lang='lat' dir='ltr'><strong>consilia,</strong></span> <span class='ocrx_word' id='word_1_332' title='bbox 299 4045 325 4093; x_wconf 94' lang='lat' dir='ltr'><strong>in</strong></span> <span class='ocrx_word' id='word_1_333' title='bbox 345 4044 487 4094; x_wconf 86' lang='lat' dir='ltr'><strong>secundam</strong></span> <span class='ocrx_word' id='word_1_334' title='bbox 506 4045 600 4096; x_wconf 89' lang='lat' dir='ltr'><strong>missus</strong></span> <span class='ocrx_word' id='word_1_335' title='bbox 620 4042 813 4110; x_wconf 78' lang='lat' dir='ltr'><strong>praefecturam</strong></span> <span class='ocrx_word' id='word_1_336' title='bbox 833 4058 887 4095; x_wconf 92' lang='lat' dir='ltr'><strong><em>non</em></strong></span> <span class='ocrx_word' id='word_1_337' title='bbox 906 4046 1034 4097; x_wconf 86' lang='lat' dir='ltr'><strong>minorem</strong></span> <span class='ocrx_word' id='word_1_338' title='bbox 1056 4045 1144 4096; x_wconf 84' lang='lat' dir='ltr'><strong>attulit</strong></span> <span class='ocrx_word' id='word_1_339' title='bbox 1162 4047 1256 4113; x_wconf 83' lang='lat' dir='ltr'><strong>pravi.</strong></span> 
     </span>
     <span class='ocr_line' id='line_1_41' title="bbox 155 4117 1255 4185; baseline -0.001 -18"><span class='ocrx_word' id='word_1_340' title='bbox 155 4123 244 4167; x_wconf 85' lang='lat' dir='ltr'><strong>tatem.</strong></span> <span class='ocrx_word' id='word_1_341' title='bbox 283 4131 348 4183; x_wconf 82' lang='lat' dir='ltr'><strong>rege</strong></span> <span class='ocrx_word' id='word_1_342' title='bbox 367 4122 471 4166; x_wconf 87' lang='lat' dir='ltr'><strong>mortuo</strong></span> <span class='ocrx_word' id='word_1_343' title='bbox 492 4123 518 4167; x_wconf 86' lang='lat' dir='ltr'><strong>et</strong></span> <span class='ocrx_word' id='word_1_344' title='bbox 536 4118 656 4183; x_wconf 79' lang='lat' dir='ltr'><strong>Augusta</strong></span> <span class='ocrx_word' id='word_1_345' title='bbox 674 4130 785 4182; x_wconf 77' lang='lat' dir='ltr'><strong>regnunt</strong></span> <span class='ocrx_word' id='word_1_346' title='bbox 804 4117 918 4183; x_wconf 85' lang='lat' dir='ltr'><strong>adepta,</strong></span> <span class='ocrx_word' id='word_1_347' title='bbox 937 4119 1011 4168; x_wconf 85' lang='lat' dir='ltr'><strong>varia</strong></span> <span class='ocrx_word' id='word_1_348' title='bbox 1032 4117 1081 4169; x_wconf 81' lang='lat' dir='ltr'><strong>fuit</strong></span> <span class='ocrx_word' id='word_1_349' title='bbox 1099 4119 1208 4185; x_wconf 87' lang='lat' dir='ltr'><strong>pessimi</strong></span> <span class='ocrx_word' id='word_1_350' title='bbox 1229 4123 1255 4167; x_wconf 89' lang='lat' dir='ltr'><strong>et</strong></span> 
     </span>
     <span class='ocr_line' id='line_1_42' title="bbox 157 4185 1256 4255; baseline -0.001 -18"><span class='ocrx_word' id='word_1_351' title='bbox 157 4186 323 4239; x_wconf 86' lang='lat' dir='ltr'><strong>iniustissimi</strong></span> <span class='ocrx_word' id='word_1_352' title='bbox 346 4185 460 4238; x_wconf 87' lang='lat' dir='ltr'><strong>hominis</strong></span> <span class='ocrx_word' id='word_1_353' title='bbox 480 4187 592 4239; x_wconf 81' lang='lat' dir='ltr'><strong>fortuna.</strong></span> <span class='ocrx_word' id='word_1_354' title='bbox 613 4188 771 4255; x_wconf 90' lang='lat' dir='ltr'><strong>rescriptum</strong></span> <span class='ocrx_word' id='word_1_355' title='bbox 791 4188 861 4239; x_wconf 87' lang='lat' dir='ltr'><strong>enim</strong></span> <span class='ocrx_word' id='word_1_356' title='bbox 880 4190 1077 4255; x_wconf 87' lang='lat' dir='ltr'><strong>imperatorium</strong></span> <span class='ocrx_word' id='word_1_357' title='bbox 1095 4187 1256 4243; x_wconf 78' lang='lat' dir='ltr'><strong>Antiochiae</strong></span> 
     </span>
     <span class='ocr_line' id='line_1_43' title="bbox 158 4256 1257 4327; baseline 0.001 -19"><span class='ocrx_word' id='word_1_358' title='bbox 158 4272 217 4309; x_wconf 87' lang='lat' dir='ltr'><strong><em>oum</em></strong></span> <span class='ocrx_word' id='word_1_359' title='bbox 236 4256 430 4325; x_wconf 85' lang='lat' dir='ltr'><strong>deprehensum</strong></span> <span class='ocrx_word' id='word_1_360' title='bbox 458 4260 486 4309; x_wconf 90' lang='lat' dir='ltr'><strong>in</strong></span> <span class='ocrx_word' id='word_1_361' title='bbox 503 4256 612 4311; x_wconf 79' lang='lat' dir='ltr'><strong>vincula</strong></span> <span class='ocrx_word' id='word_1_362' title='bbox 630 4266 752 4327; x_wconf 87' lang='lat' dir='ltr'><strong>tanquam</strong></span> <span class='ocrx_word' id='word_1_363' title='bbox 780 4274 965 4327; x_wconf 81' lang='lat' dir='ltr'><strong>percussorem</strong></span> <span class='ocrx_word' id='word_1_364' title='bbox 984 4262 1109 4326; x_wconf 88' lang='lat' dir='ltr'><strong>coniecit,</strong></span> <span class='ocrx_word' id='word_1_365' title='bbox 1130 4268 1156 4313; x_wconf 91' lang='lat' dir='ltr'><strong>et</strong></span> <span class='ocrx_word' id='word_1_366' title='bbox 1173 4258 1257 4316; x_wconf 77' lang='lat' dir='ltr'><strong>iacuit</strong></span> 
     </span>
    </p>
   </div>
   <div class='ocr_carea' id='block_1_5' title="bbox 0 0 1514 4892">
    <p class='ocr_par' dir='ltr' id='par_1_5' title="bbox 0 0 1514 4892">
     <span class='ocr_line' id='line_1_44' title="bbox 0 0 1514 4892; baseline 0 1"><span class='ocrx_word' id='word_1_367' title='bbox 0 0 1514 4892; x_wconf 95' lang='lat' dir='ltr'><strong><em> </em></strong></span> 
     </span>
    </p>
   </div>
  </div>
 </body>
</html>
