3017 4892
583 352 792 432 nutum.
1158 353 1233 433 259

117 515 283 601 ἔχθιστος
311 511 461 601 ἐλογίσθη
494 517 538 604 τῷ
563 541 595 583 τε
624 521 778 606 λογοθέτη
810 511 866 583 καί
887 518 975 605 ου’τῷ
999 520 1133 600 βασιλεῖ.
1178 522 1236 583 καί

120 615 251 684 αάτίκοι
272 608 498 696 τοόςάξοντας
517 616 615 684 calado
642 617 845 702 ἀνάρπαστον
869 620 1101 696 ἐξαπέστειλαν.
1145 610 1163 679 ὃ
1185 620 1235 700 dd,

119 713 288 800 προγνοός
309 711 343 781 τό
364 718 419 804 τής
442 719 535 803 όργής
559 717 787 802 ἀκατάσχετον,
809 718 897 794 έντός
918 719 1025 785 εἰσέδυ
1048 719 1102 803 τής
1123 719 1235 783 δευτέ-

122 841 190 902 ρας
214 821 329 902 σκηνῆς
358 820 416 882 τοῦ
446 817 586 903 μεγάλου
616 822 697 884 ναοῦ
726 825 783 903 τῆς
805 814 897 902 ἀγίας
926 823 1054 905 σοφίας,
1077 811 1142 903 ήτις
1160 813 1234 902 ἅγια

90 922 197 999 ὃμὲν
215 911 313 1003 ἀγίοου
332 926 397 996 τοῖς
430 915 530 984 πάλαι
551 920 807 1005 κατανομάζετο,
838 915 915 1004 ήμῖν
939 922 974 982 δὲ
1001 929 1065 994 τοῖς
1085 922 1139 1002 τῆς
1161 919 1235 994 νέας

50 1079 52 1088 ,
123 1017 291 1102 διαθήκης
318 1017 399 1102 πρός
420 1019 523 1108 τοότφ
554 1017 609 1087 καί
629 1019 853 1105 θυσιαστήριον
873 1018 929 1084 καί
949 1014 1067 1083 ἀίσσον
1086 1022 1142 1084 καί
1162 1016 1234 1084 ila.

112 1116 281 1202 ,στήριον
311 1118 379 1188 ,καί
405 1123 467 1185 τάν
485 1119 583 1185 θείων
603 1119 698 1202 άπρίξ
723 1117 875 1202 ἐχόμενος
901 1120 997 1185 τόπον
1021 1121 1156 1195 ἀσυλίας
1177 1119 1239 1203 τήν

115 1221 226 1302 Υθείαν
247 1224 384 1286 ε’ποιείτο
406 1223 585 1306 ἀντίληψιν.
640 1220 711 1286 ἀλλ’
732 1218 763 1284 οῖ
785 1225 996 1308 πεμφθέντες,
1019 1219 1073 1284 εἴτ’
1094 1223 1127 1296 ἐξ
1150 1220 1254 1300 ἰδίας

125 1320 281 1402 ἀσεβείας
301 1325 357 1386 καί
373 1324 552 1407 θηριωδιάς
572 1317 630 1386 εἴτ’
659 1323 693 1386 ἐκ
717 1325 933 1407 παραγγελίας
962 1326 1019 1386 τοῦ
1040 1322 1232 1402 πέμψαντος,

78 1435 114 1488 10
124 1422 231 1506 μηδὲν
251 1423 481 1506 εὐλαβηθέντες
501 1423 578 1506 μηδ’
599 1419 829 1504 ὖποπτήξαντες
851 1419 906 1505 τήν
931 1413 1028 1497 ὅντως
1049 1422 1236 1486 θεότευκτον

124 1519 248 1606 σκηνήν
272 1524 326 1588 καί
350 1527 413 1588 τοῖν
432 1521 592 1606 ου’ρανίοον
619 1523 806 1596 ἀντίτυπον,
837 1519 918 1585 ἀλλά
941 1527 985 1608 τῷ
1007 1524 1103 1607 θυμῷ
1127 1523 1234 1601 μεθυ-

125 1625 262 1700 σθέντες
282 1625 337 1688 καί
355 1622 508 1706 βακχικόν
532 1646 564 1685 τι
596 1619 650 1687 καί
682 1616 869 1704 άρειμάυιον
891 1618 1183 1706 συμφρονήσαντες,
1209 1613 1230 1702 ή

127 1718 165 1786 τό
187 1745 222 1804 γε
255 1723 467 1806 ἀληθέστερον
491 1724 608 1804 εἰπεῖν,
645 1718 795 1805 ἀφρόνως
826 1717 1065 1805 ἐπινοήσαντες,
1086 1722 1131 1796 εἷς
1153 1714 1231 1785 udat*
1242 1720 1261 1776 f·
1273 1725 1326 1782 224
1336 1740 1361 1780 r.

128 1820 166 1886 τό
188 1821 245 1906 καί
266 1821 410 1908 ἀγγέλοις
434 1822 599 1902 αἰδέσιμον
626 1824 744 1906 φονίας
778 1819 1018 1888 είσελαόνουσιν
1041 1818 1233 1906 ἱλαστήριον,

85 1933 119 1988 15
129 1919 186 1987 καί
206 1921 260 1987 τόν
284 1907 438 2006 ἀρχιερέα
461 1919 606 2008 ξιφήρεις
628 1915 714 1997 ὄντες
736 1920 940 2006 ἀνήρπασται
958 1911 1170 2008 ποιησάμενοι
1188 1924 1234 2010 τῷ

128 2027 262 2104 βασιλεῖ
286 2025 493 2108 ποριστάσιν.
516 2019 561 2083 -ό
593 2024 627 2086 ἀὲ
660 2009 828 2107 ἀνήλεστον
853 2025 913 2106 μὲν
943 2025 1038 2087 ου’δὲν
1070 2025 1116 2097 είς
1138 2015 1234 2087 αότὸν

131 2121 338 2206 διεπράξατο,
370 2125 428 2207 τήν
449 2146 484 2188 τε
503 2126 686 2208 παρρησίαν
714 2125 772 2187 τοῦ
800 2121 917 2208 ἀνδρός
936 2126 1099 2198 αἰδεσθείς
1121 2127 1175 2187 καί
1195 2119 1232 2186 τό

132 2227 166 2290 ἒν
186 2221 289 2307 λόγοις
311 2224 492 2306 εάδόνιιμον,
512 2226 568 2289 καί
586 2221 643 2307 τήν
674 2225 734 2287 ἀπό
766 2227 821 2288 τοῦ
843 2228 934 2289 θείου
956 2227 1081 2306 νέμεσιν
1103 2224 1159 2288 καί
1178 2219 1234 2288 τόν

131 2327 167 2390 έν
187 2328 244 2388 τοῦ
266 2329 498 2412 θυσιαστηρίου
521 2321 730 2407 καταπλαγείς
753 2319 930 2406 ἑλκυσμόν·
975 2324 1010 2389 τό
1037 2328 1071 2390 δέ
1093 2325 1149 2409 τῆς
1168 2348 1232 2388 πα-

88 2424 286 2509 λθρανομίας
300 2425 355 2490 καί
376 2426 507 2504 ἀτοπίας
528 2423 730 2512 ε’κληράσατο
751 2433 846 2509 μίσος
865 2430 899 2494 ἀνι
912 2428 1016 2510 πάσης
1030 2427 1155 2512 ἡλικίας
1178 2427 1234 2490 καί

131 2519 230 2610 τόχης
249 2525 305 2590 καί
319 2519 459 2613 φάσεως.
635 2604 638 2610 ,

233 2624 302 2691 Καὶ
323 2624 365 2706 ἀς
385 2629 444 2708 μὲν
472 2627 504 2693 οἱ
532 2629 668 2714 ἀρχηγοὶ
689 2629 724 2694 da
748 2631 804 2694 τοῦ
833 2627 980 2694 τοιούτου
997 2629 1121 2710 μόσους
1142 2623 1232 2705 δίκας

208 2788 249 2842 14.
275 2791 400 2860 φονείως
417 2789 447 2842 G.
587 2833 591 2846 .
913 2782 931 2820 ’

141 2936 184 3004 qui
204 2933 302 2988 clarius
323 2942 350 2987 et
369 2934 494 2988 disertius
509 2935 623 2988 consilio
642 2937 801 2988 sententiam
819 2951 891 2988 suam
910 2937 1124 3004 significaverat,
1143 2936 1236 2987 inimi.

141 3008 259 3060 cissimus
279 3005 384 3059 babitus
405 3014 446 3060 est
461 3005 619 3074 logothetae
646 3015 672 3058 et
697 3007 748 3075 ipsi
774 3008 848 3076 regi:
876 3014 956 3075 atque
983 3009 1071 3060 statim
1099 3021 1161 3071 eos,
1188 3008 1234 3076 qui

142 3093 196 3129 eum
211 3085 314 3145 raptum
332 3085 460 3147 agerent,
479 3079 617 3129 miserunt.
655 3077 704 3130 ille
729 3086 817 3130 autem
834 3079 995 3146 praevidens
1014 3079 1071 3129 irae
1098 3078 1233 3142 impoten.

140 3151 199 3202 tiam
217 3165 246 3201 se
265 3149 389 3203 subduxit
407 3152 477 3201 intra
495 3149 638 3203 secundum
654 3151 799 3201 tentorium
817 3152 907 3219 magni
934 3148 1028 3216 templi
1053 3157 1161 3200 sanctae
1188 3163 1233 3199 sa-

139 3222 269 3287 pientiae,
290 3237 359 3290 quac
387 3223 493 3290 quidem
512 3229 602 3274 sancta
621 3229 770 3275 sanctarum
796 3237 812 3272 a
836 3223 932 3289 priscis
963 3222 1128 3284 vocabatur,
1155 3219 1234 3270 uobis
1321 3234 1328 3246 ‘

141 3301 222 3344 autem
241 3294 285 3361 qui
304 3308 376 3346 novo
397 3294 500 3345 foederi
521 3293 638 3345 adstricti
657 3309 757 3358 sumus,
776 3301 917 3361 praeterea
937 3295 1016 3344 ctiam
1035 3309 1081 3345 ara
1108 3301 1135 3343 et
1147 3306 1234 3358 pene.

140 3365 202 3416 trale
222 3373 248 3415 et
268 3365 428 3417 clementiae
448 3366 534 3429 sedes,
555 3372 582 3415 et
600 3366 676 3434 sigua
702 3367 793 3417 divina
822 3367 929 3418 assidue
956 3374 1050 3417 tenens
1077 3363 1138 3415 loco
1164 3361 1235 3428 asyli
1323 3371 1333 3379 ’

141 3435 250 3486 divinum
275 3435 326 3486 sibi
351 3436 512 3487 conciliabat
530 3437 699 3502 praesidium.
737 3437 784 3488 scd
803 3438 848 3504 qui
866 3439 940 3490 missi
960 3434 1235 3501 crant,siveprcpria

128 3506 271 3571 impietate
290 3513 317 3556 ct
334 3507 496 3556 immanitate
515 3507 574 3557 sive
593 3509 667 3557 iussu
688 3508 755 3570 eius,
776 3511 821 3573 qui
842 3525 888 3562 eos
906 3511 1024 3574 miserat,
1044 3506 1111 3558 nibil
1132 3519 1233 3556 caven-

143 3584 179 3627 tes
195 3590 282 3640 neque
302 3583 429 3627 verentes
447 3591 544 3627 revera
563 3577 682 3627 divinum
699 3579 843 3629 tentorium
863 3589 890 3629 et
909 3578 1067 3630 coelestium
1080 3578 1233 3644 imaginem,

144 3645 186 3698 sed
202 3645 288 3696 animo
309 3645 376 3696 ebrii
397 3654 423 3696 et
440 3645 595 3696 bacchicam
615 3645 679 3711 quid
698 3655 724 3696 et
742 3645 809 3696 belli
830 3649 946 3698 furorem
965 3652 1097 3715 spirantes
1123 3648 1183 3697 sive
1207 3644 1234 3694 id

145 3717 207 3785 quod
225 3717 315 3769 scrius
335 3725 376 3770 est
394 3717 511 3780 dictum,
531 3717 711 3781 imprudenter
730 3718 881 3783 cogitantes
899 3720 927 3768 in
951 3721 1034 3785 ipsam
1059 3717 1106 3769 vel
1130 3714 1234 3782 angelis

145 3785 320 3840 venerabilem
339 3803 413 3838 more
433 3787 625 3839 homicidarum
644 3787 748 3837 irruunt
767 3787 926 3839 clementiae
946 3791 1035 3840 sedem
1065 3794 1091 3837 ct
1108 3800 1235 3837 summum

143 3858 288 3926 pontificem
307 3858 404 3928 gladiis
421 3859 544 3911 instructi
562 3859 668 3926 rapiunt
688 3867 714 3908 et
730 3859 790 3926 regi
809 3862 982 3911 constituunt.
1020 3862 1043 3911 is
1063 3865 1151 3908 autem
1171 3872 1234 3907 cru.

144 3929 198 3981 dele
215 3929 282 3980 nihil
302 3931 330 3980 in
350 3946 408 3981 eum
429 3930 569 3994 commisit,
590 3928 739 3980 libertatem
760 3930 865 3981 dicendi
884 3933 911 3983 in
930 3933 988 3983 viro
1010 3930 1113 3983 veritus
1135 3935 1233 3978 etora-

145 4002 238 4052 tionum
260 4000 382 4070 gloriam,
403 4009 430 4054 ct
448 4001 538 4053 divina
557 4000 663 4068 ultione,
682 4008 708 4051 ct
728 4001 798 4068 quod
818 4001 850 4052 ab
869 4018 914 4053 ara
931 4005 1064 4056 detractus
1090 4007 1163 4064 erat,
1183 3998 1233 4050 ob.

145 4072 309 4140 stupefactus.
349 4073 438 4124 odium
457 4081 544 4124 autem
564 4073 678 4126 iniuriae
698 4078 725 4123 et
743 4072 905 4124 insolentiae
923 4075 1033 4127 sortitus
1053 4079 1094 4125 est
1112 4071 1144 4122 ab
1163 4071 1235 4122 omni

146 4151 222 4198 aetate
242 4151 269 4196 et
288 4144 393 4197 fortuna
415 4151 442 4196 et
457 4151 560 4195 natura.

230 4241 320 4314 Atque
341 4242 474 4314 quomodo
493 4241 574 4302 duces
593 4248 703 4311 propter
723 4240 780 4296 tale
798 4242 886 4297 odium
906 4257 1006 4312 poenes
1023 4257 1079 4297 non
1105 4241 1150 4295 diu
1172 4244 1234 4310 post
