3017 4892
536 381 540 389 ’
587 354 865 435 'monins'
953 374 958 377 ·
1193 352 1265 439 tll

169 535 336 614 Νεμίτζων
365 536 559 616 λιμομὲνων,
590 529 648 609 οδς
677 530 851 610 άπαλαιός
872 533 961 620 λόγος
985 528 1196 615 Σαυρομάτας
1213 533 1271 597 καί

170 634 289 711 αάτοάς
308 637 483 717 ἐγίνωσκεν,
523 635 609 700 Ἀλλ’
635 637 700 718 οἵγε
735 621 852 718 θράσει
885 638 938 700 καί
959 636 1053 720 θυμῷ
1076 636 1195 711 ζέοντες
1209 634 1271 695 «αἱ

170 735 307 823 α’πονοίρ
318 738 500 823 βαρβαρικῇ
521 733 600 819 πρὸς
630 733 788 820 ἐκδίκησιν
822 742 884 803 τοῖν
906 738 996 802 ἰδίων
1016 736 1138 814 ἰταμαῖς
1163 734 1270 795 διανέ-

168 858 300 917 οτηοαν,
321 835 376 899 κατ’
390 838 453 901 τάν
472 834 575 903 ἵππων
597 840 670 918 περὶ
691 836 747 919 την
762 839 825 901 τάν
846 838 986 919 α’ριστιὸν
998 831 1161 917 ἐπιβάντες
1182 825 1271 915 σάρον

144 938 226 1017 5τῆς
246 936 303 999 τοῦ
324 938 482 1016 βασιλέως
503 940 617 1021 σκηνῆς
632 938 688 1001 καί
707 938 807 1001 ου’τοῦ
825 942 982 1018 βασιλέως
1003 936 1281 1015 κατεξαναστῆναι

169 1039 349 1115 συνέθεντο.
391 1039 586 1120 γνωσθείσης
602 1039 637 1101 δὲ
659 1039 714 1120 τῆς
735 1039 843 1103 ου’τάν
865 1034 1037 1113 ἐπιθέσεως
1061 1036 1120 1119 βοὴ
1142 1057 1177 1098 τι
1199 1033 1274 1117 περὶ
1302 1030 1303 1035 ¹

172 1136 207 1202 τά
230 1136 447 1220 στρατόπεδον
468 1142 582 1223 γέγονε,
604 1140 660 1202 καὶ
676 1138 759 1221 ταχά
794 1140 1020 1225 διαβοηθέντος
1040 1147 1099 1201 τοῦ
1121 1134 1273 1218 πράγμα-

172 1261 223 1312 τος
246 1241 460 1324 συνέστημεν
490 1235 506 1301 ὅ
540 1237 692 1321 βασιλεάς
721 1243 775 1304 καί
797 1241 1029 1327 διηυτρεπάσθη
1057 1236 1095 1303 τά
1116 1234 1196 1319 πρὸς
1219 1233 1279 1299 τὸνΑ

119 1397 132 1409 ,
175 1337 322 1424 πόλεμον,
342 1338 456 1423 ἐπιβάς
479 1326 514 1404 ll
535 1341 592 1404 τοῦ
616 1340 713 1404 ἵππου
734 1343 788 1405 καί
812 1338 870 1424 την
891 1337 1044 1422 στρατιάν
1072 1336 1115 1412 τάς
1144 1338 1189 1411 εἰς
1209 1334 1272 1415 μά-

131 1462 164 1516 10
170 1463 232 1524 χην
262 1436 540 1524 συναρμοσάμενος
569 1443 738 1523 κατέπληξε
768 1438 842 1514 τοδς
871 1442 1058 1520 ἰδιοξένους,
1092 1439 1136 1510 εἰς
1157 1436 1189 1499 τὰ
1214 1458 1291 1516 os-¹

171 1543 239 1606 διὀν
260 1540 481 1617 ια’συντάκτως
499 1540 677 1623 γενόμενος·
720 1541 775 1604 κατ’
794 1541 1014 1611 ὑποσπόνδους
1044 1532 1157 1609 obtutis
1179 1533 1274 1617 ποιη-

170 1640 321 1724 σάμενος,
358 1638 415 1725 τήν
455 1641 592 1726 ἐσχάτην
625 1640 749 1714 τούτοις
779 1636 890 1723 χώραν
920 1642 954 1703 ἐκ
989 1640 1044 1719 τῆς
1076 1657 1274 1721 σωματοφυ-

172 1747 283 1817 λακιάς
311 1744 366 1806 καί
396 1744 449 1822 τῆς
480 1736 590 1823 πρώην
611 1738 778 1823 ε’γγάτητος
801 1737 1011 1818 άπενεάματο,
1033 1739 1067 1803 ἐν
1092 1734 1195 1825 τούτῳ
1221 1738 1276 1801 κατ’

172 1841 258 1931 μόνην
286 1839 323 1905 τὸ
352 1837 529 1924 πρόστιμον
550 1835 657 1914 αὐτοῖς
675 1842 732 1904 τοῦ
753 1837 897 1903 τοιούτου
922 1838 1114 1921 ἐγκλήματος
1138 1843 1274 1921 ἐγκατοι-

131 1945 317 2023 ιεθέμενος.
1222 1951 1229 1957 “

273 2043 409 2109 Ἐκεῖθεν
439 2043 469 2105 δ’
502 2037 547 2116 εἰς
573 2036 765 2122 Σεβάστειαν
800 2042 853 2105 κατ’
887 2038 924 2105 τά
949 2040 1059 2123 πρόσω
1085 2036 1274 2123 νεχωρηιιάς

174 2141 266 2230 εἰσῄει
289 2140 344 2227 την
364 2145 427 2206 τάν
447 2141 576 2225 Ἰβήρων
608 2146 799 2224 καταλαβεῖν
824 2138 1041 2223 ἐπειγόμενος,
1065 2133 1118 2205 ὅτε
1138 2141 1194 2204 καί
1215 2137 1273 2203 δύο

175 2246 327 2327 α’τραπαῖν
349 2244 383 2306 ἐκ
407 2243 598 2323 Σεβαοτείας
622 2244 856 2325 διαιρουμένων
880 2240 934 2307 καί
956 2244 1001 2317 εἰς
1032 2238 1065 2307 τά
1090 2245 1176 2323 θέμα
1201 2241 1272 2303 Κο-

172 2348 304 2419 λωνείας
330 2344 535 2427 συναγουσῶν
557 2343 615 2427 την
635 2346 669 2408 ἐν
692 2344 844 2431 α’ριστερᾷ
868 2346 1067 2427 πορευθῆναι
1096 2340 1234 2424 θελήσας
1258 2339 1274 2401 ὅ

128 2443 325 2525 αρβασιλεάς
354 2447 477 2509 πολλάν
510 2446 685 2524 πτωμάτων
718 2447 797 2509 θέαν
827 2444 1034 2529 α’νθρωπίνων
1066 2447 1273 2529 προσέλαβεν.

174 2547 207 2609 ἐν
229 2547 336 2635 ἐκείνην
354 2544 415 2630 γάρ
441 2551 484 2635 τῷ
504 2543 588 2632 τάπρι
609 2548 742 2629 συνέστη
773 2550 816 2633 τῷ
844 2544 1036 2629 παρελθόντι
1058 2542 1119 2611 ἔτει
1140 2543 1157 2607 ά
1181 2543 1275 2609 πάλι-

173 2657 233 2737 μος
253 2653 318 2720 τοῖς
339 2669 371 2711 τε
390 2641 563 2729 Ῥωμαίοις
588 2648 644 2710 καί
662 2654 726 2721 τοῖς
741 2643 895 2727 Τοάρκοις
918 2642 1168 2730 στρατηηῖοιῖντος
1192 2648 1274 2709 Μα-
1302 2708 1309 2712 .

175 2743 273 2828 νουηλ
294 2746 532 2830 κουροπαλάτου
554 2749 611 2812 τοῦ
623 2749 804 2832 Κομνηνοῦ,
826 2750 880 2815 καί
899 2744 933 2811 τὸ
952 2743 1134 2827 Ῥωμαϊκὸν
1153 2741 1274 2828 ἡττήθη
1284 2752 1303 2805 i.
1325 2751 1375 2809 tot
1387 2768 1410 2808 ι.

246 2934 327 2987 4.=an
345 2934 399 2989 τοῦ
416 2932 563 3004 ολριοτάνλ

176 3090 250 3144 ribns
268 3090 408 3159 οδιισριοε,
434 3092 503 3144 ictns
524 3090 657 3143 inanimo
677 3090 768 3143 durius
796 3091 920 3143 tractavit
945 3090 1070 3158 quosdam
1095 3086 1276 3143 Nemitnonnn

161 3165 222 3231 *qui
241 3164 372 3229 dicuntur,
393 3179 460 3232 quos
480 3164 586 3230 quidem
604 3165 727 3232 antiquus
746 3177 833 3215 sermo
856 3161 1024 3213 Sauromates
1044 3168 1071 3210 et
1089 3161 1162 3228 ipsos
1186 3176 1275 3213 nove.

176 3241 225 3285 rat.
264 3236 310 3287 sed
329 3234 356 3286 bi
376 3236 488 3287 audacia
508 3243 534 3286 et
552 3236 639 3287 animo
662 3235 797 3286 ferventes
818 3242 845 3285 et
863 3234 965 3301 insania
983 3231 1275 3284 barbaraadnltionem
1298 3270 1309 3285 ,

176 3307 217 3357 sui
237 3308 362 3358 audacter
380 3315 563 3372 surrexerunt,
584 3314 610 3357 et
630 3321 713 3375 equos
732 3307 804 3357 cirea
823 3306 992 3373 prandiorum
1011 3304 1186 3356 ascendeutes
1205 3312 1274 3355 tem.

176 3393 225 3443 pus
243 3379 360 3429 tentorio
380 3380 452 3445 regis
471 3380 584 3446 regique
603 3379 655 3446 ipsi
674 3394 704 3430 se
724 3392 861 3445 opponere
881 3384 1037 3429 statuerunt.
1060 3376 1167 3444 cognito
1187 3385 1275 3427 autem

177 3463 267 3508 eorum
286 3450 386 3514 impetu
405 3450 504 3501 clamor
524 3450 596 3500 cinca
614 3450 806 3501 castra-iactus
827 3457 866 3500 est
886 3457 913 3500 et
932 3448 1058 3501 celeriter
1081 3447 1221 3514 divulgata
1246 3462 1275 3497 ιε

176 3520 332 3580 aderatsex
352 3527 379 3568 et
397 3521 512 3570 instituit
530 3536 598 3587 quae
618 3521 649 3570 ad
674 3520 774 3571 bellum
803 3536 869 3586 opus
895 3528 988 3571 erant:
1017 3520 1163 3571 ascendens
1188 3525 1276 3569 autem

178 3604 272 3656 equum
293 3597 319 3639 et
338 3591 482 3640 exercitum
501 3598 529 3640 nt
548 3590 579 3640 ad
598 3606 711 3657 pugnam
731 3593 864 3641 instruens
884 3591 1085 3641 admirationem
1109 3590 1194 3640 movit
1221 3589 1275 3639 suis

177 3659 326 3725 hospitibus
346 3674 404 3709 cuin
423 3659 451 3708 in
471 3673 562 3726 campo
583 3667 654 3709 esset
670 3660 741 3709 bene
760 3661 931 3725 compositus,
952 3668 977 3710 et
994 3668 1132 3725 postquam
1151 3660 1276 3724 pactionis

178 3746 225 3781 eos
245 3730 393 3793 coniunxit,
413 3737 555 3779 extremam
574 3728 616 3781 his
635 3736 731 3779 terram
750 3737 859 3795 propter
878 3729 1022 3779 satellitum
1042 3728 1159 3779 officium
1180 3736 1206 3779 et
1224 3744 1277 3778 nu.

178 3817 226 3870 per
246 3802 404 3853 existentem
424 3797 642 3851 coniunctionem
661 3798 791 3863 attribuit,
812 3800 838 3849 in
858 3798 907 3849 huo
934 3800 1012 3850 etiam
1037 3798 1095 3851 sola
1115 3815 1143 3849 re
1163 3796 1276 3867 poenam

177 3874 272 3925 iustam
291 3874 324 3925 iis
344 3871 406 3924 talis
426 3872 604 3923 accusationis
630 3872 779 3939 imponens.

276 3969 341 4024 lnde
361 3970 393 4021 ad
412 3969 560 4022 Sebastiam
582 3976 609 4019 et
627 3968 735 4035 longius
755 3968 913 4036 progressus
932 3966 998 4019 abiit
1015 3967 1152 4019 lberorutn
1179 3976 1276 4021 terram
1310 3980 1317 4043 g
1399 3984 1403 3991 ‘

178 4056 312 4108 occupare
333 4042 514 4093 contendens:
534 4041 638 4108 quando
663 4040 741 4091 etism
761 4040 860 4092 duabus
881 4056 895 4090 e
915 4039 1036 4095 sebastia
1054 4041 1147 4092 divisis
1173 4042 1225 4094 viis
1250 4048 1277 4091 et

176 4116 204 4165 in
223 4112 373 4167 Coloneum
391 4112 558 4179 provinciam
577 4111 654 4164 simul
675 4112 1010 4166 ferentibuseumsinistro
1029 4112 1165 4178 proficisci
1191 4112 1277 4165 vellet

176 4200 225 4236 rex
242 4184 385 4239 multorum
410 4199 517 4236 casuum
536 4182 718 4251 spectaculum
741 4182 892 4239 mortalium
918 4184 1030 4249 accepit.
1073 4184 1103 4236 ln
1124 4184 1174 4235 illo
1206 4183 1276 4235 enim
1340 4216 1398 4255 ar*

175 4254 238 4307 loco
258 4258 361 4330 exstitit
379 4257 525 4324 praeterito
548 4270 617 4307 anno
636 4254 870 4311 bellumGracois
890 4264 916 4307 ct
934 4255 1035 4321 Tuscis,
1059 4257 1127 4311 duce
1152 4251 1276 4311 ttonuots
1305 4257 1312 4289 ἰ
1340 4260 1344 4280 ¹
