3017 4892
175 250 178 252 *
269 280 342 359 rao
443 276 463 388 j
565 281 786 355 mcasscrs
810 278 1072 353 amurcam

304 506 309 515 .
368 450 549 521 Μέλλοντες
570 438 629 512 αδν
654 448 712 512 τού
733 448 892 530 βασιλέως
915 445 969 510 διά
992 448 1051 511 τοῦ
1070 445 1276 527 καλουμένου
1297 450 1425 507 πολι-

268 555 360 635 χνίου
384 548 540 631 Κεράμου
561 546 639 634 π’ρός
661 546 719 624 τάς
741 537 845 629 δχθας
867 549 923 613 τού
944 546 1122 631 Εύφράτυυ
1144 548 1247 628 μέχρι
1274 548 1420 610 Μελι-

267 654 363 736 τηνῆς
377 649 431 715 τύκ
453 650 567 714 οίκείον
585 648 786 733 διαβιβάζειν
799 646 949 734 στρατόν,
965 646 1156 733 α’σύμφορον
1171 652 1276 712 πάλιν
1290 669 1340 709 το
1348 648 1414 711 fato

268 748 364 827 αύτδς
384 749 680 836 πραπετευσάμενας
702 745 905 837 ἐξεφύκησα,
928 745 970 825 ὥς
991 750 1036 833 μὴ
1061 749 1231 830 α’ναγκαίσν
1260 740 1299 811 ἐν
1331 749 1411 810 ταῖν

268 853 418 921 τοιούτων
440 853 557 936 ’μεράν
578 855 754 938 φροντίζειν
779 845 862 934 ἡμᾶς
886 852 1165 935 προηρημωμένων
1198 840 1306 915 ’ὀντων
1340 850 1410 913 καί
1416 858 1435 910 5

267 957 508 1043 περιηρημένων
530 954 639 1019 πάσαν
657 949 718 1038 τήν
733 952 906 1033 εὐκοσμίαν
930 953 1038 1016 αύτάν
1058 954 1092 1015 ἐκ
1107 947 1288 1037 ,διαφέρων
1314 946 1406 1013 ἐπι·

268 1058 405 1139 δρομάν,
428 1055 485 1140 άφ’
510 1042 554 1118 ὧν
575 1053 628 1117 καί
648 1054 762 1128 σπάνις
786 1052 915 1136 ύλεθρία
947 1048 1138 1135 συναντήσει
1158 1054 1212 1133 καί
1232 1050 1404 1133 κατατή-

268 1161 316 1235 ξει
333 1154 367 1220 τδ
391 1152 585 1237 στράτευμα.
630 1153 684 1218 καί
704 1147 773 1232 άμα
792 1156 933 1235 χρονίσει
955 1149 1010 1221 διά
1026 1156 1195 1217 στενωπῶν
1214 1149 1400 1216 τοσούτων

267 1257 402 1339 βαδίσαι
421 1257 554 1337 μέλλον,
585 1258 660 1319 καθ’
691 1252 724 1319 ἐν
752 1258 815 1320 τάν
843 1253 1023 1339 ύποζνγίων
1053 1255 1305 1337 ἠναγκασμένων
1330 1256 1399 1317 καί

269 1356 331 1421 τῶν
353 1353 532 1438 α’νδρούτιων
551 1358 749 1438 διέρχεσθαι.
793 1354 848 1419 καί
875 1352 989 1419 τούτου
1011 1351 1159 1437 μελήσειν
1180 1357 1310 1431 ἐξείπον
1336 1353 1396 1416 εἰ·
1411 1356 1440 1409 10

269 1453 333 1540 κύς,
357 1448 443 1528 ὅπως
476 1453 519 1529 οἷς
547 1453 685 1538 τάχιστα
717 1462 783 1530 τοϊς
806 1455 947 1519 α’παδέσι
984 1452 1038 1517 καί
1068 1449 1115 1518 ἐτι
1143 1449 1202 1534 την
1221 1448 1397 1517 σύστασιν

270 1554 381 1640 ἔχουσι
403 1557 542 1636 θύμασιν
569 1555 764 1638 ἐσιωπῶμεν,
784 1553 912 1619 κάκεῑνα
938 1559 993 1639 τῆς
1013 1555 1074 1619 τάν
1095 1550 1244 1618 ἐναντίων
1266 1554 1394 1637 διατη-

271 1653 419 1741 ρήσωμεν
448 1646 584 1741 λάβης.’
603 1654 720 1739 ταύτης
738 1647 803 1726 Ιαύν
826 1658 881 1737 τῆς
903 1654 1029 1738 γνάμης
1051 1655 1302 1738 κεκρατηκυίας,
1328 1651 1389 1717 διά
1483 1672 1484 1691 ³

269 1756 324 1839 τῆς
346 1756 529 1832 Καλωνείας
559 1754 615 1819 καί
644 1757 707 1818 τάν
727 1754 944 1838 Ἀρμενιακῶν
973 1750 1123 1836 θεμάτων
1149 1744 1248 1835 μέχρι
1272 1756 1388 1835 Σεβα-

271 1860 378 1932 ατειάς
411 1856 427 1921 δ
456 1854 610 1939 βασιλεύς
641 1854 700 1921 σύν
726 1858 770 1945 τῷ
792 1853 1003 1940 στρατεύματι
1026 1851 1227 1939 διελήλυθεν.
1274 1856 1385 1919 ἐκεῖσε
1395 1857 1425 1909 ¹5
1483 1903 1484 1932 r

273 1959 309 2021 δέ
329 1955 525 2041 μεμαθηκώς
558 1957 602 2033 οἷς
633 1954 664 2020 οἱ
689 1960 826 2041 Τούρκοι
858 1956 1017 2043 προῄεσαν
1052 1959 1106 2021 ἐπί
1132 1952 1293 2021 Πισιδίαν
1320 1961 1386 2037 καί
1483 1975 1484 2012 t

273 2058 460 2123 Λυκαονίαν
491 2054 673 2133 ἐλαύνοντες
706 2060 760 2122 καί
790 2056 833 2131 αἱς
862 2056 1050 2132 είςσκοπόν
1082 2051 1320 2137 άποτεινόμενσι
1344 2055 1380 2121 τύ
1483 2064 1484 2067 ’

269 2156 406 2237 Ἰκόνιον,
430 2152 559 2243 ιδρμησε
580 2163 635 2223 καί
654 2156 751 2233 αύιδς
774 2166 841 2223 κατ’
863 2158 962 2243 ούρύν
984 2156 1128 2253 ἐλαύνειγ
1152 2160 1260 2223 αύτῶν
1280 2160 1382 2241 μέχρι

253 2260 327 2344 ’,τῆς
348 2262 516 2343 λεγομένης
529 2261 586 2325 τού
602 2260 776 2341 Ἡρακλέος
798 2256 1019 2341 κωμοπόλεως.
1051 2261 1191 2326 ἐνταῦθα
1215 2260 1251 2322 δὲ
1270 2281 1382 2339 μεμα-

273 2356 381 2442 θηκούς
410 2359 453 2435 ὥς
482 2360 511 2424 οἱ
538 2366 673 2444 Τούρκοι
694 2360 752 2447 τη“ν
778 2365 834 2426 τού
866 2360 994 2427 Ἰκονίου
1018 2353 1179 2425 πολιτείαν
1202 2373 1419 2440 eorumne-20

273 2458 411 2539 ψάμενοι
443 2464 589 2546 χρονίσαι
610 2459 711 2551 ταύτῃ
734 2463 793 2527 ούκ
815 2454 1060 2547 άπεδάρρησαν,
1083 2458 1222 2534 δεδιότες
1243 2457 1301 2542 την
1318 2461 1378 2522 τού

273 2563 432 2643 βασιλέως
453 2569 523 2625 κατ’
545 2566 652 2628 αύτάν
670 2563 844 2645 ἐπιδίωξιν,
867 2563 1049 2647 α’πύμοιραν
1073 2566 1132 2645 μέν
1143 2585 1213 2627 τινα
1234 2564 1294 2626 ταῖν
1313 2582 1375 2623 τα-

1483 2363 1484 2420 λ

136 2680 223 2737 ΗΜ
237 2659 404 2747 νημάτων
424 2665 469 2741 είς
486 2668 637 2731 Κιλικίαν
652 2668 837 2753 ἐξέπεμψεν,
857 2668 1097 2752 ἐνωθησομένην
1110 2665 1154 2752 τῷ
1176 2665 1231 2747 τῆς
1253 2664 1373 2729 Ἀντιο-

661 2782 668 2789 ’
1483 2766 1484 2816 λ

1483 2823 1484 2892 λ

341 2866 373 2919 δ.
391 2870 509 2936 κατηξει
521 2867 552 2947 β,
568 2872 685 2932 καθέξει
702 2868 845 2935 interpres.

185 3013 194 3040 r
275 3081 279 3095 r
375 3041 440 3095 Cum
457 3042 541 3109 igitur
559 3040 645 3094 vellet
660 3056 712 3092 rex
729 3054 779 3107 per
798 3039 933 3107 oppidum,
953 3041 1024 3108 quod
1042 3046 1155 3093 vocatur
1173 3040 1315 3105 Keramum,
1334 3042 1367 3093 ad

274 3115 345 3180 ripas
364 3113 507 3179 Euphratis
526 3129 611 3182 usquc
636 3113 668 3163 ad
686 3111 834 3164 Melitenen
853 3126 928 3163 suum
954 3114 1094 3165 traducere
1125 3114 1287 3177 exercitum,
1313 3128 1362 3163 non

256 3184 342 3235 ‚utile
360 3199 451 3235 rursus
469 3186 520 3236 hoc
539 3200 591 3251 ego
611 3184 697 3234 audax
715 3182 881 3250 significavi:
907 3198 961 3234 non
990 3198 1049 3237 csse
1076 3200 1188 3237 necesse
1219 3198 1267 3235 nos
1292 3200 1365 3235 curae

258 3254 343 3361 ιηοελυε
363 3262 469 3319 partes,
490 3271 559 3323 quae
577 3255 698 3319 desertae
719 3261 808 3306 essent
828 3262 854 3305 et
872 3254 1004 3320 spoliatae
1023 3257 1093 3306 omni
1113 3264 1207 3307 ornatu
1229 3258 1306 3308 variis
1322 3257 1363 3305 in-

276 3324 459 3377 cursionibus:
480 3341 514 3377 cx
537 3326 633 3393 quibus
661 3326 738 3376 etiam
758 3327 849 3392 inopia
877 3328 1031 3392 perniciosa
1055 3343 1199 3380 occursura
1225 3336 1251 3379 et
1276 3327 1362 3379 obten-

275 3406 334 3448 tura
354 3403 426 3446 essct
444 3398 605 3460 exercitum,
631 3395 764 3465 simulque
791 3398 908 3449 cunctari
929 3406 1067 3465 oporteret
1086 3401 1231 3451 exercitum
1250 3414 1294 3465 per
1308 3406 1362 3449 tan.

276 3476 316 3519 tas
335 3469 472 3535 angustias
490 3484 686 3536 processurum,
706 3485 765 3519 cum
784 3469 891 3537 singula
911 3471 1028 3521 iumenta
1048 3480 1140 3523 coacta
1160 3478 1249 3523 essent
1267 3478 1291 3521 ot
1315 3470 1361 3519 ho-

275 3540 361 3591 mines
380 3541 508 3591 transire:
528 3549 607 3609 atque
625 3540 677 3591 hoc
696 3556 789 3593 curare
810 3542 864 3603 disi
883 3543 1029 3605 decere‚ut
1046 3559 1124 3611 quarn
1146 3542 1283 3594 celerrime
1299 3543 1361 3593 iuta.

263 3614 327 3664 “ctis
353 3620 380 3663 et
395 3614 542 3664 ’etiamtum
569 3613 725 3679 compositis
749 3615 897 3681 provinciis
924 3615 1082 3667 instaremus
1108 3614 1223 3682 illasque
1242 3621 1361 3665 tueremur

269 3684 309 3758 ¹ab
328 3684 443 3735 hostium
463 3685 604 3740 dedecore.
644 3684 693 3735 hac
712 3686 794 3752 igitur
814 3686 947 3737 sententia
968 3687 1146 3753 principatum
1166 3684 1297 3737 obtinente
1319 3698 1361 3750 per

266 3755 424 3820 ‚Coloneam
445 3764 472 3807 et
488 3758 662 3810 Armeniacus
682 3759 836 3823 provincias
855 3772 940 3824 usque
959 3758 991 3808 ad
1007 3756 1154 3810 Sebastiam
1173 3772 1221 3809 rex
1244 3772 1296 3807 cum
1318 3770 1360 3805 ex-

267 3828 362 3877 ‘ercitu
383 3830 516 3892 pervenit.
553 3829 591 3881 ibi
609 3837 696 3879 autem
714 3845 774 3879 cum
798 3827 945 3880 audivisset
971 3828 1068 3883 Turcas
1094 3830 1260 3897 processisse
1283 3835 1360 3877 contra

255 3929 257 3936 ·
275 3896 399 3948 Pisidiam
419 3907 446 3968 et
464 3900 622 3965 Lycaoniam
642 3901 778 3966 profectos
799 3906 825 3949 et
843 3901 919 3966 quasi
937 3901 970 3951 ad
988 3910 1084 3951 metam
1104 3900 1291 3953 contendentes
1306 3899 1358 3950 lco-

271 3968 358 4029 ’nium,
378 3970 514 4033 profectus
536 3980 577 4024 est
596 3980 623 4022 et
641 3973 699 4038 ipse
717 3987 733 4021 a
750 3979 827 4037 tergo
847 3971 959 4023 veniens
979 3986 1071 4024 eorum
1097 3988 1182 4040 usque
1202 3971 1234 4022 ad
1253 3976 1357 4021 vocatum

275 4037 399 4089 Herculis
427 4042 560 4106 oppidum.
603 4042 640 4093 ibi
665 4051 752 4094 autem
772 4056 831 4090 cum
850 4042 1006 4106 audivisset,
1032 4044 1130 4096 Tuscus
1154 4043 1239 4094 iconii
1265 4042 1356 4093 civitate

275 4124 372 4162 eversa
391 4112 491 4161 versari
513 4111 622 4181 ibimon
641 4129 720 4167 ausos
732 4128 802 4175 esse,
822 4127 880 4161 cum
898 4122 1048 4167 metuerent
1058 4117 1131 4183 regis
1151 4122 1244 4165 contra
1262 4129 1287 4165 se
1303 4126 1355 4178 per-

266 4183 450 4249 secutionem,
469 4188 569 4249 partem
589 4187 718 4251 quandam
728 4183 849 4236 ordinum
869 4183 896 4233 in
916 4183 1037 4239 Ciliciam
1059 4187 1157 4250 emisit,
1175 4194 1205 4237 ut
1223 4186 1355 4250 coniunge-
