3017 4892
256 314 333 397 ονε
527 320 773 430 ,meusne
800 274 1061 431 amaneum

256 496 317 557 δοῖ
332 486 496 574 η’ράτησεν
519 486 536 551 ὅ
553 488 680 573 Φακᾶς,
701 487 888 569 δομεστικὸς
909 480 957 553 air
977 483 1081 571 πάσης
1096 489 1256 572 α’νατολῆς
1282 513 1382 573 τηνι·

256 596 355 656 ναῦτα
380 588 436 653 καί
454 593 499 677 τῷ
517 592 581 656 τάν
602 590 785 674 μαγίστριον
805 589 962 672 α’ξιάματι
985 586 1120 670 ἔντιμος,
1140 591 1211 665 παῖς
1231 588 1250 653 δ
1270 587 1382 665 τόπος

257 694 317 777 εἶφ’
337 682 434 774 οὗπερ
457 691 631 775 ἐξορμῆσαι
647 694 755 771 μέλλει
776 690 1037 772 κατονομάζεται.
1058 689 1113 753 καὶ
1132 690 1266 774 ἐπείπερ
1291 693 1380 771 ἐμε-

255 790 395 876 μαθήκει
420 782 469 855 ὅτι
492 794 640 874 Φνγὲλλα
669 788 773 879 τοάτιρ
794 790 831 857 το“
853 781 975 873 ὄνομα,
1003 792 1043 855 ον’
1065 793 1253 868 κατεδέξατο
1271 794 1379 857 τοῦτο

257 890 455 975 ποιήσασθαί
484 891 698 977 ὁρμητήριον,
720 890 800 957 etta
819 895 920 977 πέραν
942 895 977 957 ἐκ
1005 895 1127 957 πολλοῦ
1145 895 1406 976 διαστηματοςῦ

255 990 455 1077 α’κραιτηριον
483 999 550 1068 τοῖς
580 990 764 1077 ὀφθαλμοῖς
797 989 941 1057 ἐπελθιάν
971 995 1109 1057 ε’πάθετο
1137 995 1215 1077 περὶ
1235 990 1375 1076 τούτου,
1425 1000 1431 1005 ’

203 1134 207 1142 2
255 1103 345 1159 τιοῖιν
366 1094 460 1160 τοῦτο’
480 1096 549 1175 ,ἑστι
570 1097 626 1158 κατ’
655 1087 743 1170 ὅπως
773 1094 1068 1179 προσαγορεύεται,
1103 1098 1157 1159 κατ’
1177 1095 1301 1175 μαθών
1320 1089 1375 1161 ὅτι

251 1195 346 1279 Ἀγιά
375 1199 420 1281 τῷ
448 1189 621 1281 άκροθινῖτρ
649 1192 685 1259 τό
710 1186 829 1281 cinopo,
858 1191 897 1259 τά
924 1198 984 1276 μὲν
1017 1196 1239 1279 ἐμβεβλημένα
1258 1195 1375 1261 πάντα

256 1304 324 1372 τοῖς
345 1298 465 1371 πλοίοις
487 1298 520 1360 ἐν
535 1303 598 1371 τοῖς
612 1297 789 1379 Φυγέλλοις
810 1293 907 1362 πάλιν
928 1284 1170 1379 α’περεάξασθαι
1195 1294 1241 1360 τά
1268 1302 1375 1361 πλοῖα

257 1400 418 1483 πεποίηκε,
438 1396 490 1462 τὸν
514 1398 550 1462 δὲ
572 1396 685 1462 στόλον
708 1393 836 1462 ἅπαντα
858 1401 898 1484 τῇ
922 1400 963 1483 γῇ
983 1401 1038 1482 τῆς
1062 1398 1174 1477 Ἁγίας
1193 1406 1414 1480 προσσκεῖ-ιθ

258 1504 322 1581 λαι,
344 1494 571 1579 διαταξάμενος
589 1501 691 1563 ε’κεῖσὲ
711 1522 746 1563 τε
765 1496 1020 1583 τῆν’ἒμπλώισιν
1041 1496 1098 1562 καὶ
1115 1495 1171 1583 τὴν
1190 1496 1372 1585 ἐξόρμησιν

257 1603 312 1685 τῆς
333 1603 482 1683 ναυτικῆς
506 1598 681 1681 δυνάμεως,
704 1600 854 1689 συμβόλῳ
872 1602 1000 1686 χρηστῷ
1020 1599 1075 1664 καί
1088 1602 1198 1687 α’γαθῷ
1218 1626 1370 1686 χρηστη-

259 1706 318 1791 ρίῳ
339 1705 381 1787 τῷ
409 1701 493 1789 τόπῳ
529 1705 585 1785 τῆς
611 1700 789 1786 ἁγιωσύνης
816 1700 1031 1791 χρησάμενοςη
1048 1703 1105 1766 καί
1125 1699 1162 1765 τὸ
1188 1704 1369 1785 Φυγέλλινυ

259 1802 301 1878 ὥς
324 1803 431 1889 φυγήν
460 1799 741 1888 προαινιτιόμενον·
768 1794 1047 1891 α’ποτιναξάμενσς.
1106 1801 1160 1867 διά
1193 1805 1369 1883 τοῦτοκαὶ

257 1908 412 1990 χρονίσας
434 1906 467 1969 ἐν
487 1902 527 1991 τῇ
546 1901 630 1990 νήσῳ
652 1906 693 1990 ιη’
712 1905 791 1991 Νηῷ
806 1908 958 1991 λεγομένῃ
972 1894 1053 1984 μἐτά
1074 1906 1134 1967 τοῦ
1145 1904 1257 1969 στόλου
1282 1915 1405 1968 παν-15
1498 1863 1500 1946 i

258 2002 322 2086 τός,
344 2005 463 2071 ου’δὲνα
493 2006 553 2085 μὲν
580 1998 647 2085 εἶχε
677 2003 732 2069 τὸν
769 2004 966 2089 ὁδηγήσοντα
993 2003 1073 2089 πρός
1094 2002 1161 2087 *τήν
1189 2008 1287 2089 νῆσον
1308 2003 1368 2088 την

197 2122 200 2125 “
259 2106 402 2191 Κρήτην,
421 2105 475 2171 διά
496 2104 532 2171 τό
554 2106 678 2189 ἆγνοεῖν
697 2105 820 2181 πάντας
835 2104 893 2189 την
910 2104 985 2172 δδόν
1007 2112 1128 2192 ε’κεῖνην
1149 2111 1185 2172 ἐκ
1203 2110 1262 2172 τοῦ
1283 2130 1367 2192 χρυ.

257 2214 323 2282 νοῖς
342 2212 468 2283 πολλοῖς
487 2205 531 2289 με)
555 2208 753 2290 παροδεῦσαι
767 2209 889 2271 ε’κεῖδεν
909 2215 1017 2274 πλοῖον
1036 2205 1234 2290 Ῥωμαϊκόν·
1256 2207 1367 2291 άορά-

258 2331 320 2383 τοις
341 2309 377 2372 δὲ
399 2310 473 2391 νῆαι
487 2310 700 2391 Καρπαδικαῖ
723 2308 783 2371 δύο
804 2305 856 2373 τὸν
874 2308 1056 2375 κατάπλουν
1078 2309 1126 2375 ἐπ’
1147 2308 1246 2375 αδτδν
1267 2332 1365 2393 ποιη.

258 2408 394 2490 σάμεναι
415 2410 676 2499 προωδοποίησαν
696 2405 860 2497 crispioris
881 2409 1067 2496 δδοιπορῖαν
1086 2414 1142 2475 καί
1159 2414 1206 2485 εἰς
1228 2407 1405 2495 Κρήτηνλθ

256 2505 439 2593 α’πὴγαγον,
468 2511 526 2573 τοῦ
545 2512 625 2573 θεοῦ
645 2506 772 2586 πάντας
793 2507 833 2574 τά
860 2512 930 2576 κατ’
950 2510 1052 2577 αδτόν
1074 2511 1289 2593 διιθάνοντος,
1321 2508 1366 2585 ὥς

257 2610 528 2697 εὐαρεστουμένου
552 2614 589 2697 τῇ
609 2612 760 2701 εδλαβείρ
780 2610 833 2695 τῆς
854 2615 999 2689 πίστεως.

359 2714 430 2779 Καὶ
461 2703 547 2788 ὅπως
574 2715 635 2794 μὲν
664 2709 745 2795 μετά
781 2710 818 2777 τό
837 2714 875 2800 τῇ
901 2715 987 2802 νήσηι
1006 2719 1181 2803 προσμῖξαι
1200 2717 1256 2781 καί
1277 2711 1364 2793 οἵαις

1498 2141 1500 2258 i

1498 2369 1500 2444 ι

1498 2449 1500 2566 i

258 3039 318 3089 nes,
336 3025 514 3096 interrogavit
532 3024 645 3093 Phocus,
665 3028 827 3082 domesticus
855 3037 909 3083 turn
928 3031 1013 3083 omnis
1037 3032 1149 3085 orientis
1170 3038 1198 3085 et
1214 3014 1362 3101 mugtsno'.

260 3112 317 3149 rum
337 3098 466 3165 dignitate
486 3107 604 3163 ornatus,
625 3100 757 3168 quomodo
776 3100 862 3165 locus,
882 3118 916 3153 ex
940 3117 992 3170 quo
1011 3118 1185 3170 processurus
1206 3111 1287 3167 esset,
1305 3119 1362 3155 ao-

261 3177 375 3232 caretur‚
397 3178 423 3220 et
442 3186 501 3221 curn
520 3173 703 3239 cognovisset,
722 3171 855 3239 Phygella
873 3171 936 3225 buic
955 3181 1016 3225 ess'e
1031 3190 1141 3239 nomen,
1160 3192 1214 3228 non
1232 3176 1361 3228 sustinuit

234 3204 331 3291 inune
351 3238 440 3291 facere
461 3242 575 3307 exitum,
600 3242 647 3295 sed
664 3250 736 3293 trans
755 3243 825 3294 bunc
845 3243 933 3295 locum
957 3244 1039 3297 multo
1067 3246 1212 3300 intervallo
1229 3261 1359 3314 promon-

241 3287 360 3375 itorium
380 3309 465 3362 oculis
487 3321 625 3366 assecutus
644 3314 822 3382 interrogavit
848 3316 880 3367 de
900 3316 960 3380 boc,
983 3316 1063 3384 quale
1082 3317 1133 3369 boo
1152 3327 1225 3370 esset
1243 3327 1269 3370 et
1287 3332 1358 3385 quo-

241 3376 338 3431 tmodo
357 3382 553 3448 nominaretur,
582 3392 661 3451 atque
681 3402 739 3436 cum
760 3388 949 3455 cognovisset,
977 3388 1062 3456 Hagia
1081 3388 1206 3459 (Sancta)
1228 3404 1358 3457 promon-

153 3512 159 3527 ,
259 3453 330 3503 torio
350 3467 410 3504 esse
428 3468 534 3518 nomen,
554 3462 583 3506 ut
600 3472 684 3508 naves
703 3459 801 3523 omnia,
826 3475 902 3527 quam
920 3462 955 3512 iis
973 3460 1097 3525 imposita
1116 3468 1191 3512 eraut
1207 3459 1358 3529 Phygellis,

259 3538 350 3575 rursus
370 3524 515 3590 eiicereut,
535 3529 654 3579 curavit:
680 3528 793 3581 classem
818 3538 905 3582 autem
932 3532 1082 3584 universam
1096 3544 1100 3547 ·
1112 3541 1251 3599 postquam
1270 3541 1360 3583 terrae

258 3592 360 3663 Hagiae
379 3595 518 3663 appellere
528 3600 613 3663 iussit,
633 3599 724 3669 ibique
737 3603 853 3654 instituit
869 3603 1089 3654 conscensionem
1106 3612 1133 3655 et
1150 3619 1288 3672 egressum
1306 3619 1359 3655 na-

261 3666 361 3726 valium
381 3668 487 3733 virium,
507 3679 535 3721 ut
553 3672 629 3740 signo
649 3671 718 3723 utili·
735 3681 762 3725 et
780 3673 851 3726 bono
871 3673 981 3725 oraculo
1000 3672 1061 3724 loco
1082 3676 1231 3727 sanctitatis
1249 3690 1313 3727 usus
1332 3682 1361 3725 et

258 3736 391 3823 Phygella
409 3743 484 3809 quasi
505 3741 594 3811 fugam
613 3744 791 3811 significantia
816 3746 964 3796 excutiens.
1002 3753 1145 3811 propterea
1164 3748 1243 3797 etiam
1263 3760 1358 3798 versa-

258 3817 300 3862 tus
319 3826 347 3863 rn
366 3812 462 3877 insula,
483 3828 552 3881 quae
572 3814 643 3866 Neue
663 3816 809 3879 dicebatur,
829 3833 889 3867 cnm
903 3816 989 3869 classe
1008 3824 1064 3869 tota
1082 3819 1215 3869 neminem
1233 3818 1357 3885 reperie-

257 3878 303 3930 bat
330 3884 400 3934 viam
425 3892 629 3936 monstraturum
654 3886 687 3937 ad
712 3887 827 3938 insulam
851 3887 975 3951 Cretam,
1002 3904 1059 3939 cum
1085 3903 1176 3942 onmes
1202 3890 1359 3959 ignorarent

258 3950 310 4000 iter
326 3951 402 4020 iliud,
421 3958 482 4023 quia
501 3971 549 4022 per
568 3964 687 4023 tempora
707 3958 788 4009 multa
805 3973 859 4009 non
878 3960 1055 4024 praeterierat
1073 3960 1135 4013 inde
1152 3962 1290 4030 navigium
1299 3960 1358 4011 lio-

258 4034 384 4095 ruat-uum:¹
401 4025 514 4079 obscure
532 4036 620 4079 antem
642 4044 726 4085 naves
748 4028 923 4096 Carpatbicae
946 4030 1015 4081 duae
1038 4031 1071 4082 ud
1097 4048 1155 4083 eum
1174 4032 1303 4085 adrectae
1332 4032 1358 4081 ei

152 4142 156 4147 .
258 4100 436 4147 monstrarunt
461 4099 514 4149 iter
543 4114 655 4167 eumque
674 4101 701 4150 in
721 4100 827 4152 Cretam
844 4102 994 4167 duxerunt,
1021 4102 1072 4153 deo
1100 4103 1209 4155 omnino
1234 4119 1280 4155 res
1299 4103 1358 4154 eins

258 4163 434 4236 gubernante,
453 4174 483 4218 ut
500 4168 631 4235 placentis
651 4171 798 4222 attentione
817 4170 889 4221 fidei.

356 4255 445 4325 Atque
472 4258 603 4327 quomodo
627 4266 766 4327 postquam
791 4258 897 4314 insulae
925 4262 1030 4330 appulit
1053 4271 1082 4316 et
1098 4262 1223 4335 quobus
1240 4276 1304 4319 usna
1322 4262 1359 4319 sit
