3017 4892
577 276 785 346 ursionis.
883 339 888 345 .
1007 273 1013 282 ’
1156 265 1230 341 313

188 521 189 528 ,
238 447 472 530 Φιλόνθραιπος
494 445 529 508 δὲ
549 431 594 505 α’όν
616 442 660 516 εἰς
681 439 716 504 τό
742 433 861 522 ἅγανό
889 433 1042 519 βασιλικός
1065 437 1119 498 καί
1137 428 1232 514 νόμον

109 551 238 632 ἓτερον
261 543 423 624 desinimus
447 543 587 610 θανόντα
613 542 779 620 κιίκεῖνον,
805 541 859 603 καί
881 537 1020 602 θάνατον
1045 541 1171 608 πολλοῖς
1198 535 1389 600 insuetudo

110 653 180 732 τῆς
206 645 397 732 θνηιότητος
410 643 567 724 σίπότομον
579 645 634 706 καί
654 643 895 725 α’μεταμὲλητον
917 635 1158 720 παρεισόξαντα.
1186 633 1232 707 τίς
1328 669 1331 674 -

112 753 156 816 δὲ
184 740 293 827 οὗτος,
314 743 331 810 ό
354 744 442 828 λόγος
466 743 601 830 δηλοίσει
618 742 748 828 προϊών.
793 741 862 806 όὲν
884 745 1069 823 βασιλεῦσιν
1089 739 1233 818 οἶοίιλιμος

78 849 304 924 ardenniam
325 848 565 914 στασιασάντων
586 850 661 912 ποτὲ
675 847 768 910 τινιόν
779 845 847 909 κατ’
869 834 981 919 edroi,
1001 840 1127 929 μεγοὶλιρ
1137 840 1234 927 θυμῷ

114 955 368 1037 καταφλεχθείς
390 949 446 1032 την
469 946 588 1032 ψυχήν,
610 945 750 1013 θάνατον
772 945 1234 1028 τοότωνοῖννπιρθέτσιςαατε-

114 1055 306 1138 ψηφίσατο.
350 1053 396 1126 εἰς
417 1047 528 1116 ἑαυτόν
550 1053 585 1115 δὲ
605 1049 781 1132 γενόμενος,
802 1049 979 1129 μᾶλλονδὲ
1001 1044 1057 1110 καί
1075 1040 1232 1126 παρόσον

116 1157 191 1220 vata
218 1149 387 1238 θεοφόρων
410 1151 536 1234 οἷνόρσίο
559 1151 641 1233 μετὰ
662 1154 842 1235 παρρησίας
866 1145 1076 1233 α’πιελεγχθείς
1106 1147 1162 1210 καί
1188 1145 1234 1219 aia

116 1254 302 1339 μιαιφόνος
331 1254 394 1319 τεόν
415 1255 676 1337 ἕκκλησιασεικαίν
699 1253 874 1336 περιβόλων
905 1250 1143 1326 ἀποκλεισθείς,
1171 1268 1232 1326 με-

66 1371 107 1426 10
118 1348 268 1435 τοίμελον
287 1351 425 1436 ἔθρεψε,
447 1357 501 1419 καί
524 1353 579 1418 τόν
608 1353 777 1436 ἐλέγχοντα
805 1353 846 1415 δι’
877 1353 986 1423 αἰδοῦς
1016 1344 1230 1430 ποιησόμενος
1241 1353 1260 1408 ί.
1278 1350 1330 1409 237
1341 1346 1370 1405 κ’.

119 1457 181 1518 καί
204 1451 371 1537 ἀγαπήσας
393 1451 489 1518 αότόν
511 1453 554 1527 τίς
575 1450 693 1537 σοφός,
717 1448 805 1532 εἴπερ
830 1452 948 1532 ἀληθὲς
966 1448 1001 1512 τό
1019 1445 1150 1538 αἔλεγχε
1174 1468 1232 1509 σο-

120 1548 210 1639 φόν,
244 1555 300 1616 καί
319 1535 476 1635 α’γαπὴσει
499 1553 571 1630 σε”,
595 1549 672 1632 γόνν
693 1549 792 1637 τοότιρ
823 1545 940 1628 ἔκλινε,
972 1550 1026 1610 καί
1045 1542 1233 1628 σνγγνοόμην

121 1650 207 1733 μετὰ
232 1654 348 1735 πολλῆς
378 1653 517 1732 οἰμωγῆς
549 1652 605 1714 καί
638 1653 810 1736 σοντριβῆς
837 1642 945 1736 ᾔτησε.
996 1650 1052 1711 καί
1082 1647 1144 1710 τοῖν
1174 1667 1232 1708 πε-

124 1753 404 1835 πλημμελημένων
424 1750 517 1827 α’ξίαν
541 1751 750 1834 ποιησόμενος
773 1749 831 1833 την
852 1747 1041 1830 μετάνοιαν,
1061 1751 1115 1811 καί
1135 1749 1230 1811 πλέον

76 1870 114 1924 15
125 1843 210 1934 ἤπερ.
232 1851 330 1932 ἐχρῆν
349 1847 459 1938 ιἰίιιότη
481 1857 699 1932 ταπειναίείς,
722 1849 929 1931 συμπάθειαν
951 1846 1046 1928 ἔλαβε
1072 1843 1159 1930 παροί
1174 1847 1232 1909 τοῦ

126 1948 247 2035 α’νδρρς
271 1941 323 2034 (ἢν
344 1951 380 2015 δὲ
403 1943 533 2026 adreci
555 1955 652 2034 μέγας
674 1951 864 2034 Ἀμβρόσιος
885 1945 901 2012 ό
925 1952 987 2014 τῶν
1019 1945 1231 2012 Μεδιολόνοον
1334 1943 1338 1951 ’

125 2046 331 2132 ἐπίσκοπος),
352 2055 408 2116 καί
424 2055 479 2133 τῆς
506 2057 678 2137 καθολικῆς
704 2049 869 2134 ἐκκλησίας
895 2053 953 2140 μοι’
981 2051 1036 2134 τῆς
1065 2045 1228 2119 κοινωνίας
1296 2058 1306 2073 ‘

126 2141 174 2226 εἷς
196 2155 345 2233 γενέσθαι
367 2155 443 2235 παρ’
463 2154 565 2218 αὐτοῦ
585 2141 788 2238 κατηξίωιαι.
821 2151 934 2217 derosa
957 2143 1014 2216 σίν
1044 2146 1080 2214 τό
1114 2149 1231 2232 ἀπηνὲς

100 2271 103 2278 ·
128 2251 185 2316 καί
204 2250 364 2330 α’πότομον
385 2255 440 2316 καί
460 2247 596 2337 όχρονον
608 2257 662 2338 τῆς
674 2259 829 2337 τιμωρίας
849 2253 1107 2344 κινόανῶδεςκαί
1127 2245 1231 2313 οἶπόν-
1275 2308 1279 2311 Α

83 2356 259 2435 γοθροσπον
281 2354 497 2434 λογισάμενος,
517 2341 631 2436 χρόνοίΙ
647 2351 789 2441 ιόρίσατο
802 2355 861 2438 τὴν
882 2349 1043 2436 ἀναβολήν
1064 2354 1119 2436 τῆς
1132 2375 1231 2432 τιμον·

128 2457 200 2534 ρίας
229 2456 429 2538 παρέχοντα,
456 2460 614 2529 θεσπίσας
639 2454 684 2540 μὴ
715 2455 790 2538 πρίν
819 2457 860 2518 δι’
883 2457 1018 2534 αἳματος
1038 2448 1230 2529 κολάζεσθαι
1264 2541 1268 2545 .

131 2546 298 2637 όίθριοπον
323 2546 533 2638 ἢτριόκοντα
557 2553 685 2642 ἡμερῶν
707 2559 931 2645 παρῳχηκέναι
963 2553 1124 2638 διάστημα
1143 2551 1225 2633 μετὰ
1273 2606 1279 2610 .

131 2650 186 2734 τὴν
207 2658 276 2717 κατ’
309 2654 408 2737 naitofa
430 2662 615 2723 τελευταίαν
645 2651 822 2743 ἀπόφασιν.
867 2654 974 2721 ἔκτοτε
1006 2657 1041 2720 dd
1069 2652 1086 2717 ό
1113 2653 1230 2736 χρόνος

229 2982 364 3036 llumanus
382 2982 462 3036 valde
480 2999 529 3036 rex
548 2985 626 3036 etiam
645 2985 724 3038 alia‘rn
741 2985 831 3055 legem
848 2987 1021 3040 resuscitavit
1039 2994 1184 3043 emortuom
1204 2997 1231 3043 ot

136 3054 219 3120 illam,
239 3070 307 3122 quae
325 3062 437 3108 mortem
455 3055 545 3108 multis
571 3071 604 3108 ex
623 3057 784 3110 mortalitate
812 3060 984 3125 praecipitem
1004 3067 1030 3111 et
1048 3061 1231 3125 poenitentiae

138 3136 267 3194 expertem
286 3127 407 3179 inferret.
446 3144 514 3196 quae
532 3128 600 3180 haee
620 3130 701 3181 fuerit
719 3131 805 3182 oratio
825 3130 972 3182 declarabit
990 3132 1147 3198 procedens.
1179 3148 1230 3184 ve.

137 3197 257 3263 norobilis
275 3200 346 3250 inter
372 3215 451 3267 reges
473 3199 652 3269 Theodosius,
674 3217 731 3253 num
751 3203 910 3255 seditionem
929 3210 1070 3254 moverent
1088 3202 1231 3271 aliquando

137 3269 253 3322 nonnulli
274 3278 366 3323 contra
392 3287 466 3336 eum,
491 3287 586 3340 magna
612 3275 651 3326 ira
671 3272 785 3342 flagrans
803 3275 909 3339 animo,
928 3282 1039 3326 mortem
1060 3275 1154 3326 horum
1172 3276 1231 3328 sino

138 3356 206 3392 mora
229 3343 374 3394 constituit.
420 3359 478 3406 cum
504 3352 592 3396 autem
611 3361 700 3397 secum
730 3353 801 3398 esset
818 3347 956 3416 magisque
987 3347 1065 3398 etiam
1083 3362 1100 3398 σ
1119 3347 1231 3414 quodam

140 3411 280 3462 divinorum
309 3412 426 3463 virorum
454 3414 540 3466 libere
560 3416 759 3482 vituperaretur
785 3425 812 3468 et
829 3420 905 3486 quasi
924 3419 1076 3485 inquinatus
1097 3418 1231 3470 ecclesiae

140 3481 213 3532 muris
230 3479 426 3547 excluderetur,
438 3485 630 3550 poenitentiam
647 3487 714 3538 aluit
726 3495 752 3538 et
768 3489 963 3555 vituperantem
975 3492 1077 3542 veritus
1097 3498 1124 3541 et
1142 3505 1231 3543 amans

92 3587 97 3596 .
142 3567 195 3602 eum
211 3557 240 3601 ut
258 3553 375 3618 sapiens,
395 3553 417 3603 si
437 3555 542 3621 quidem
561 3569 654 3606 verum
674 3559 804 3624 estquod
825 3561 936 3611 dicitur:
962 3563 1102 3626 „vitupera
1121 3562 1231 3627 sapien·
1314 3606 1325 3623 „

141 3631 188 3673 tem
206 3629 232 3672 et
248 3622 346 3674 amabit
363 3629 416 3686 test
438 3632 464 3674 et
483 3624 588 3676 veniam
610 3642 668 3677 oum
687 3627 770 3678 multu
788 3627 979 3697 lamentatione
1008 3639 1034 3681 et
1052 3631 1160 3696 planetu
1180 3647 1232 3699 pe.

141 3694 214 3756 tivit,
238 3701 269 3744 et
294 3702 465 3760 peccatorum
493 3696 598 3763 dignam
622 3699 764 3750 instituens
787 3701 978 3765 poenitentiam
1005 3709 1031 3753 et
1049 3703 1132 3769 magis
1153 3718 1231 3771 quam

142 3763 222 3816 debuit
237 3765 344 3831 privato
364 3766 493 3819 demissus
511 3768 720 3821 misericordiam
740 3772 880 3837 accepite
908 3773 967 3823 viro
990 3775 1063 3840 (erat
1080 3780 1167 3824 autem
1186 3774 1231 3826 hio

142 3851 240 3904 mugnus
258 3835 431 3901 Ambrosius,
456 3838 663 3892 mediolanensis
684 3841 859 3911 episcopus):
883 3850 964 3911 atque
982 3843 1117 3912 generalis
1137 3844 1230 3897 eccle.

142 3909 191 3960 siae
209 3915 233 3959 et
251 3907 389 3960 societatis
409 3923 470 3976 pars
489 3911 546 3962 lieri
567 3911 599 3962 ab
624 3927 657 3963 eo
682 3913 805 3982 dignatus
830 3922 878 3966 est.
918 3914 1013 3976 exinde
1032 3915 1114 3982 igitur
1132 3918 1230 3970 crude.

142 3979 187 4048 lena
213 3986 238 4030 et
255 3981 428 4046 praecipitem
455 3989 481 4032 et
506 3991 698 4049 praematuram
724 3984 854 4036 rationem
882 4000 987 4052 poenae
1006 3987 1183 4052 periculosam
1204 3998 1230 4041 et

142 4051 267 4105 inmunem
294 4058 366 4102 ratus
397 4059 500 4119 tempus
521 4056 672 4120 constituit,
699 4055 855 4108 dilationem
879 4071 984 4123 poenae
1004 4057 1149 4125 praebens:
1170 4061 1229 4111 edi.

145 4136 211 4186 oens,
234 4129 371 4174 neantes
390 4125 521 4191 sanguine
540 4127 679 4193 puniretur
697 4128 851 4195 quisquam,
882 4135 1022 4197 antequam
1041 4131 1149 4197 triginta
1168 4131 1228 4182 die.
1251 4179 1253 4182 ,

144 4198 192 4246 rats
208 4195 389 4263 praeteriisset
407 4197 519 4263 spatium
540 4205 601 4269 post
627 4197 746 4252 ultimam
774 4201 924 4253 sententiae
943 4209 1110 4254 contraeunt
1129 4199 1228 4254 editio.
