3017 4892
245 295 359 405 ’τω
575 327 796 399 urcmaus
826 320 1118 430 ammona

277 478 409 561 κείσθαι
421 543 430 575 ,
460 491 515 558 καί
534 489 680 579 φοράδην
709 493 898 572 κομίζεσθαι
929 486 1080 564 πολλάκις
1109 486 1145 549 ἓν
1174 484 1238 569 μιᾷ
1267 483 1336 546 καί
1368 482 1420 568 τῇ

283 594 365 684 αὐτῇ
387 592 473 682 κλίνη
499 597 590 659 πέντε
613 591 669 656 καί
688 595 721 673 ἓξ
742 590 874 677 νεκρούς
897 584 1121 676 ἀτημελήτους,
1144 588 1199 651 καί
1217 578 1415 664 πανταχό-

281 702 339 762 θεν
373 700 529 781 ἐπιρρέων
554 696 596 761 τύ
619 691 816 779 σκυθρωπά,
833 694 888 757 καί
907 690 1010 775 πάσης
1044 688 1220 774 κατηφείας
1242 684 1412 770 πληροῦ-

41 863 45 871 ,
143 814 163 870 i·
181 814 272 879 mr.
283 802 362 866 σθαι
387 783 708 881 τῆνβασιλεύουσαν.
766 796 830 859 τῶν
855 796 891 859 δὲ
912 792 1135 877 καθημερινάν
1162 789 1219 851 καί
1239 782 1407 868 παρακύ-

280 925 351 985 μων
370 895 532 982 κριμάτων
553 894 694 979 ούδεμίά
710 920 759 972 τις
781 891 941 978 ἀναστολὴ
966 899 1032 968 τοῖς
1052 892 1226 976 κρατούσικ
1248 890 1427 970 ἐγίνετοή

281 996 350 1067 ἀλλ’
372 994 477 1085 ὥσπερ
503 996 639 1084 μηδενὸς
660 996 696 1062 τύ
720 992 873 1082 παράπαν
906 994 1109 1077 ε’νοχλούντος
1129 1000 1198 1069 τοϊς,
1209 989 1402 1071 Ῥωμαίοις

187 1099 195 1109 ’
280 1100 464 1187 α’λλοφύλου
487 1105 627 1182 πολέμου
649 1092 669 1184 ἢ
689 1100 781 1175 θείας
804 1097 909 1180 ὀργῆς,
929 1089 952 1179 ἢ
973 1092 1049 1171 τούς
1070 1091 1266 1179 ἀνθρώπους
1287 1115 1400 1157 κατα-

279 1203 454 1286 τρεχούσης
475 1201 596 1277 ε’νύειάς
617 1201 673 1265 καί
692 1198 767 1284 βίας
789 1198 953 1282 βιωτικῆς,
977 1194 1079 1271 ούτως
1107 1188 1210 1268 άύεάς
1229 1190 1397 1277 ἔπραττον

229 1334 232 1348 ·
280 1303 319 1369 τά
343 1305 478 1385 θεομισῆ
494 1304 553 1369 καί
573 1298 757 1385 τυραννικά.
800 1302 855 1365 καί
875 1303 937 1364 πᾶν
962 1297 1190 1383 προβούλευμα
1215 1292 1395 1377 βασιλικὸν

279 1407 324 1480 εἰς
345 1402 379 1469 τύ
398 1400 471 1481 τούς
493 1407 628 1479 οἰκείους
644 1402 768 1467 α’δικεῖν
787 1400 842 1465 καί
863 1401 1137 1484 κατασοφίζεσθαι
1157 1395 1212 1460 καί
1233 1393 1394 1481 θηρεύειν
1402 1413 1428 1465 tt

277 1502 352 1579 τούς
371 1509 461 1587 βιόυς
485 1503 592 1569 αύτῶν
612 1503 667 1569 καί
688 1502 747 1588 τὴν
779 1502 931 1588 α’φορμην
951 1501 1006 1583 τῆς
1027 1501 1117 1582 ζωῆς·
1131 1500 1320 1580 κατεγίνετο.

402 1609 445 1669 Τι’
465 1598 522 1669 ούν
545 1602 578 1669 τά
602 1599 770 1684 ε’ντέύθενς
793 1597 953 1686 ἤσχαλλον
975 1597 1090 1675 πάντες
1112 1598 1168 1663 καί
1187 1600 1390 1682 ἐδυσχέραι-

278 1731 331 1773 νον
373 1706 427 1771 καί
464 1708 614 1791 διηνεκῶς
649 1706 835 1768 ἐποτνιῶντο
869 1700 949 1785 πρὸς
986 1699 1042 1767 τὸν
1079 1698 1173 1781 θεάν,
1207 1701 1387 1782 ἐπιβλέψαι

277 1808 358 1892 πρὸς
388 1806 446 1891 την
478 1806 581 1871 αύτού
612 1809 822 1890 κληρονομίαν
854 1800 909 1867 διά
944 1800 1062 1877 παντὸς
1092 1797 1299 1881 ἱκετεύοντες,
1329 1803 1389 1865 καί

278 1912 547 1995 προχειρίσασθαι
575 1900 677 1991 ύνύρα
710 1900 779 1987 άμα
802 1908 860 1985 μὲν
886 1903 942 1970 καί
969 1904 1044 1978 τούς
1063 1904 1239 1983 τυράννους
1262 1897 1423 1976 αύτούςιη

278 2008 455 2091 δυνάμενον
487 2012 648 2088 καθελεῖν,
679 2003 748 2088 άμα
779 1991 894 2071 δὲκαὶ
918 2002 977 2080 τάς
1002 2002 1104 2087 τύχας
1128 2004 1191 2068 τῶν
1215 2002 1386 2084 Ῥωμαίων

277 2108 358 2192 πρὸς
391 2108 425 2173 τὸ
458 2108 675 2192 εὐθυμότερον
705 2112 918 2190 ἐπαναγαγεῖν
948 2101 1103 2193 φρονήσει
1145 2108 1202 2169 καί
1235 2101 1385 2188 γενναιό-

278 2232 347 2293 τητι
371 2206 425 2272 καί
446 2213 603 2297 φιλοτίμῳ
633 2210 687 2274 καί
716 2208 867 2297 φιλοίκτῳ
892 2211 993 2295 ψυχῇ.
1038 2209 1092 2272 καί
1118 2207 1228 2287 μέντοι
1249 2203 1306 2270 καί
1323 2228 1381 2268 τε-

278 2309 453 2392 τυχήκασιν
481 2310 540 2374 ούκ
567 2310 613 2385 τίς
642 2306 768 2392 μακράν
794 2308 856 2375 τάν
886 2307 965 2376 κατά
992 2309 1118 2374 σκοπόν.
1162 2307 1383 2392 προσδεξάμε·

276 2430 328 2483 νος
356 2408 419 2492 γάρ
452 2405 507 2493 ’τη“ν
541 2407 665 2496 αἴτησιν
700 2410 808 2476 αὐτῶν
836 2410 854 2475 ri
885 2415 920 2476 ἐν
951 2414 1033 2477 etta
1054 2412 1242 2494 ἀ’μίτρητος
1273 2403 1421 2494 κύριοςοο

277 2509 440 2596 α’νίστησιν
473 2504 574 2595 ἄνδρα
609 2513 769 2598 κρείττονα
794 2514 850 2597 τῆς
877 2514 975 2597 εύχῆς
998 2513 1061 2578 τάν
1089 2512 1298 2597 φοβουμένων
1317 2509 1381 2575 αύ-

276 2607 343 2694 τάν,
365 2614 421 2678 καί
437 2614 587 2680 τοσούτου
607 2615 652 2689 είς
666 2609 782 2698 α’ρετῆν
794 2617 850 2680 καί
866 2612 1148 2700 μεγαλοφροσύνην
1168 2614 1226 2677 καί
1235 2608 1380 2695 γενναιό-

276 2736 356 2799 τητα
387 2712 440 2779 κατ’
462 2710 694 2804 στρατιωτικὴν
716 2713 989 2801 μεγαλοδοξύτητα
1021 2707 1132 2782 ύοονὸ
1155 2704 1265 2801 πράην
1284 2718 1406 2797 βασι.-

277 3022 334 3080 tur,
354 3020 381 3066 et
399 3015 498 3082 apertis
524 3013 593 3067 locis
611 3014 731 3067 iacerent
757 3021 784 3065 et
809 3012 967 3067 efferrentur
989 3028 1072 3082 saepe
1097 3016 1126 3065 iu
1150 3028 1205 3066 uno
1232 3013 1376 3081 colemque

278 3084 350 3138 lecto
370 3088 489 3155 quinque
508 3093 535 3137 et
559 3101 607 3139 sex
626 3086 758 3137 cadavera
782 3085 841 3138 sine
869 3086 926 3138 nlla
944 3101 1018 3151 cura,
1038 3094 1066 3138 et
1086 3087 1262 3153 undecunque
1274 3082 1376 3136 allue-

276 3166 338 3210 rcnt
355 3158 413 3209 dira
431 3165 458 3208 et
477 3158 548 3208 omni
567 3157 675 3208 tristitia
694 3156 853 3223 impleretur
870 3157 933 3210 urbs
947 3159 1048 3226 regiae*
1060 3158 1272 3225 quotidianarum
1290 3164 1375 3208 autem

276 3229 433 3279 iniuriarum
461 3234 488 3278 ct
512 3229 669 3280 iniustorum
694 3228 853 3280 iudiciorum
880 3230 1002 3281 remissio
1027 3228 1103 3281 nulla
1127 3228 1161 3281 ab
1188 3226 1374 3295 imperantibus

275 3298 371 3350 fiebat:
391 3298 438 3349 sed
457 3297 533 3365 quasi
553 3297 655 3349 nullutn
674 3300 782 3350 omnino
797 3309 932 3367 premeret
944 3301 1061 3353 Graecos
1080 3300 1150 3353 alius
1168 3301 1258 3367 stirpis
1275 3297 1375 3350 bellum

275 3367 320 3421 vel
338 3368 491 3421 divina-ira
508 3367 555 3419 rel
574 3384 739 3439 persequens
761 3370 882 3424 homines
907 3372 999 3440 inopia
1023 3379 1050 3423 et
1068 3372 1199 3424 violentia
1212 3368 1317 3434 vitalis,
1337 3370 1373 3419 ita

274 3455 371 3494 secure
390 3438 505 3507 agebant
525 3438 593 3491 lacta
613 3442 663 3492 deo
688 3442 776 3494 inrisa
806 3450 833 3494 ct
851 3446 1007 3509 tyrannica:
1035 3451 1116 3511 atque
1134 3458 1214 3495 omne
1238 3440 1374 3494 consilinm

274 3513 346 3581 regis
374 3519 401 3562 et
419 3510 563 3579 cogitatum
584 3505 761 3565 ad‘iniuriam
784 3516 839 3566 suis
858 3514 1023 3569 inferendam
1046 3524 1073 3566 et
1091 3514 1124 3565 ad
1146 3513 1329 3581 decipiendum
1348 3517 1374 3562 et

275 3585 428 3644 venandum,
443 3583 524 3635 vitam
545 3598 636 3636 eorum
657 3593 684 3636 et
702 3585 901 3638 fundumentum
920 3588 1008 3640 victus
1033 3586 1180 3653 spectabat.

374 3671 443 3738 Quid
469 3687 532 3741 crgo
562 3672 646 3725 inde?
669 3674 876 3744 indignabantur
900 3689 992 3727 omnes
1022 3681 1050 3725 ct
1072 3674 1187 3726 moleste
1212 3673 1330 3727 ferebant
1348 3678 1374 3723 et

275 3745 380 3798 assidue
399 3743 585 3812 supplicabant
604 3746 665 3810 (loo,
684 3754 713 3798 ut
738 3741 874 3814 spectaret
898 3747 931 3798 ad
959 3761 1033 3803 suam
1051 3747 1252 3813 possessionem
1270 3743 1372 3796 omnino

273 3818 377 3884 precati
404 3824 431 3867 et
450 3825 555 3868 crearet
573 3818 675 3883 virum,
695 3818 741 3885 qui
766 3817 844 3871 simul
865 3826 892 3869 ct
917 3825 1046 3885 tyrannos
1066 3818 1140 3884 ipsos
1158 3825 1253 3884 posset
1269 3814 1372 3877 tollere,

273 3887 406 3956 simulque
426 3888 504 3940 etiam
530 3888 650 3940 fortunas
670 3889 830 3941 Graecorum
859 3889 892 3940 ad
910 3890 1046 3941 maiorem
1064 3888 1221 3941 felicitatem
1247 3888 1373 3939 adducere

273 3958 414 4022 prudentia
432 3968 459 4011 et
476 3958 618 4011 nobilitate
638 3968 665 4011 ot
683 3974 818 4030 generoso
836 3967 916 4028 atque
935 3960 1103 4014 misericordi
1115 3962 1214 4025 animo,
1233 3974 1320 4027 neque
1336 3957 1373 4007 ita

272 4026 383 4078 multum
403 4030 560 4083 aberrarunt
577 4047 594 4082 a
611 4033 750 4099 proposito
770 4031 833 4082 line.
854 4031 992 4097 accipiens
1012 4034 1083 4083 enim
1102 4047 1198 4100 preces
1218 4046 1307 4083 eornm
1324 4028 1372 4080 ‹lo-

273 4098 358 4149 minus
377 4099 405 4148 in
428 4102 613 4154 misericordia
641 4104 785 4154 immensus
810 4102 927 4153 instituit
951 4103 1037 4154 virum
1061 4104 1229 4171 superiorem
1254 4100 1373 4169 precibus

273 4184 374 4235 corum,
394 4170 514 4238 quicum
530 4182 689 4239 metuerent,
710 4180 737 4225 ct
754 4173 940 4241 tantumlqnod
960 4174 1056 4227 attinet
1073 4175 1200 4227 uirtutem
1220 4183 1248 4227 et
1263 4185 1373 4241 magna.

241 4272 242 4277 κ
271 4242 419 4296 nimitatcm
438 4249 466 4297 ct
482 4242 648 4299 nobilitatem
662 4253 689 4297 et
702 4242 845 4297 militarem
863 4244 988 4315 gloriam,
1004 4254 1131 4317 quantum
1150 4247 1225 4315 prior
1246 4260 1294 4301 rex
1310 4259 1371 4313 pra-
