3017 4892
242 266 314 351 134
526 270 747 343 utcuunus
779 268 1038 344 lutuosas

239 441 314 505 λαοί
335 436 522 525 φημιζοοσι·
545 432 620 509 θεός
642 433 730 509 νότις
752 431 822 499 ἐστι’
844 435 900 497 καί
919 431 1011 517 αάτή.
1054 440 1390 519 προκατειργασμέ-

239 565 288 606 νοι
312 537 374 623 ηόρ
399 527 484 613 όντες
514 531 570 611 τός
591 533 701 618 ψυχὰς
727 532 757 599 οἱ
776 529 927 616 Ῥωμαῖοι
959 536 1003 621 spi
1035 532 1125 621 φόβην
1149 536 1213 599 τῶν
1240 537 1384 621 Τοόρ-

242 667 304 707 κων
320 690 341 719 ,.
361 638 404 715 ὦς
423 640 480 701 τοό
501 640 659 719 βασιλέως
686 637 742 701 aut*
762 640 818 701 τοῦ
838 636 950 699 λοιποῦ
973 630 1183 719 διερρόγησαν
1202 637 1381 719 πλήθους

240 745 295 807 καί
318 744 362 816 εἰς
388 738 492 823 όρμόις
511 742 572 803 τοόν
604 736 755 803 ε’νανεόων
783 734 838 801 καί
862 734 1076 822 φενακισμοός
1102 738 1135 813 ἐξ
1164 737 1378 815 ἐπιδειξεως

238 843 415 924 πολεμικῶν
433 844 654 925 περιέστησαν,
677 842 786 915 πτοίας
806 842 996 924 πλησθέντες
1020 836 1074 901 καὶ
1088 837 1144 911 τός
1158 835 1277 919 τροχός
1295 849 1405 901 κστ-5

240 945 463 1019 τασεισθὲντες
485 940 616 1017 κατόπιν
647 945 705 1009 τοῦ
733 945 891 1023 βασιλέως
921 938 1087 1023 ἐβάδιζον,
1116 938 1249 1024 ἀφέντες
1280 932 1373 1013 τούς

241 1039 365 1118 τόπους
378 1045 517 1119 ἐκείνους
539 1033 584 1107 τόν
606 1040 664 1127 τήν
687 1040 832 1128 φυλακήν
857 1039 1088 1126 ἐπετράπησαν,
1109 1040 1169 1115 ἕως
1190 1036 1274 1103 κατὰ
1297 1064 1370 1121 μι-

110 1159 130 1214 t
151 1155 317 1227 194ι.κρον
341 1146 386 1219 εἰς
406 1142 481 1219 τοός
502 1144 687 1228 εἰρημένους
706 1142 838 1217 Ἀνθόας
852 1142 1063 1225 κατήντησαν·
1107 1140 1185 1207 ἔνθα
1203 1144 1270 1204 τάν
1293 1163 1369 1203 πο-

243 1248 360 1325 λεμίων
381 1246 545 1327 φανέντων
567 1246 601 1323 ἐξ
624 1244 788 1327 οὐραγίας,
813 1244 912 1325 μηδὲν
934 1239 1058 1323 εάμενὲς
1079 1244 1134 1305 κατ’
1155 1230 1241 1316 ἀξιον
1255 1238 1367 1322 λόγου

244 1338 462 1429 φρονήσαντες
484 1339 621 1427 αἰσχρόν
653 1341 712 1427 τήν
746 1340 850 1427 φυγήν
871 1340 925 1405 sol
946 1340 1006 1424 πρό
1038 1342 1096 1405 τοῦ
1125 1340 1364 1423 ἀγωνίσματος
1376 1357 1414 1409 10

246 1443 382 1523 εἵλοντο,
411 1442 466 1507 καί
493 1447 720 1527 περιχυθέντες
749 1440 805 1506 τόν
831 1445 978 1525 Ταῦρον,
1009 1438 1118 1523 οἱμὲν
1140 1444 1174 1505 ἐκ
1199 1435 1298 1515 ποδός
1324 1436 1364 1503 οῖ

244 1546 280 1609 δὲ
306 1544 359 1614 διό
382 1548 446 1609 τεόν
465 1548 586 1625 ἵππων,
617 1545 910 1617 ἀποσκεδασθέντες
938 1544 984 1617 εἰς
1011 1540 1069 1626 τήν
1091 1542 1268 1625 Κελεσίνην
1290 1566 1360 1603 κα-

242 1645 417 1730 τήντησαν,
454 1647 516 1709 τάν
545 1646 701 1725 πολεμίων
730 1641 833 1727 πάσης
868 1646 923 1725 τής
952 1642 1074 1707 τοότων
1111 1640 1360 1725 κοριεοσόντων

244 1746 422 1831 ἀποσκευῆς
441 1750 497 1811 κατ’
517 1747 611 1842 τινοῖν
634 1744 757 1828 ἀλόγων,
786 1738 856 1810 όσοι
877 1746 931 1827 τής
955 1744 1056 1829 φυγῆς
1077 1739 1134 1826 τήν
1156 1744 1360 1822 ἐπιτομωτέ-

245 1873 305 1932 ραν
325 1840 450 1924 ἑαυτοῖς
472 1850 529 1911 οάκ
538 1846 859 1931 ,ἐπραγματεύσαντο
1369 1868 1397 1918 15
1479 1892 1480 1939 ,

350 1950 452 2013 Ταῦθ’
485 1945 570 2013 otro
602 1951 827 2031 συμβεβηκότα
859 1944 959 2015 πόλόν
991 1948 1103 2031 ἒνήκαν
1132 1949 1175 2034 τῷ
1195 1949 1357 2034 βασιλικῷ

221 2041 451 2137 στρατοπέδῳ
475 2054 530 2114 καί
554 2048 641 2136 αότηῑ
662 2051 706 2138 τῷ
726 2054 859 2131 βασιλεῖ’
875 2049 929 2115 τόν
949 2049 1117 2130 ἐναγώνιον
1140 2042 1293 2129 θόρυβον,
1315 2045 1353 2111 τό

224 2154 305 2231 ’μὲν
324 2150 362 2236 τῇ
380 2150 443 2213 τῶν
475 2148 596 2215 οἰκείων
629 2143 705 2237 ήττη
735 2147 1009 2233 σκυθρωπόσασιν
1040 2149 1080 2213 ον’
1099 2151 1240 2232 μικρῶς,
1258 2145 1293 2213 τό
1314 2149 1353 2213 δὲ

247 2251 302 2317 καί
321 2249 376 2335 τήν
398 2257 461 2315 τεόν
483 2248 630 2316 transm
651 2249 812 2339 ἐπιφορὰν
837 2252 1089 2335 προσδοκήσασιν
1119 2248 1161 2327 ὥς
1181 2243 1221 2315 ἀν
1243 2274 1354 2335 φυση-

246 2356 368 2415 θόντων
391 2355 425 2413 ἐκ
448 2353 504 2433 τῆς
522 2351 737 2434 παλιντρόπου
762 2352 896 2435 ταυτησί
913 2352 1010 2440 νίκης,
1031 2349 1085 2415 καὶ
1104 2352 1287 2431 δυναμένων
1307 2352 1394 2437 τῷλθ

247 2450 501 2539 ὑπολελειμμένην
536 2454 650 2535 πλήθει
681 2454 719 2514 δι’
749 2452 911 2537 ἐρήμωσιν
942 2453 1000 2516 rod
1035 2448 1202 2535 κρατίστου
1232 2454 1350 2533 μόρους

248 2554 423 2618 ἐπιθέσθαι
444 2552 525 2635 πρός
545 2549 693 2631 πόλεμον.
738 2551 794 2616 καί
823 2544 859 2633 ήν
881 2552 937 2615 οόκ
967 2548 1030 2615 α’πό
1054 2546 1173 2638 τρόπον
1193 2548 1228 2615 τό
1249 2572 1347 2631 προσ-

250 2654 436 2733 δοκοόμενον.
474 2656 542 2717 ’κατ’
568 2656 691 2736 γέγονεν
719 2646 759 2719 ἀν
783 2654 890 2735 τοῦτο,
914 2654 945 2718 εἰ
960 2648 1005 2737 μή
1037 2649 1204 2735 όΤαόρος
1225 2646 1258 2713 τό
1279 2642 1347 2733 όρος
1479 2732 1480 2743 ,

251 2752 407 2838 ἀπήντησε
418 2748 542 2831 τοότοις
563 2752 688 2840 ὑψηλός
708 2747 752 2819 ἀν
775 2751 857 2819 κατό
884 2753 962 2819 nott
984 2757 1040 2821 καί
1053 2751 1177 2840 τραχός
1196 2749 1250 2817 καὶ
1270 2753 1344 2816 duo·

324 2931 348 2985 1.
368 2931 527 3006 φημίξουσι
547 2932 576 2987 0.
694 2932 720 2984 7.
740 2932 883 3005 ἐπετράπη
904 2933 934 2987 G.

251 3104 343 3157 tudine
368 3113 394 3155 et
418 3106 451 3156 ad
475 3106 603 3172 impetum
628 3106 743 3157 hostium
773 3113 799 3156 ct
826 3106 903 3159 dolos
929 3107 1117 3161 ostentationis
1144 3123 1225 3161 causa
1241 3107 1341 3159 militari

251 3177 328 3226 modo
355 3177 503 3239 adstarent,
530 3178 708 3243 trepidatione
736 3176 840 3243 impleti
861 3186 887 3229 et
905 3179 999 3239 animis
1028 3181 1161 3243 concussi,
1182 3188 1339 3247 postregem

252 3246 450 3312 procedebant,
470 3246 653 3313 relinquentes
674 3247 734 3298 loca
754 3248 816 3312 illa,
837 3264 948 3319 quorum
967 3252 1087 3303 custodia
1113 3252 1145 3302 iis
1165 3251 1264 3303 credita
1281 3258 1338 3313 erat,

252 3318 338 3367 donec
356 3316 433 3366 brevi
452 3316 484 3366 ad
503 3318 588 3369 dictos
605 3318 718 3369 Anthios
737 3330 885 3373 venerunt:
914 3322 951 3372 ibi
971 3338 1029 3373 cnm
1048 3322 1138 3374 hostes
1157 3329 1339 3390 apparerenta

216 3338 340 3453 hergo,
359 3386 426 3437 nibil
446 3386 537 3438 nobile
563 3397 589 3439 et
615 3391 788 3442 memorabile
813 3394 932 3445 meditati
958 3402 1061 3461 turpem
1081 3394 1170 3461 fugam
1201 3402 1228 3445 et
1246 3394 1338 3462 quidem
1390 3444 1393 3449 ,

253 3466 315 3509 ante
334 3465 468 3508 certamen
496 3469 624 3526 ceperunt
644 3470 670 3511 et
695 3463 849 3517 circumfusi
874 3465 984 3517 Taurum
1004 3464 1051 3516 alii
1079 3465 1190 3531 pedibus
1209 3465 1255 3516 alii
1273 3465 1337 3531 equis

253 3529 367 3595 dispersi
386 3530 418 3580 ad
436 3528 588 3581 Kelesiuem
605 3542 745 3599 venerunt,
767 3551 824 3586 cnm
841 3536 932 3590 hostes
952 3537 1071 3589 omuibus
1091 3536 1183 3587 horum
1203 3538 1338 3603 potirentur

253 3601 448 3669 impedimentis
469 3609 494 3652 ct
512 3604 649 3656 nonnullis
668 3608 783 3672 paucis,
806 3610 851 3677 qui
871 3609 951 3677 fugae
970 3608 1122 3671 breviorem
1140 3609 1210 3659 viam
1229 3608 1277 3660 sibi
1292 3622 1338 3657 non

254 3682 461 3741 comparassent.
1333 3716 1338 3725 .

351 3745 424 3796 llaec
452 3747 489 3797 ita
514 3746 584 3800 laeta
610 3749 717 3800 multam
746 3753 897 3808 iniecerunt
922 3753 998 3821 regio
1019 3753 1149 3803 exercitui
1178 3759 1204 3802 et
1223 3751 1272 3818 ipsi
1287 3752 1336 3817 regi

252 3815 395 3867 militarem
419 3818 536 3882 turbam,
562 3836 622 3870 cum
647 3829 674 3872 ct
692 3838 800 3874 suorum
819 3823 920 3875 cladem
947 3840 1029 3891 aegre
1054 3824 1155 3875 ferrent
1173 3838 1226 3874 uon
1245 3838 1336 3891 parum3

254 3894 281 3937 et
299 3886 414 3938 hostium
434 3890 512 3939 ctiam
530 3891 656 3958 impetum
679 3902 879 3960 exspectarent,
900 3896 998 3961 qnippe
1025 3896 1070 3963 qui
1090 3910 1119 3945 se
1138 3897 1267 3945 lactarent
1282 3908 1335 3959 pro-

253 3964 317 4023 pter,
334 3972 470 4010 reversam
495 3960 562 4011 hanc
581 3964 719 4015 victoriam
745 3973 772 4016 et
799 3974 908 4031 possent
925 3966 1037 4017 relictae
1063 3964 1225 4018 multitudini
1243 3972 1337 4031 propter

172 4040 174 4044 ·
239 4026 419 4095 ¹‘orbationem
444 4032 558 4096 optimae
582 4036 664 4100 partis
691 4038 792 4087 instare
812 4034 844 4086 ad
864 4035 978 4088 bellum:
1003 4052 1092 4105 neque
1117 4040 1197 4089 inane
1227 4044 1280 4089 erat
1295 4050 1334 4085 ex.

241 4106 416 4175 spectatum:
452 4109 479 4150 et
504 4102 601 4154 factum
627 4115 698 4160 esset
731 4107 798 4171 hoc,
828 4107 880 4158 nisi
906 4107 1005 4161 Taurus
1033 4124 1108 4160 mons
1135 4109 1280 4162 obstitisset
1294 4106 1334 4168 bis,

255 4170 323 4222 altus
342 4168 498 4240 plerumque
519 4180 545 4223 et
563 4189 641 4241 asper
663 4185 689 4229 et
706 4178 796 4232 invius
817 4184 843 4230 et
860 4178 974 4233 declivis
995 4188 1021 4232 et
1039 4182 1084 4251 qui
1103 4180 1189 4249 possit
1208 4179 1336 4231 exercitum
