3017 4892
187 358 190 369 “
274 349 365 425 210·
568 342 788 421 meatum
819 340 1079 433 fflfflO'i'dE

142 532 162 592 t.
177 534 230 592 212
239 547 262 587 r.
374 518 489 598 Μοῖρα
513 516 548 579 δέ
568 537 614 589 τις
641 515 704 587 τῶν
731 509 886 595 ἑσπερίων
911 505 1164 597 στρατευμάτων
1191 511 1226 587 έξ
1243 506 1418 591 Ἀδρια-

273 611 454 692 νουπόλεως
486 608 595 698 ἄρασα
621 617 665 703 τῷ
694 618 825 698 βασιλεῖ
850 611 1108 698 προσελήλυθεν,
1138 611 1239 675 εἰπεῖν
1263 630 1307 671 τε
1338 604 1420 673 καί

275 717 416 783 οἰκοῦσαι
437 718 513 801 παρ’
536 718 636 781 edred
655 714 841 781 σπεύδουσα
870 711 926 797 τὴν
953 715 1015 777 τῶν
1037 709 1297 797 ἐπιζητουμένων
1325 710 1414 775 αύ-

176 866 178 871 -
275 826 342 894 τοῖς
375 815 563 901 ἀπόκρισιν·
607 815 814 881 έπενεκοίλουν
846 811 908 898 γὰρ
930 816 1077 896 στέρησιν
1106 814 1169 875 τῶν
1189 834 1410 896 στρατιωτι·

258 922 341 984 -καῖν
375 919 524 1003 α’φωνίωυ
557 919 611 982 καί
635 918 852 991 κακοπαθείας
887 914 977 990 τινές
1012 916 1044 993 ἔξ
1077 912 1296 997 ἀπρονοησίας
1326 915 1437 978 emes

278 1018 477 1105 κρατούντων
498 1020 552 1084 καί
572 1016 758 1103 α’πληστίας.
812 1013 841 1080 oi
863 1018 899 1081 δέ
919 1017 995 1098 περί
1024 1012 1081 1079 τὸν
1103 1012 1240 1098 βασιλέα
1261 1013 1407 1090 α’δίκυος

276 1118 396 1197 αύτούς
412 1120 614 1201 μετελθόντες
629 1118 852 1204 στρατιωτικόν
864 1141 897 1183 τι
909 1119 1030 1201 πλῆθος
1051 1117 1098 1193 εἰς
1121 1116 1252 1199 ἐνέδραν
1272 1114 1405 1179 atter

276 1223 532 1305 προητοίμασαυ,
555 1224 610 1287 καί
634 1216 683 1285 ὅτε
704 1218 837 1295 τούτους
858 1214 957 1302 ἔγνων
976 1220 1037 1284 τοῖν
1056 1218 1161 1283 ἵππων
1181 1215 1404 1296 καταβάντας

277 1322 330 1385 tut
343 1323 388 1410 sp
403 1324 532 1406 ποιῆσαι
546 1323 602 1407 τήν
614 1320 769 1407 ἔγκλησιν,
786 1322 853 1387 κατ’
869 1321 976 1386 αύτιύν
992 1319 1120 1405 οἶφῆκαν
1133 1317 1210 1394 τούς
1222 1315 1401 1403 ἐφεδρεύ-

278 1445 386 1499 οντας·
409 1421 464 1487 καί
483 1422 516 1488 oi
533 1426 762 1509 περιχυθέντες
783 1421 859 1497 τούς
880 1420 1063 1508 ὁμοφύλους
1081 1421 1232 1505 σφοδρῶς
1248 1416 1307 1501 καί
1327 1426 1439 1482 ero-1⁰

277 1526 393 1607 λτμίως
412 1522 589 1614 κατῄκιζου,
613 1523 646 1590 et
657 1527 716 1607 μέν
731 1520 865 1609 ῥάβδοις
884 1526 1031 1609 σιδηραῖς
1049 1517 1168 1596 αύτούς
1183 1522 1400 1585 κατατείνον-

277 1649 338 1707 τες,
361 1625 394 1692 οἳ
411 1630 447 1691 δὲ
469 1629 575 1711 ξίφεσι
589 1629 719 1702 τελείοις
742 1626 949 1708 α’ναιρούντές
961 1647 1061 1705 τινας,
1079 1621 1113 1687 οἳ
1132 1624 1168 1687 δέ
1187 1618 1243 1697 ede
1263 1619 1397 1705 σκηνὰς

279 1727 386 1793 αύτοῖν
409 1725 637 1812 διαρπάζοντες
658 1729 714 1792 καί
733 1726 809 1803 τούς
830 1725 947 1801 ἵππους
968 1724 1287 1810 συναφαρπάζοντες.
1307 1723 1393 1788 ταύ-

277 1850 335 1892 του
351 1830 386 1893 δέ
400 1832 569 1910 γενομένου
587 1828 686 1903 πολύς
703 1824 797 1903 ἕλισς’
803 1829 923 1910 έπῆλθε
935 1835 1002 1902 τοῖς
1016 1824 1208 1905 Βυζαντίοις
1220 1823 1307 1907 ὑπὲρ
1323 1827 1393 1889 τῶν

278 1930 428 2005 ἀναιτίως
449 1928 618 1995 παθόντων
636 1930 855 2014 στρατιωτῶν,
890 1928 945 1993 καὶ
964 1934 1123 2011 κατέγνων
1143 1931 1204 1991 τού
1224 1927 1389 2007 βασιλέως
1399 1936 1431 1987 15

278 2030 334 2093 καί
355 2032 415 2095 τῶν
436 2031 511 2116 περί
532 2028 631 2096 αύτόν
653 2031 711 2095 ούκ
730 2032 902 2115 ἐλαχίστην
922 2028 978 2114 τὴν
999 2021 1119 2109 σἰνοιαν,
1142 2022 1224 2092 ciere
1242 2028 1301 2091 καί
1321 2025 1390 2089 αύ-

277 2129 332 2195 τόν
353 2132 472 2195 ἐκείνου
492 2129 671 2214 μετάμελον
692 2134 848 2211 δέξασθαι
879 2131 933 2197 καί
960 2130 1125 2196 ύναοοῖσαι
1157 2126 1290 2205 τούτοις,
1312 2127 1385 2193 τινύ

278 2232 343 2295 τοῖν
365 2234 616 2316 διαρπαγέυτων,
635 2233 679 2317 μὴ
702 2236 809 2315 μέντοι
829 2236 866 2299 δέ
885 2258 916 2298 τι
934 2229 1130 2318 πρὸξαιιτῂν
1145 2230 1298 2313 τοιαύτην
1319 2255 1387 2294 πα-

278 2335 402 2416 ροινιάν
433 2336 488 2397 καί
518 2334 641 2419 βλάβην
681 2332 958 2416 ἀνακαλούμενον,
989 2332 1072 2419 μήτε
1105 2333 1291 2418 φιλοτιμίαν
1314 2331 1387 2395 τινὰ

278 2438 345 2506 τοῖς
364 2432 573 2519 στρατιώταις
600 2436 785 2529 duodecimos.
830 2435 901 2500 ἀλλ’
923 2437 956 2500 οἳ
972 2458 1008 2518 γε
1038 2435 1117 2521 πρὸς
1140 2430 1178 2497 τύ
1202 2434 1302 2496 οἰκεῖα
1323 2427 1426 2495 tal-2⁰

280 2556 340 2619 αης
362 2534 403 2597 ου’
433 2540 549 2622 μικροῖς
580 2536 751 2619 οἷνύμεοτοι
782 2536 1075 2623 έπαυαστραφέντες
1099 2538 1156 2600 ode
1182 2530 1301 2619 ἤθελον
1329 2536 1387 2599 ἐπί

279 2639 336 2703 τού
360 2635 460 2703 asset
479 2640 596 2721 μένειν,
619 2638 699 2705 α’λλύ
723 2637 800 2717 τούς
820 2636 1078 2721 πολεμιωτέτους
1099 2631 1290 2720 ἀμύνασθαι
1310 2638 1381 2703 διε-

282 2759 457 2805 σκεπτοντο.

342 3090 347 3098 -
381 3046 446 3109 Pars
465 3061 553 3107 autem
570 3053 699 3124 quaedam
717 3054 830 3106 rnilitum
858 3054 1064 3107 occidentalium
1088 3054 1265 3123 adrianopoli
1288 3053 1378 3122 profe.

282 3130 325 3177 cta
344 3124 377 3177 ad
394 3141 486 3195 regem
503 3128 589 3191 venit,
608 3127 699 3178 dicere
718 3135 745 3177 et
764 3126 855 3177 audire
874 3127 906 3178 ab
926 3142 960 3177 eo
978 3125 1088 3179 studens
1106 3127 1298 3195 postulatorum
1313 3141 1378 3179 eno-

283 3211 342 3248 rum
361 3211 535 3265 responsum:
554 3200 587 3249 ad
606 3197 657 3249 hoc
677 3197 837 3251 accusabant
861 3199 1039 3267 privationem
1067 3198 1253 3252 alimentorum
1282 3198 1378 3250 milita-

285 3268 352 3318 rium
373 3275 400 3319 et
418 3268 488 3319 mala
507 3269 645 3337 quaedam,
665 3284 733 3336 quae
756 3286 789 3321 ex
807 3271 1034 3323 inconsiderantia
1052 3273 1238 3338 imperantium
1264 3279 1289 3323 et
1307 3271 1377 3321 insa.

282 3336 428 3390 tiabilitate
447 3346 506 3389 orta
529 3347 627 3393 essent.
665 3342 734 3409 regii
756 3350 843 3393 autern
863 3344 962 3395 iniuste
981 3358 1028 3395 eos
1047 3346 1134 3395 secuti
1152 3344 1292 3396 militarem
1309 3340 1377 3392 mul-

283 3407 425 3461 titudinem
442 3411 476 3461 ad
501 3411 611 3464 insidias
637 3412 727 3465 eorum
752 3421 894 3479 pararunt,
914 3424 941 3467 et
967 3431 1027 3466 cum
1053 3417 1246 3481 cognovissent
1271 3414 1318 3467 hoe
1347 3428 1377 3463 ex

284 3481 361 3550 equis
381 3482 554 3537 descendisse
573 3483 606 3534 ad
624 3486 821 3537 accusationem
841 3487 1047 3557 instituendam„
1059 3498 1152 3540 contra
1171 3502 1218 3540 eos
1231 3487 1377 3539 dimiserunt

283 3553 459 3607 insidiantes:
479 3561 558 3623 atquc
579 3556 733 3609 circumfusi
753 3556 875 3611 homines
895 3560 1014 3612 ciusdem
1033 3560 1123 3627 stirpis
1142 3559 1277 3613 horridum
1296 3558 1375 3609 etho-

284 3623 418 3693 etilemin
437 3626 542 3678 modum
562 3628 705 3694 vexabant,
724 3630 773 3682 alii
788 3630 954 3697 scipionibus
973 3630 1068 3683 ferreis
1097 3647 1143 3683 eos
1172 3638 1312 3699 petentes,
1332 3629 1375 3680 alii

284 3696 381 3765 gladiis
400 3698 529 3766 perfectis
547 3707 675 3755 necantes
693 3702 850 3768 nonnullos,
869 3701 915 3753 alii
933 3703 1050 3754 tentoria
1070 3718 1161 3755 eorum
1179 3702 1333 3769 diripientes
1353 3706 1376 3751 et

285 3784 369 3838 equos
387 3770 465 3823 simul
484 3773 653 3839 praedantes.
692 3773 733 3826 his
751 3783 839 3826 autem
859 3775 936 3826 iactis
954 3773 1038 3825 multa
1055 3775 1192 3826 miseratio
1205 3774 1316 3825 incessit
1324 3771 1375 3836 By-

284 3844 387 3897 nuntios
406 3850 516 3910 propter
533 3843 632 3897 milites
651 3846 811 3898 innocenter
830 3845 960 3909 aillictos,
986 3855 1014 3897 et
1037 3845 1189 3897 tribuerunt
1214 3846 1273 3913 regi
1298 3844 1374 3911 iisque

284 3914 330 3978 qui
348 3917 421 3965 circa
440 3930 500 3965 eum
522 3924 605 3981 erant,
624 3930 678 3968 uon
699 3918 832 3969 minimam
850 3902 1062 3984 imprudentiam,
1088 3918 1126 3968 ita
1150 3925 1179 3967 ut
1204 3923 1232 3968 et
1255 3918 1311 3982 ipse
1332 3912 1375 3964 ille

284 3985 474 4046 poenitentiam
494 3989 650 4056 conciperet
669 3996 696 4040 ot
706 3995 828 4041 servaret
847 3988 888 4040 his
900 3987 1027 4055 quosdam
1046 3989 1218 4055 direptorum,
1236 4002 1321 4055 neque
1336 3992 1376 4035 ta-

256 4108 258 4114 ,
284 4066 355 4117 men,
375 4058 446 4121 quod
465 4060 632 4113 exercuisset
649 4060 729 4111 talem
749 4059 880 4112 insaniem
898 4067 926 4109 et
943 4059 1066 4111 damnum
1086 4075 1117 4112 se
1135 4074 1280 4124 revocans,
1297 4071 1376 4124 neque

283 4132 315 4176 ut
332 4124 462 4177 honorem
480 4128 565 4182 ullum
582 4131 713 4183 militibus
733 4131 873 4182 redderet:
901 4130 949 4181 sed
972 4130 1000 4182 hi
1020 4132 1179 4199 quidemad
1197 4145 1247 4183 sua
1264 4142 1375 4181 moerore

282 4209 337 4248 nou
356 4210 439 4265 parvo
458 4198 533 4266 pleni
550 4202 654 4255 reversi
663 4192 793 4267 nolebant
810 4201 859 4255 sub
880 4201 974 4255 eodem
991 4196 1111 4270 maneie,
1131 4203 1178 4256 sed
1197 4202 1287 4256 hostes
1303 4214 1374 4251 acer-

282 4268 365 4343 rimos
384 4283 477 4321 arcere
496 4272 654 4325 statuebant.
