3017 4892
576 353 782 425 ursaonm.
1159 338 1231 457 ‚tt
1266 362 1270 369 ‘

133 524 218 596 λείας
239 523 295 586 καί
314 530 541 597 συνασπισταϊς
573 524 606 599 ἐξ
628 515 763 598 ἅπαντος
783 523 967 607 χριόμενον,
989 519 1046 588 καί
1064 529 1128 597 τοῖς
1149 519 1233 587 dael-

124 647 193 714 Ινων
212 622 408 705 βουλεύμασι
431 627 486 687 καί
503 617 663 706 θελήμασι
682 623 935 707 καταχρώμενον.
986 628 1042 708 τῆς
1062 614 1118 688 σύν
1139 625 1233 701 ἔξου-

133 727 204 798 σιός
227 726 274 800 εἰς
294 722 430 800 πολλούς
453 723 508 786 καί
528 725 687 798 αοικιλους
715 724 943 808 διαιρεθείσης,
967 725 1021 801 καί
1040 726 1104 788 τῶν
1123 747 1233 807 παρα-

133 820 390 888 ύυναστευύντων
425 819 561 888 ἑκάστου
585 828 716 904 βασιλεῖ
734 827 975 907 γαυρουμένου,
997 824 1097 900 πολύς
1116 847 1233 908 γογγυ-

106 922 212 1005 5σμός
232 923 308 998 τούς
329 947 361 988 τε
392 923 671 1008 ἀριστοκρατικούς
697 927 751 998 καί
777 926 852 1002 τούς
883 924 1073 1009 δημοτικούς
1101 923 1155 989 διὰ
1176 921 1234 1007 τήν

134 1024 349 1106 δημοκρατίαν
370 1033 496 1105 κατεῖχε
516 1021 571 1087 καί
585 1023 751 1106 σύγχυσις.
780 1025 905 1090 ἐκείνων
923 1024 985 1108 γὰρ
1001 1017 1040 1108 ἧν
1058 1022 1093 1088 τύ
1115 1024 1235 1108 εύπρα·

132 1131 198 1205 μεῖν
216 1125 891 1242 τωηιμερροςῃηηρησιααιναύτῶν
923 1129 979 1190 καί
1003 1127 1068 1190 τοῖν
1089 1124 1235 1188 ὁπωσοῦν

134 1226 355 1308 προσηκόντων
382 1227 426 1311 τῷ
446 1229 592 1306 βασιλεῖ,
615 1251 674 1289 κον
698 1249 730 1290 τε
763 1230 939 1291 σπουδαῖον
960 1228 1000 1315 τῇ
1022 1226 1163 1311 πολιτείᾳ
1184 1226 1235 1288 εί-

132 1322 295 1404 σήνεγκαν,
316 1317 374 1388 κᾶν
395 1347 427 1388 τε
447 1323 552 1390 δεινὸν
576 1319 597 1408 ἢ
620 1329 675 1388 καί
697 1319 875 1406 ύπρακτον·
917 1327 1030 1390 τῶνδ’
1051 1315 1155 1388 ἄλλων
1176 1319 1233 1386 λύ-

90 1443 185 1506 Ῑργος
209 1423 330 1504 ούιλείς,
364 1419 412 1490 ὅτι
432 1422 477 1510 μη
498 1428 553 1490 καί
571 1427 692 1504 μᾶλλον
722 1427 912 1506 α’λαζονείας
933 1425 1048 1510 α’λόγου
1068 1427 1124 1489 καί
1143 1427 1234 1490 κινού

134 1523 322 1609 φυσήμαεος
345 1529 481 1610 ἐγίνοντο
504 1530 673 1611 πάρεργον.
692 1527 704 1604 η’
727 1530 760 1604 ἐξ
790 1519 829 1591 ού
852 1530 904 1592 καί
924 1553 973 1603 τις
999 1529 1061 1591 τῶν
1082 1516 1121 1587 εύ
1142 1545 1234 1606 γεγο-

132 1621 230 1689 νότων
251 1630 306 1690 καί
326 1631 400 1712 περί
433 1628 491 1712 την
512 1623 595 1692 idea
613 1629 797 1708 ὀνομαστῶν
824 1629 880 1691 καί
898 1629 1059 1710 γενναίων,
1076 1619 1235 1696 Ἰσαύκιος
1323 1672 1327 1674 v

134 1721 233 1807 ὄνομα
259 1721 442 1812 (Κομνηνύς
467 1730 552 1816 αύτῷ
575 1728 611 1790 τύ
636 1729 842 1812 ἐπώνυμον),
864 1728 1033 1811 ὑβρισθείς
1054 1723 1233 1807 παρορύσει

134 1832 190 1891 καί
211 1824 479 1911 προπηλακισθείς
512 1829 669 1908 ω’θισμοῖς
698 1828 812 1908 μεστὸς
839 1827 930 1900 α’νίας
955 1822 1077 1912 ἐφάνη,
1099 1821 1156 1888 καί
1174 1821 1233 1907 την

92 1937 124 1989 15
134 1926 309 2012 συμφορὰν
329 1932 555 1993 κοινοποιοῖταί
565 1952 630 1992 τισι
651 1931 714 1992 ταῖν
735 1927 944 2011 στρατιωτῶν.
987 1923 1234 2009 προεξοιύούμε-

135 2051 183 2091 νον
206 2030 242 2092 δὲ
263 2029 317 2092 καί
338 2019 424 2092 οὗτοι
437 2031 475 2116 τῇ
494 2033 563 2114 τῶν
580 2033 750 2111 γινομένων
772 2031 949 2115 α’νωμαλίη,
967 2026 1027 2091 ’καί
1044 2023 1130 2113 λύπη
1153 2047 1234 2107 συγ-

134 2126 358 2210 κατεχὸμενοι,
391 2132 600 2210 παρορμῶσιν
631 2131 676 2202 εἰς
710 2128 767 2210 τὴν
801 2121 999 2192 ύποστασίαν
1029 2119 1136 2190 αύτύν.
1181 2129 1237 2190 καί

135 2224 215 2291 κατύ
236 2224 352 2308 μικρὸν
380 2227 580 2307 συμβούλους
601 2226 731 2301 ἱκανούς
764 2224 1081 2311 προσλαμβάνοντες,
1102 2223 1157 2289 καί
1175 2223 1235 2308 τῆν

134 2327 282 2411 τοιαύτην
301 2329 433 2412 μελέτην
454 2326 534 2411 πρὸς
559 2320 672 2412 καιρὸν
693 2328 914 2411 ιύδινήσαντες,
935 2323 1014 2409 μετύ
1038 2324 1072 2390 τύ
1096 2330 1150 2410 τῆς
1172 2324 1236 2408 βα-

91 2429 254 2502 λθσιλίύος
272 2427 405 2510 ύποῑραι,
427 2429 543 2512 μικρὸν
560 2423 635 2492 ὅσον
651 2425 848 2503 διαλιπόντες
860 2428 1047 2513 ἒκρὴσσυνσι
1063 2424 1119 2511 τήν
1133 2427 1260 2491 aldina*

135 2528 189 2590 καί
218 2529 276 2589 τού
301 2532 494 2611 κρατοῦντος
530 2531 676 2613 μυκτῆρα
705 2525 934 2610 καταχεύμενοι
967 2529 1154 2608 ἐπαίρουσιν
1188 2527 1234 2600 εἰς

134 2621 218 2704 ύψος
250 2615 304 2690 καί
335 2632 493 2710 προῦπτον
528 2625 573 2692 rd'
597 2627 822 2710 μελετώμενον.
881 2626 1006 2713 πρύβὲ
1029 2627 1151 2692 τούτων
1171 2629 1234 2690 rode

135 2725 404 2810 ύρχισυμβούλων
433 2723 499 2815 εἷς,
530 2735 711 2813 Βρυέννυος
734 2719 891 2821 τούνυμα,
923 2728 1234 2812 Ἀβριανοοπολιλης,

209 2915 233 2965 1.
253 2913 399 2999 {educata
418 2914 447 2969 O.
555 2913 582 2969 lt.
602 2931 635 2968 nn
654 2913 832 2986 βασιλικῶςλ

137 3079 243 3130 omnino
272 3087 398 3145 utentem,
425 3089 452 3132 et
476 3079 778 3142 illorumvoluntatem
798 3088 824 3132 et
842 3079 941 3148 placita
958 3077 1136 3131 adhibentem.
1174 3095 1234 3133 enm

138 3152 219 3218 igitur
239 3159 356 3217 potestas
376 3153 445 3204 inter
470 3153 567 3206 multos
588 3163 615 3205 et
633 3155 721 3206 varios
741 3153 828 3205 divisa
847 3159 919 3204 esset
938 3159 965 3202 et
984 3166 1091 3214 eorum,
1117 3152 1163 3219 qui
1181 3153 1233 3204 ian.

137 3223 205 3289 perii
224 3225 367 3291 participes
388 3233 479 3288 crant,
500 3241 565 3276 unus
586 3228 697 3295 quisque
716 3226 793 3294 regio
812 3239 887 3275 more
905 3220 1070 3290 superbiret,
1089 3222 1173 3274 multa
1189 3224 1234 3276 in.

137 3293 256 3360 dignatio
278 3304 304 3346 et
323 3297 463 3361 optimates
485 3306 511 3347 et
530 3298 673 3364 populares
693 3305 803 3363 propter
822 3293 915 3362 populi
933 3295 1073 3362 imperinm
1093 3294 1235 3347 obtinebat

138 3372 164 3415 et
189 3366 319 3417 conlusio.
357 3367 465 3418 illorum
492 3370 561 3419 enim
582 3377 638 3420 erat
656 3383 807 3430 successus,
832 3367 877 3436 qui
896 3373 1004 3432 aparte
1024 3381 1115 3416 eorum
1134 3374 1235 3418 starent

139 3445 164 3487 ct
190 3439 285 3504 quovis
311 3439 388 3488 modo
408 3441 467 3506 regi
493 3440 587 3492 aflines
607 3449 711 3504 essent,
731 3441 790 3491 sive
810 3447 946 3490 strenuum
964 3438 1066 3489 civitati
1085 3437 1232 3501 inferrent,

137 3509 195 3560 sive
213 3506 392 3572 periculosum
412 3511 470 3561 sive
490 3512 568 3562 etiam
587 3527 698 3573 vanum3
725 3519 875 3562 ceterorum
893 3517 979 3561 autem
998 3509 1066 3560 ratio
1084 3507 1159 3559 nulla
1183 3508 1233 3560 ha.

136 3577 263 3639 bebatur,
283 3578 335 3625 nisi
355 3581 424 3642 quod
444 3584 522 3631 etiam
541 3585 625 3648 magis
644 3584 786 3633 iactantiae
805 3583 890 3632 inanis
911 3590 937 3632 et
956 3596 1041 3632 vanae
1065 3581 1234 3646 arrogantiae

138 3649 340 3699 additamentum
371 3647 481 3712 lierent3
502 3667 534 3700 ex
560 3667 612 3716 qno
642 3656 719 3701 ctiam
745 3650 841 3718 aliquis
870 3645 923 3701 alto
943 3651 1005 3700 loco
1025 3658 1142 3700 ortorum
1162 3651 1233 3698 etin

139 3721 243 3770 oriente
269 3715 412 3767 illustrium
439 3728 465 3769 et
482 3720 612 3770 nobilium
642 3721 858 3786 (lsaakius'eius
886 3734 1001 3780 nomeu,
1031 3717 1181 3770 Comnenns
1209 3719 1234 3769 ei

139 3798 195 3842 erat
215 3793 378 3857 cognomen)
407 3791 521 3856 superbe
540 3799 665 3841 tractatus
684 3789 852 3856 negligentia
872 3797 899 3840 et
918 3795 1064 3839 contemtus
1084 3790 1233 3853 conviciis,

139 3863 235 3929 plenus
255 3861 429 3926 aegritudinis
449 3865 570 3928 apparuit
589 3871 616 3912 et
634 3877 722 3912 casum
744 3861 918 3911 communicat
937 3875 995 3910 cum
1015 3859 1169 3928 quibusdam
1181 3861 1234 3911 mi.

139 3935 229 3994 litum3
255 3940 333 3981 antea
352 3933 401 3983 iam
428 3935 535 3984 excitati
556 3935 633 3984 etiam
659 3933 685 3983 hi
706 3932 835 3983 factorum
854 3931 994 4000 iniquitate
1013 3938 1041 3982 et
1057 3932 1165 3982 tristitia
1182 3933 1233 3983 im.

140 4005 205 4072 pleti
226 4003 396 4055 adhortantur
415 4005 447 4056 ad
460 4006 637 4064 deiectionem
659 4021 731 4055 enm:
753 4013 780 4054 et
797 4003 874 4055 brevi
894 4003 1061 4054 consciorum
1079 4004 1143 4056 satis
1162 4005 1234 4056 nacti

141 4085 167 4126 et
186 4075 265 4127 talem
286 4076 481 4128 meditationem
500 4079 700 4144 iustotempore
719 4077 853 4144 parientes
873 4083 933 4142 post
942 4076 1052 4143 reginae
1070 4076 1131 4138 iter,
1150 4089 1233 4143 parvo

140 4148 280 4199 interiecto
300 4155 419 4214 tempore
439 4156 612 4216 prorumpunt
631 4158 750 4215 partum:
773 4156 799 4198 et
817 4148 969 4215 imperantis
979 4146 1129 4215 snperbiam
1146 4147 1233 4199 cilun-

142 4219 233 4270 dentes
263 4218 360 4270 tollunt
386 4222 412 4271 in
441 4220 606 4272 altitudinem
636 4229 662 4271 et
691 4219 837 4271 claritatem
864 4220 1051 4286 excogitatum.
1097 4226 1158 4269 ante
1183 4217 1233 4268 bos

143 4297 228 4339 autem
257 4292 355 4356 primos
384 4294 508 4347 conscios
537 4308 604 4346 unus
623 4291 776 4360 Bryenniue
800 4293 885 4348 dictus
903 4291 1156 4359 Adrianopolitanus
1181 4289 1232 4340 dux
