<?xml version="1.0" encoding="UTF-8"?>
<!DOCTYPE html PUBLIC "-//W3C//DTD XHTML 1.0 Transitional//EN"
    "http://www.w3.org/TR/xhtml1/DTD/xhtml1-transitional.dtd">
<html xmlns="http://www.w3.org/1999/xhtml" xml:lang="en" lang="en">
 <head>
  <title>
</title>
<meta http-equiv="Content-Type" content="text/html;charset=utf-8" />
  <meta name='ocr-system' content='tesseract 3.04.00' />
  <meta name='ocr-capabilities' content='ocr_page ocr_carea ocr_par ocr_line ocrx_word'/>
</head>
<body>
  <div class='ocr_page' id='page_1' title='image "./corpusscriptoru06theogoog/corpusscriptoru06theogoog_0074.png"; bbox 0 0 3017 4892; ppageno 0'>
   <div class='ocr_carea' id='block_1_1' title="bbox 244 237 1060 362">
    <p class='ocr_par' dir='ltr' id='par_1_1' title="bbox 244 237 1060 362">
     <span class='ocr_line' id='line_1_1' title="bbox 244 237 1060 362; baseline -0.013 -12"><span class='ocrx_word' id='word_1_1' title='bbox 244 281 313 362; x_wconf 80' lang='lat' dir='ltr'><strong>so.</strong></span> <span class='ocrx_word' id='word_1_2' title='bbox 549 237 770 348; x_wconf 74' lang='lat' dir='ltr'><strong>uminis</strong></span> <span class='ocrx_word' id='word_1_3' title='bbox 799 269 1060 342; x_wconf 72' lang='lat' dir='ltr'><strong>amaneum</strong></span> 
     </span>
    </p>
   </div>
   <div class='ocr_carea' id='block_1_2' title="bbox 129 434 1404 2740">
    <p class='ocr_par' dir='ltr' id='par_1_2' title="bbox 129 434 1404 2740">
     <span class='ocr_line' id='line_1_2' title="bbox 244 434 1374 538; baseline -0.015 -19"><span class='ocrx_word' id='word_1_4' title='bbox 244 477 305 538; x_wconf 91' lang='grc' dir='ltr'><strong>ρου</strong></span> <span class='ocrx_word' id='word_1_5' title='bbox 326 473 370 526; x_wconf 87' lang='grc' dir='ltr'><strong>ως</strong></span> <span class='ocrx_word' id='word_1_6' title='bbox 391 451 455 515; x_wconf 79' lang='grc' dir='ltr'><strong><em>τάν</em></strong></span> <span class='ocrx_word' id='word_1_7' title='bbox 476 441 559 511; x_wconf 78' lang='grc' dir='ltr'><strong><em>κατά</em></strong></span> <span class='ocrx_word' id='word_1_8' title='bbox 580 439 698 508; x_wconf 88' lang='grc' dir='ltr'><strong><em>σκοπόν</em></strong></span> <span class='ocrx_word' id='word_1_9' title='bbox 718 438 764 524; x_wconf 77' lang='grc' dir='ltr'><strong>μὴ</strong></span> <span class='ocrx_word' id='word_1_10' title='bbox 794 434 1082 521; x_wconf 71' lang='grc' dir='ltr'><strong><em>διομσρτῆοοηας.</em></strong></span> <span class='ocrx_word' id='word_1_11' title='bbox 1125 436 1297 520; x_wconf 72' lang='grc' dir='ltr'><em>ἠρίστευσε</em></span> <span class='ocrx_word' id='word_1_12' title='bbox 1322 438 1374 502; x_wconf 84' lang='grc' dir='ltr'><strong>δὲ</strong></span> 
     </span>
     <span class='ocr_line' id='line_1_3' title="bbox 245 537 1371 658; baseline -0.019 -38"><span class='ocrx_word' id='word_1_13' title='bbox 245 557 340 620; x_wconf 77' lang='grc' dir='ltr'><strong><em>πλόον</em></strong></span> <span class='ocrx_word' id='word_1_14' title='bbox 360 553 422 617; x_wconf 83' lang='grc' dir='ltr'><strong><em>τάν</em></strong></span> <span class='ocrx_word' id='word_1_15' title='bbox 440 541 545 614; x_wconf 77' lang='grc' dir='ltr'><strong><em>ἄλλων</em></strong></span> <span class='ocrx_word' id='word_1_16' title='bbox 564 547 620 608; x_wconf 74' lang='grc' dir='ltr'><strong><em>καί</em></strong></span> <span class='ocrx_word' id='word_1_17' title='bbox 641 539 793 625; x_wconf 86' lang='grc' dir='ltr'><strong><em>κραταιός</em></strong></span> <span class='ocrx_word' id='word_1_18' title='bbox 819 541 854 603; x_wconf 73' lang='lat' dir='ltr'><strong>tr</strong></span> <span class='ocrx_word' id='word_1_19' title='bbox 872 537 973 658; x_wconf 80' lang='grc' dir='ltr'><strong><em>τοάτφ</em></strong></span> <span class='ocrx_word' id='word_1_20' title='bbox 1001 563 1046 624; x_wconf 75' lang='grc' dir='ltr'><strong><em>ιφ</em></strong></span> <span class='ocrx_word' id='word_1_21' title='bbox 1029 540 1194 625; x_wconf 59' lang='grc' dir='ltr'><strong><em>πολέμῳ</em></strong></span> <span class='ocrx_word' id='word_1_22' title='bbox 1215 538 1371 622; x_wconf 66' lang='grc' dir='ltr'><strong><em>ἐδείχθη</em></strong></span> 
     </span>
     <span class='ocr_line' id='line_1_4' title="bbox 245 637 1368 762; baseline -0.014 -42"><span class='ocrx_word' id='word_1_23' title='bbox 245 649 300 719; x_wconf 72' lang='lat' dir='ltr'><strong>sai</strong></span> <span class='ocrx_word' id='word_1_24' title='bbox 320 647 508 736; x_wconf 87' lang='grc' dir='ltr'><strong><em>περιβόητος</em></strong></span> <span class='ocrx_word' id='word_1_25' title='bbox 527 641 713 762; x_wconf 83' lang='grc' dir='ltr'><strong><em>Νικηφόρος</em></strong></span> <span class='ocrx_word' id='word_1_26' title='bbox 732 639 908 724; x_wconf 86' lang='grc' dir='ltr'><strong><em>μάγιστρος</em></strong></span> <span class='ocrx_word' id='word_1_27' title='bbox 939 638 956 702; x_wconf 88' lang='grc' dir='ltr'><strong><em>ό</em></strong></span> <span class='ocrx_word' id='word_1_28' title='bbox 979 637 1254 720; x_wconf 82' lang='grc' dir='ltr'><strong><em>Βοτακειάτης,’</em></strong></span> <span class='ocrx_word' id='word_1_29' title='bbox 1236 663 1272 701; x_wconf 86' lang='grc' dir='ltr'><strong><em>εκ</em></strong></span> <span class='ocrx_word' id='word_1_30' title='bbox 1294 643 1368 720; x_wconf 83' lang='grc' dir='ltr'><strong><em>γε’-</em></strong></span> 
     </span>
     <span class='ocr_line' id='line_1_5' title="bbox 245 734 1366 836; baseline -0.014 -17"><span class='ocrx_word' id='word_1_31' title='bbox 245 777 320 830; x_wconf 88' lang='grc' dir='ltr'><strong><em>νοος</em></strong></span> <span class='ocrx_word' id='word_1_32' title='bbox 338 751 422 836; x_wconf 71' lang='grc' dir='ltr'><strong><em>ἔχων</em></strong></span> <span class='ocrx_word' id='word_1_33' title='bbox 442 748 618 832; x_wconf 71' lang='grc' dir='ltr'><strong><em>ἐπιφανοῦς</em></strong></span> <span class='ocrx_word' id='word_1_34' title='bbox 639 742 674 809; x_wconf 88' lang='grc' dir='ltr'><strong>τό</strong></span> <span class='ocrx_word' id='word_1_35' title='bbox 696 739 730 807; x_wconf 77' lang='grc' dir='ltr'><strong><em>ἐν</em></strong></span> <span class='ocrx_word' id='word_1_36' title='bbox 752 749 822 816; x_wconf 77' lang='grc' dir='ltr'><strong><em>ταῖς</em></strong></span> <span class='ocrx_word' id='word_1_37' title='bbox 842 743 1047 824; x_wconf 70' lang='grc' dir='ltr'><strong><em>οτρατηγιαις</em></strong></span> <span class='ocrx_word' id='word_1_38' title='bbox 1060 737 1117 804; x_wconf 75' lang='grc' dir='ltr'><strong><em>κατ’</em></strong></span> <span class='ocrx_word' id='word_1_39' title='bbox 1137 744 1204 815; x_wconf 76' lang='grc' dir='ltr'><strong><em>τοῖς</em></strong></span> <span class='ocrx_word' id='word_1_40' title='bbox 1224 734 1366 824; x_wconf 67' lang='lat' dir='ltr'><strong>atropa-</strong></span> 
     </span>
     <span class='ocr_line' id='line_1_6' title="bbox 246 841 1394 941; baseline -0.025 -20"><span class='ocrx_word' id='word_1_41' title='bbox 246 851 432 941; x_wconf 74' lang='lat' dir='ltr'>yo66pooss</span> <span class='ocrx_word' id='word_1_42' title='bbox 454 847 662 933; x_wconf 67' lang='grc' dir='ltr'><strong><em>ἐκδηλότατα</em></strong></span> <span class='ocrx_word' id='word_1_43' title='bbox 684 868 737 907; x_wconf 89' lang='grc' dir='ltr'><strong>και</strong></span> <span class='ocrx_word' id='word_1_44' title='bbox 732 841 917 920; x_wconf 42' lang='grc' dir='ltr'><strong><em>ἐπιᾛδοξον</em></strong></span> <span class='ocrx_word' id='word_1_45' title='bbox 1371 850 1394 899; x_wconf 83' lang='grc'><strong>5</strong></span> 
     </span>
     <span class='ocr_line' id='line_1_7' title="bbox 351 939 1361 1040; baseline -0.01 -22"><span class='ocrx_word' id='word_1_46' title='bbox 351 955 396 1040; x_wconf 72' lang='grc' dir='ltr'><strong>Τῇ</strong></span> <span class='ocrx_word' id='word_1_47' title='bbox 425 949 608 1034; x_wconf 75' lang='grc' dir='ltr'><strong><em>δ’βπιοόση</em></strong></span> <span class='ocrx_word' id='word_1_48' title='bbox 641 943 698 1020; x_wconf 88' lang='grc' dir='ltr'><strong>τάς</strong></span> <span class='ocrx_word' id='word_1_49' title='bbox 731 942 884 1023; x_wconf 88' lang='grc' dir='ltr'><strong><em>δυνάμεις</em></strong></span> <span class='ocrx_word' id='word_1_50' title='bbox 904 941 1085 1028; x_wconf 88' lang='grc' dir='ltr'><strong><em>άνειληφοός</em></strong></span> <span class='ocrx_word' id='word_1_51' title='bbox 1116 944 1172 1025; x_wconf 79' lang='grc' dir='ltr'><strong>τῆς</strong></span> <span class='ocrx_word' id='word_1_52' title='bbox 1192 942 1273 1022; x_wconf 86' lang='grc' dir='ltr'><strong><em>πρὸς</em></strong></span> <span class='ocrx_word' id='word_1_53' title='bbox 1292 939 1361 1026; x_wconf 78' lang='grc' dir='ltr'><strong><em>τήν</em></strong></span> 
     </span>
     <span class='ocr_line' id='line_1_8' title="bbox 245 1038 1358 1140; baseline -0.015 -18"><span class='ocrx_word' id='word_1_54' title='bbox 245 1055 399 1140; x_wconf 76' lang='grc' dir='ltr'><strong>βασιλίδα</strong></span> <span class='ocrx_word' id='word_1_55' title='bbox 430 1045 591 1136; x_wconf 73' lang='grc' dir='ltr'><strong>φερούσης</strong></span> <span class='ocrx_word' id='word_1_56' title='bbox 625 1038 747 1129; x_wconf 75' lang='grc' dir='ltr'><strong><em>ἥπτετο.</em></strong></span> <span class='ocrx_word' id='word_1_57' title='bbox 804 1046 860 1108; x_wconf 74' lang='grc' dir='ltr'><strong><em>κατ’</em></strong></span> <span class='ocrx_word' id='word_1_58' title='bbox 890 1043 952 1127; x_wconf 88' lang='grc' dir='ltr'><strong>πρό</strong></span> <span class='ocrx_word' id='word_1_59' title='bbox 984 1049 1043 1108; x_wconf 81' lang='grc' dir='ltr'><strong>τοῦ</strong></span> <span class='ocrx_word' id='word_1_60' title='bbox 1063 1052 1130 1119; x_wconf 76' lang='grc' dir='ltr'><strong><em>τοῖς</em></strong></span> <span class='ocrx_word' id='word_1_61' title='bbox 1150 1042 1358 1124; x_wconf 71' lang='grc' dir='ltr'><strong><em>προαστείοις</em></strong></span> 
     </span>
     <span class='ocr_line' id='line_1_9' title="bbox 247 1143 1354 1240; baseline -0.014 -17"><span class='ocrx_word' id='word_1_62' title='bbox 247 1153 453 1240; x_wconf 71' lang='grc' dir='ltr'><strong><em>προσεγγίσαι</em></strong></span> <span class='ocrx_word' id='word_1_63' title='bbox 473 1143 670 1233; x_wconf 82' lang='grc' dir='ltr'><strong><em>τῆςπόλεως,</em></strong></span> <span class='ocrx_word' id='word_1_64' title='bbox 687 1147 787 1230; x_wconf 78' lang='grc' dir='ltr'><strong><em>βουλή</em></strong></span> <span class='ocrx_word' id='word_1_65' title='bbox 811 1147 898 1229; x_wconf 84' lang='lat' dir='ltr'>nop6</span> <span class='ocrx_word' id='word_1_66' title='bbox 920 1147 1013 1210; x_wconf 85' lang='grc' dir='ltr'><strong><em>τινιόν</em></strong></span> <span class='ocrx_word' id='word_1_67' title='bbox 1026 1147 1090 1210; x_wconf 80' lang='grc' dir='ltr'><strong><em>τάν</em></strong></span> <span class='ocrx_word' id='word_1_68' title='bbox 1110 1146 1145 1209; x_wconf 88' lang='grc' dir='ltr'><strong>ε’ν</strong></span> <span class='ocrx_word' id='word_1_69' title='bbox 1164 1148 1247 1209; x_wconf 77' lang='grc' dir='ltr'><strong><em>πόλει</em></strong></span> <span class='ocrx_word' id='word_1_70' title='bbox 1268 1143 1354 1209; x_wconf 78' lang='grc' dir='ltr'><strong><em>κατά</em></strong></span> 
     </span>
     <span class='ocr_line' id='line_1_10' title="bbox 247 1239 1359 1364; baseline -0.012 -43"><span class='ocrx_word' id='word_1_71' title='bbox 247 1257 306 1321; x_wconf 80' lang='grc' dir='ltr'><strong><em>τοῦ.</em></strong></span> <span class='ocrx_word' id='word_1_72' title='bbox 327 1249 548 1336; x_wconf 72' lang='grc' dir='ltr'><strong><em>βασιλεύοντος</em></strong></span> <span class='ocrx_word' id='word_1_73' title='bbox 571 1251 604 1314; x_wconf 79' lang='grc' dir='ltr'><strong><em>όν</em></strong></span> <span class='ocrx_word' id='word_1_74' title='bbox 628 1239 1133 1364; x_wconf 82' lang='grc' dir='ltr'><strong><em>Κωνοταντινουπόλειήρτάτκο.</em></strong></span> <span class='ocrx_word' id='word_1_75' title='bbox 1156 1242 1219 1309; x_wconf 78' lang='grc' dir='ltr'><strong><em>εἴτε</em></strong></span> <span class='ocrx_word' id='word_1_76' title='bbox 1238 1246 1359 1310; x_wconf 78' lang='grc' dir='ltr'><strong><em>δὲκαὶ</em></strong></span> 
     </span>
     <span class='ocr_line' id='line_1_11' title="bbox 248 1342 1404 1468; baseline -0.008 -48"><span class='ocrx_word' id='word_1_77' title='bbox 248 1355 341 1440; x_wconf 79' lang='grc' dir='ltr'><strong><em>ότη”ς</em></strong></span> <span class='ocrx_word' id='word_1_78' title='bbox 363 1345 618 1468; x_wconf 76' lang='grc' dir='ltr'><strong>α’ρχιτρωοόνηςΙ</strong></span> <span class='ocrx_word' id='word_1_79' title='bbox 636 1343 772 1432; x_wconf 71' lang='grc' dir='ltr'><strong><em>ἔξαρχος</em></strong></span> <span class='ocrx_word' id='word_1_80' title='bbox 803 1347 857 1411; x_wconf 81' lang='grc' dir='ltr'><strong><em>καί</em></strong></span> <span class='ocrx_word' id='word_1_81' title='bbox 878 1344 1097 1429; x_wconf 77' lang='grc' dir='ltr'><strong>πατριάρχης,</strong></span> <span class='ocrx_word' id='word_1_82' title='bbox 1130 1345 1147 1410; x_wconf 92' lang='lat'><strong>6</strong></span> <span class='ocrx_word' id='word_1_83' title='bbox 1176 1342 1404 1430; x_wconf 77' lang='grc' dir='ltr'><strong><em>Κηρουλά-Ιο</em></strong></span> 
     </span>
     <span class='ocr_line' id='line_1_12' title="bbox 249 1438 1356 1542; baseline -0.006 -25"><span class='ocrx_word' id='word_1_84' title='bbox 249 1475 316 1542; x_wconf 90' lang='grc' dir='ltr'><strong><em>ριος</em></strong></span> <span class='ocrx_word' id='word_1_85' title='bbox 332 1447 533 1536; x_wconf 85' lang='grc' dir='ltr'><strong><em>κεκοινιόνηκε</em></strong></span> <span class='ocrx_word' id='word_1_86' title='bbox 563 1447 687 1522; x_wconf 75' lang='grc' dir='ltr'><strong><em>τούτοις</em></strong></span> <span class='ocrx_word' id='word_1_87' title='bbox 717 1449 771 1530; x_wconf 79' lang='grc' dir='ltr'><strong><em>τῆς</em></strong></span> <span class='ocrx_word' id='word_1_88' title='bbox 799 1449 962 1529; x_wconf 78' lang='grc' dir='ltr'><strong>σκέψεως,</strong></span> <span class='ocrx_word' id='word_1_89' title='bbox 982 1443 1046 1510; x_wconf 87' lang='grc' dir='ltr'><strong><em>εἴτε</em></strong></span> <span class='ocrx_word' id='word_1_90' title='bbox 1069 1449 1124 1510; x_wconf 81' lang='grc' dir='ltr'><strong><em>κατ’</em></strong></span> <span class='ocrx_word' id='word_1_91' title='bbox 1141 1444 1211 1530; x_wconf 73' lang='grc' dir='ltr'><strong>μή,</strong></span> <span class='ocrx_word' id='word_1_92' title='bbox 1231 1438 1356 1529; x_wconf 82' lang='grc' dir='ltr'><strong><em>άδηλον</em></strong></span> 
     </span>
     <span class='ocr_line' id='line_1_13' title="bbox 248 1541 1352 1669; baseline -0.009 -49"><span class='ocrx_word' id='word_1_93' title='bbox 248 1578 301 1620; x_wconf 90' lang='grc' dir='ltr'><strong>και</strong></span> <span class='ocrx_word' id='word_1_94' title='bbox 297 1552 485 1638; x_wconf 82' lang='grc' dir='ltr'><strong><em>προφανός</em></strong></span> <span class='ocrx_word' id='word_1_95' title='bbox 513 1551 619 1614; x_wconf 80' lang='grc' dir='ltr'><strong><em>ου’δέν.</em></strong></span> <span class='ocrx_word' id='word_1_96' title='bbox 672 1541 848 1627; x_wconf 67' lang='grc' dir='ltr'><strong>όμωςδΗ</strong></span> <span class='ocrx_word' id='word_1_97' title='bbox 831 1571 867 1611; x_wconf 88' lang='grc' dir='ltr'><strong><em>εκ</em></strong></span> <span class='ocrx_word' id='word_1_98' title='bbox 889 1547 1081 1669; x_wconf 71' lang='grc' dir='ltr'><strong><em>προληψεων</em></strong></span> <span class='ocrx_word' id='word_1_99' title='bbox 1108 1551 1164 1611; x_wconf 79' lang='grc' dir='ltr'><strong><em>καί</em></strong></span> <span class='ocrx_word' id='word_1_100' title='bbox 1182 1549 1247 1612; x_wconf 80' lang='grc' dir='ltr'><strong><em>ταῖν</em></strong></span> <span class='ocrx_word' id='word_1_101' title='bbox 1265 1544 1352 1626; x_wconf 85' lang='grc' dir='ltr'><strong><em>μετά</em></strong></span> 
     </span>
     <span class='ocr_line' id='line_1_14' title="bbox 247 1641 1354 1765; baseline -0.014 -40"><span class='ocrx_word' id='word_1_102' title='bbox 247 1659 350 1725; x_wconf 76' lang='grc' dir='ltr'><strong><em>ταῦτα</em></strong></span> <span class='ocrx_word' id='word_1_103' title='bbox 371 1651 624 1733; x_wconf 73' lang='grc' dir='ltr'><strong><em>συνενεχθέντων</em></strong></span> <span class='ocrx_word' id='word_1_104' title='bbox 646 1647 684 1714; x_wconf 86' lang='grc' dir='ltr'><strong>τό</strong></span> <span class='ocrx_word' id='word_1_105' title='bbox 709 1652 766 1734; x_wconf 73' lang='grc' dir='ltr'><strong>τῆς</strong></span> <span class='ocrx_word' id='word_1_106' title='bbox 781 1641 987 1723; x_wconf 69' lang='grc' dir='ltr'><strong><em>άπσνοάις’</em></strong></span> <span class='ocrx_word' id='word_1_107' title='bbox 957 1670 1003 1721; x_wconf 82' lang='grc' dir='ltr'><strong>τις</strong></span> <span class='ocrx_word' id='word_1_108' title='bbox 1026 1643 1180 1732; x_wconf 75' lang='grc' dir='ltr'><strong><em>άληθειας</em></strong></span> <span class='ocrx_word' id='word_1_109' title='bbox 1201 1644 1354 1765; x_wconf 76' lang='grc' dir='ltr'><strong><em>ἀμυδρὰν</em></strong></span> 
     </span>
     <span class='ocr_line' id='line_1_15' title="bbox 248 1745 1353 1843; baseline -0.01 -21"><span class='ocrx_word' id='word_1_110' title='bbox 248 1751 512 1843; x_wconf 76' lang='grc' dir='ltr'><strong><em>προκεχωρηκασι</em></strong></span> <span class='ocrx_word' id='word_1_111' title='bbox 540 1747 700 1836; x_wconf 79' lang='grc' dir='ltr'><strong><em>ἔμφασιν·</em></strong></span> <span class='ocrx_word' id='word_1_112' title='bbox 753 1755 809 1814; x_wconf 81' lang='grc' dir='ltr'><strong><em>καί</em></strong></span> <span class='ocrx_word' id='word_1_113' title='bbox 837 1747 966 1835; x_wconf 75' lang='grc' dir='ltr'><strong><em>γάρτῷ</em></strong></span> <span class='ocrx_word' id='word_1_114' title='bbox 995 1751 1152 1835; x_wconf 76' lang='grc' dir='ltr'><strong><em>Κομνηνηῖ</em></strong></span> <span class='ocrx_word' id='word_1_115' title='bbox 1180 1746 1221 1813; x_wconf 86' lang='grc' dir='ltr'><strong>τά</strong></span> <span class='ocrx_word' id='word_1_116' title='bbox 1248 1745 1353 1812; x_wconf 85' lang='grc' dir='ltr'><strong><em>πάντα</em></strong></span> 
     </span>
     <span class='ocr_line' id='line_1_16' title="bbox 248 1843 1397 1940; baseline -0.011 -18"><span class='ocrx_word' id='word_1_117' title='bbox 248 1855 473 1940; x_wconf 69' lang='grc' dir='ltr'><strong><em>συνδιαφέρων</em></strong></span> <span class='ocrx_word' id='word_1_118' title='bbox 505 1843 543 1936; x_wconf 76' lang='grc' dir='ltr'><strong><em>ἦν</em></strong></span> <span class='ocrx_word' id='word_1_119' title='bbox 574 1849 630 1917; x_wconf 81' lang='grc' dir='ltr'><strong><em>ιιαό</em></strong></span> <span class='ocrx_word' id='word_1_120' title='bbox 661 1851 876 1933; x_wconf 77' lang='grc' dir='ltr'><strong><em>συμπράττων</em></strong></span> <span class='ocrx_word' id='word_1_121' title='bbox 904 1848 961 1914; x_wconf 79' lang='grc' dir='ltr'><strong><em>καί</em></strong></span> <span class='ocrx_word' id='word_1_122' title='bbox 992 1849 1048 1931; x_wconf 80' lang='grc' dir='ltr'><strong>τῆς</strong></span> <span class='ocrx_word' id='word_1_123' title='bbox 1077 1848 1202 1932; x_wconf 83' lang='grc' dir='ltr'><strong><em>πραότης</em></strong></span> <span class='ocrx_word' id='word_1_124' title='bbox 1231 1851 1353 1930; x_wconf 77' lang='grc' dir='ltr'><strong><em>βουλῆς</em></strong></span> <span class='ocrx_word' id='word_1_125' title='bbox 1362 1874 1397 1925; x_wconf 81' lang='lat'><strong>15</strong></span> 
     </span>
     <span class='ocr_line' id='line_1_17' title="bbox 247 1944 1349 2037; baseline -0.003 -21"><span class='ocrx_word' id='word_1_126' title='bbox 247 1951 491 2037; x_wconf 85' lang='grc' dir='ltr'><strong><em>γινωσκόμενος,</em></strong></span> <span class='ocrx_word' id='word_1_127' title='bbox 522 1950 565 2027; x_wconf 81' lang='grc' dir='ltr'><strong>ιός</strong></span> <span class='ocrx_word' id='word_1_128' title='bbox 586 1955 641 2016; x_wconf 86' lang='grc' dir='ltr'><strong><em>καί</em></strong></span> <span class='ocrx_word' id='word_1_129' title='bbox 663 1955 718 2034; x_wconf 79' lang='grc' dir='ltr'><strong>τῆς</strong></span> <span class='ocrx_word' id='word_1_130' title='bbox 738 1944 849 2035; x_wconf 75' lang='grc' dir='ltr'><strong><em>φιλιόἶς</em></strong></span> <span class='ocrx_word' id='word_1_131' title='bbox 879 1952 933 2013; x_wconf 79' lang='grc' dir='ltr'><strong><em>κατ’</em></strong></span> <span class='ocrx_word' id='word_1_132' title='bbox 952 1952 1007 2031; x_wconf 79' lang='grc' dir='ltr'><strong>τῆς</strong></span> <span class='ocrx_word' id='word_1_133' title='bbox 1029 1950 1120 2026; x_wconf 78' lang='grc' dir='ltr'><strong><em>άξόας</em></strong></span> <span class='ocrx_word' id='word_1_134' title='bbox 1138 1948 1194 2012; x_wconf 81' lang='grc' dir='ltr'><strong><em>καί</em></strong></span> <span class='ocrx_word' id='word_1_135' title='bbox 1212 1949 1267 2032; x_wconf 80' lang='grc' dir='ltr'><strong>τῆς</strong></span> <span class='ocrx_word' id='word_1_136' title='bbox 1287 1949 1349 2031; x_wconf 87' lang='grc' dir='ltr'><strong><em>α’γ-</em></strong></span> 
     </span>
     <span class='ocr_line' id='line_1_18' title="bbox 247 2046 1349 2140; baseline -0.004 -24"><span class='ocrx_word' id='word_1_137' title='bbox 247 2053 388 2140; x_wconf 80' lang='grc' dir='ltr'><strong><em>χιστιόας</em></strong></span> <span class='ocrx_word' id='word_1_138' title='bbox 410 2046 645 2134; x_wconf 74' lang='grc' dir='ltr'><strong><em>όγγάτατος,“</em></strong></span> <span class='ocrx_word' id='word_1_139' title='bbox 629 2075 645 2113; x_wconf 93' lang='grc' dir='ltr'><strong><em>ο</em></strong></span> <span class='ocrx_word' id='word_1_140' title='bbox 677 2047 857 2133; x_wconf 86' lang='grc' dir='ltr'><strong><em>βεστάρχης</em></strong></span> <span class='ocrx_word' id='word_1_141' title='bbox 891 2048 1177 2123; x_wconf 75' lang='grc' dir='ltr'><strong>Κωνσταντῖνοςι</strong></span> <span class='ocrx_word' id='word_1_142' title='bbox 1160 2071 1177 2110; x_wconf 96' lang='grc' dir='ltr'><strong><em>ο</em></strong></span> <span class='ocrx_word' id='word_1_143' title='bbox 1210 2047 1349 2129; x_wconf 88' lang='grc' dir='ltr'><strong><em>Δοάκας,</em></strong></span> 
     </span>
     <span class='ocr_line' id='line_1_19' title="bbox 249 2147 1350 2246; baseline -0.006 -29"><span class='ocrx_word' id='word_1_144' title='bbox 249 2151 425 2238; x_wconf 74' lang='grc' dir='ltr'><strong><em>ἀδελφιδῆς</em></strong></span> <span class='ocrx_word' id='word_1_145' title='bbox 449 2152 508 2215; x_wconf 77' lang='grc' dir='ltr'><strong>τοῦ</strong></span> <span class='ocrx_word' id='word_1_146' title='bbox 535 2147 737 2232; x_wconf 78' lang='grc' dir='ltr'><strong><em>πατριάρχου</em></strong></span> <span class='ocrx_word' id='word_1_147' title='bbox 759 2150 909 2224; x_wconf 89' lang='grc' dir='ltr'><strong><em>σόνευνος</em></strong></span> <span class='ocrx_word' id='word_1_148' title='bbox 932 2149 1172 2229; x_wconf 72' lang='grc' dir='ltr'><strong><em>καθιστάμιος,</em></strong></span> <span class='ocrx_word' id='word_1_149' title='bbox 1195 2155 1250 2216; x_wconf 82' lang='grc' dir='ltr'><strong><em>κατ’</em></strong></span> <span class='ocrx_word' id='word_1_150' title='bbox 1271 2155 1350 2246; x_wconf 88' lang='grc' dir='ltr'><strong><em>πολ-</em></strong></span> 
     </span>
     <span class='ocr_line' id='line_1_20' title="bbox 129 2239 1349 2371; baseline -0.01 -45"><span class='ocrx_word' id='word_1_151' title='bbox 129 2267 239 2326; x_wconf 69' lang='lat' dir='ltr'><strong>ester</strong></span> <span class='ocrx_word' id='word_1_152' title='bbox 249 2251 307 2336; x_wconf 77' lang='grc' dir='ltr'><strong><em>λὴν</em></strong></span> <span class='ocrx_word' id='word_1_153' title='bbox 330 2241 456 2316; x_wconf 83' lang='grc' dir='ltr'><strong><em>εάνοιαν</em></strong></span> <span class='ocrx_word' id='word_1_154' title='bbox 479 2247 587 2324; x_wconf 76' lang='grc' dir='ltr'><strong><em>διδοὺς</em></strong></span> <span class='ocrx_word' id='word_1_155' title='bbox 607 2253 662 2316; x_wconf 80' lang='grc' dir='ltr'><strong><em>κατ’</em></strong></span> <span class='ocrx_word' id='word_1_156' title='bbox 684 2247 856 2331; x_wconf 76' lang='grc' dir='ltr'><strong><em>λαμβάνων</em></strong></span> <span class='ocrx_word' id='word_1_157' title='bbox 870 2251 1002 2314; x_wconf 73' lang='grc' dir='ltr'><strong><em>ἐκεῖθεν.</em></strong></span> <span class='ocrx_word' id='word_1_158' title='bbox 1045 2245 1115 2316; x_wconf 83' lang='grc' dir='ltr'><strong><em>εἶτα</em></strong></span> <span class='ocrx_word' id='word_1_159' title='bbox 1137 2253 1193 2371; x_wconf 74' lang='grc' dir='ltr'><strong>της</strong></span> <span class='ocrx_word' id='word_1_160' title='bbox 1213 2239 1349 2335; x_wconf 75' lang='grc' dir='ltr'><strong><em>πορευο-</em></strong></span> 
     </span>
     <span class='ocr_line' id='line_1_21' title="bbox 247 2344 1394 2438; baseline -0.002 -20"><span class='ocrx_word' id='word_1_161' title='bbox 247 2357 343 2438; x_wconf 76' lang='grc' dir='ltr'><strong><em>μόνης</em></strong></span> <span class='ocrx_word' id='word_1_162' title='bbox 364 2353 482 2436; x_wconf 79' lang='grc' dir='ltr'><strong><em>βουλῆς</em></strong></span> <span class='ocrx_word' id='word_1_163' title='bbox 501 2353 683 2437; x_wconf 74' lang='grc' dir='ltr'><strong><em>ἐκραγείσης</em></strong></span> <span class='ocrx_word' id='word_1_164' title='bbox 716 2344 916 2435; x_wconf 75' lang='grc' dir='ltr'><strong><em>εόσῆλόον“</em></strong></span> <span class='ocrx_word' id='word_1_165' title='bbox 894 2373 1029 2427; x_wconf 87' lang='grc' dir='ltr'><strong><em>απαντες</em></strong></span> <span class='ocrx_word' id='word_1_166' title='bbox 1060 2348 1090 2415; x_wconf 77' lang='grc' dir='ltr'><strong>οἱ</strong></span> <span class='ocrx_word' id='word_1_167' title='bbox 1117 2353 1233 2435; x_wconf 82' lang='grc' dir='ltr'><strong><em>ταύτης</em></strong></span> <span class='ocrx_word' id='word_1_168' title='bbox 1254 2349 1349 2435; x_wconf 79' lang='grc' dir='ltr'><strong><em>ε’ξάρ-</em></strong></span> <span class='ocrx_word' id='word_1_169' title='bbox 1330 2373 1394 2426; x_wconf 76' lang='lat'><strong>-20</strong></span> 
     </span>
     <span class='ocr_line' id='line_1_22' title="bbox 247 2446 1349 2537; baseline 0 -21"><span class='ocrx_word' id='word_1_170' title='bbox 247 2473 368 2537; x_wconf 86' lang='grc' dir='ltr'><strong><em>χοντες,</em></strong></span> <span class='ocrx_word' id='word_1_171' title='bbox 391 2446 434 2530; x_wconf 79' lang='grc' dir='ltr'><strong>όός</strong></span> <span class='ocrx_word' id='word_1_172' title='bbox 457 2454 492 2516; x_wconf 84' lang='lat' dir='ltr'><strong>dl</strong></span> <span class='ocrx_word' id='word_1_173' title='bbox 514 2453 568 2516; x_wconf 79' lang='grc' dir='ltr'><strong><em>καί</em></strong></span> <span class='ocrx_word' id='word_1_174' title='bbox 590 2448 619 2515; x_wconf 85' lang='grc' dir='ltr'><strong>οἱ</strong></span> <span class='ocrx_word' id='word_1_175' title='bbox 639 2454 906 2535; x_wconf 68' lang='grc' dir='ltr'><strong><em>συμμετέχοντες,</em></strong></span> <span class='ocrx_word' id='word_1_176' title='bbox 925 2498 962 2518; x_wconf 91' lang='grc'><strong>..</strong></span> <span class='ocrx_word' id='word_1_177' title='bbox 985 2497 994 2516; x_wconf 91' lang='grc'><strong>.</strong></span> <span class='ocrx_word' id='word_1_178' title='bbox 1014 2452 1070 2518; x_wconf 74' lang='grc' dir='ltr'><strong><em>κατ’</em></strong></span> <span class='ocrx_word' id='word_1_179' title='bbox 1089 2456 1235 2536; x_wconf 64' lang='grc' dir='ltr'><strong><em>μέγιστον</em></strong></span> <span class='ocrx_word' id='word_1_180' title='bbox 1257 2455 1349 2535; x_wconf 81' lang='grc' dir='ltr'><strong><em>κόμι-</em></strong></span> 
     </span>
     <span class='ocr_line' id='line_1_23' title="bbox 250 2550 1348 2640; baseline -0.002 -20"><span class='ocrx_word' id='word_1_181' title='bbox 250 2575 302 2632; x_wconf 84' lang='grc' dir='ltr'><strong>νος</strong></span> <span class='ocrx_word' id='word_1_182' title='bbox 324 2555 380 2640; x_wconf 80' lang='grc' dir='ltr'><strong><em>τῆς</em></strong></span> <span class='ocrx_word' id='word_1_183' title='bbox 409 2558 468 2620; x_wconf 81' lang='grc' dir='ltr'><strong>τοῦ</strong></span> <span class='ocrx_word' id='word_1_184' title='bbox 492 2555 574 2618; x_wconf 76' lang='grc' dir='ltr'><strong><em>θεοῦ</em></strong></span> <span class='ocrx_word' id='word_1_185' title='bbox 600 2550 739 2637; x_wconf 83' lang='grc' dir='ltr'><strong><em>μεγάλης</em></strong></span> <span class='ocrx_word' id='word_1_186' title='bbox 756 2555 884 2638; x_wconf 88' lang='grc' dir='ltr'><strong><em>σοφιάς,</em></strong></span> <span class='ocrx_word' id='word_1_187' title='bbox 905 2554 1113 2638; x_wconf 87' lang='grc' dir='ltr'><strong><em>σκηπτόμενοι</em></strong></span> <span class='ocrx_word' id='word_1_188' title='bbox 1142 2550 1197 2618; x_wconf 87' lang='grc' dir='ltr'><strong><em>τόν</em></strong></span> <span class='ocrx_word' id='word_1_189' title='bbox 1215 2556 1348 2636; x_wconf 73' lang='grc' dir='ltr'><strong><em>βασιλέα</em></strong></span> 
     </span>
     <span class='ocr_line' id='line_1_24' title="bbox 250 2649 1347 2740; baseline -0.002 -22"><span class='ocrx_word' id='word_1_190' title='bbox 250 2650 307 2731; x_wconf 82' lang='grc' dir='ltr'><strong>τὰς</strong></span> <span class='ocrx_word' id='word_1_191' title='bbox 327 2649 487 2740; x_wconf 75' lang='grc' dir='ltr'><strong><em>συνθήκας</em></strong></span> <span class='ocrx_word' id='word_1_192' title='bbox 509 2655 601 2740; x_wconf 81' lang='grc' dir='ltr'><strong><em>σφάν</em></strong></span> <span class='ocrx_word' id='word_1_193' title='bbox 623 2649 824 2738; x_wconf 84' lang='grc' dir='ltr'><strong><em>προδιδόναι,</em></strong></span> <span class='ocrx_word' id='word_1_194' title='bbox 849 2655 1090 2736; x_wconf 82' lang='grc' dir='ltr'><strong><em>διομοσαμένονν</em></strong></span> <span class='ocrx_word' id='word_1_195' title='bbox 1112 2652 1168 2719; x_wconf 78' lang='grc' dir='ltr'><strong><em>τόν</em></strong></span> <span class='ocrx_word' id='word_1_196' title='bbox 1181 2651 1347 2739; x_wconf 77' lang='grc' dir='ltr'><strong><em>Κομνηνόν</em></strong></span> 
     </span>
    </p>
   </div>
   <div class='ocr_carea' id='block_1_3' title="bbox 322 2811 1347 2891">
    <p class='ocr_par' dir='ltr' id='par_1_3' title="bbox 322 2811 1347 2891">
     <span class='ocr_line' id='line_1_25' title="bbox 322 2811 1347 2891; baseline 0 -22"><span class='ocrx_word' id='word_1_197' title='bbox 322 2815 365 2870; x_wconf 81' lang='lat'><strong>20.</strong></span> <span class='ocrx_word' id='word_1_198' title='bbox 384 2831 475 2887; x_wconf 70' lang='lat' dir='ltr'><strong>margo</strong></span> <span class='ocrx_word' id='word_1_199' title='bbox 493 2817 783 2890; x_wconf 77' lang='grc' dir='ltr'><strong><em>κατασκευαζομένης.</em></strong></span> <span class='ocrx_word' id='word_1_200' title='bbox 876 2816 919 2868; x_wconf 81' lang='lat'><strong>21.</strong></span> <span class='ocrx_word' id='word_1_201' title='bbox 940 2852 947 2867; x_wconf 92' lang='lat'>.</span> <span class='ocrx_word' id='word_1_202' title='bbox 968 2852 975 2867; x_wconf 91' lang='lat'><strong>.</strong></span> <span class='ocrx_word' id='word_1_203' title='bbox 997 2819 1018 2885; x_wconf 84' lang='lat'><strong>.]</strong></span> <span class='ocrx_word' id='word_1_204' title='bbox 1039 2816 1079 2878; x_wconf 78' lang='grc' dir='ltr'><strong>εἰς</strong></span> <span class='ocrx_word' id='word_1_205' title='bbox 1095 2811 1126 2872; x_wconf 91' lang='grc' dir='ltr'><strong><em>ιό</em></strong></span> <span class='ocrx_word' id='word_1_206' title='bbox 1143 2815 1347 2891; x_wconf 72' lang='grc' dir='ltr'><strong><em>περιάνυμονλ</em></strong></span> 
     </span>
    </p>
   </div>
   <div class='ocr_carea' id='block_1_4' title="bbox 133 2977 1439 4256">
    <p class='ocr_par' dir='ltr' id='par_1_4' title="bbox 252 2977 1345 3261">
     <span class='ocr_line' id='line_1_26' title="bbox 252 2977 1345 3063; baseline 0.002 -30"><span class='ocrx_word' id='word_1_207' title='bbox 252 2985 363 3035; x_wconf 85' lang='lat' dir='ltr'><strong>vocatus</strong></span> <span class='ocrx_word' id='word_1_208' title='bbox 383 2987 410 3033; x_wconf 88' lang='lat' dir='ltr'><strong>ot</strong></span> <span class='ocrx_word' id='word_1_209' title='bbox 429 2979 541 3035; x_wconf 89' lang='lat' dir='ltr'><strong>illustris</strong></span> <span class='ocrx_word' id='word_1_210' title='bbox 561 2996 652 3034; x_wconf 85' lang='lat' dir='ltr'><strong>omnes</strong></span> <span class='ocrx_word' id='word_1_211' title='bbox 673 2977 917 3063; x_wconf 69' lang='lat' dir='ltr'><strong>exspectationibus</strong></span> <span class='ocrx_word' id='word_1_212' title='bbox 936 2979 1092 3044; x_wconf 85' lang='lat' dir='ltr'><strong>extollebat,</strong></span> <span class='ocrx_word' id='word_1_213' title='bbox 1112 2984 1186 3050; x_wconf 90' lang='lat' dir='ltr'><strong>quasi</strong></span> <span class='ocrx_word' id='word_1_214' title='bbox 1205 2983 1345 3035; x_wconf 81' lang='lat' dir='ltr'><strong>aliusnon</strong></span> 
     </span>
     <span class='ocr_line' id='line_1_27' title="bbox 252 3017 1345 3120; baseline -0.002 -12"><span class='ocrx_word' id='word_1_215' title='bbox 252 3053 429 3108; x_wconf 78' lang='lat' dir='ltr'><strong>oberraturos.</strong></span> <span class='ocrx_word' id='word_1_216' title='bbox 468 3053 658 3120; x_wconf 82' lang='lat' dir='ltr'><strong>exsplendebat</strong></span> <span class='ocrx_word' id='word_1_217' title='bbox 676 3058 763 3103; x_wconf 89' lang='lat' dir='ltr'><strong>autem</strong></span> <span class='ocrx_word' id='word_1_218' title='bbox 780 3052 864 3118; x_wconf 81' lang='lat' dir='ltr'><strong>magis</strong></span> <span class='ocrx_word' id='word_1_219' title='bbox 890 3054 986 3103; x_wconf 86' lang='lat' dir='ltr'><strong>ceteris</strong></span> <span class='ocrx_word' id='word_1_220' title='bbox 1012 3061 1040 3103; x_wconf 87' lang='lat' dir='ltr'><strong>et</strong></span> <span class='ocrx_word' id='word_1_221' title='bbox 1066 3017 1188 3106; x_wconf 85' lang='lat' dir='ltr'><strong>l6rtis1n</strong></span> <span class='ocrx_word' id='word_1_222' title='bbox 1206 3055 1258 3106; x_wconf 89' lang='lat' dir='ltr'><strong>buc</strong></span> <span class='ocrx_word' id='word_1_223' title='bbox 1276 3054 1345 3106; x_wconf 91' lang='lat' dir='ltr'><strong>bello</strong></span> 
     </span>
     <span class='ocr_line' id='line_1_28' title="bbox 253 3121 1345 3204; baseline -0.001 -26"><span class='ocrx_word' id='word_1_224' title='bbox 253 3125 375 3195; x_wconf 84' lang='lat' dir='ltr'><strong>apparuit</strong></span> <span class='ocrx_word' id='word_1_225' title='bbox 403 3133 429 3176; x_wconf 88' lang='lat' dir='ltr'><strong>et</strong></span> <span class='ocrx_word' id='word_1_226' title='bbox 454 3123 541 3176; x_wconf 85' lang='lat' dir='ltr'><strong>clarus</strong></span> <span class='ocrx_word' id='word_1_227' title='bbox 566 3121 732 3189; x_wconf 85' lang='lat' dir='ltr'><strong>Nicephorus</strong></span> <span class='ocrx_word' id='word_1_228' title='bbox 760 3123 887 3204; x_wconf 80' lang='lat' dir='ltr'><strong>magister</strong></span> <span class='ocrx_word' id='word_1_229' title='bbox 905 3122 1060 3176; x_wconf 88' lang='lat' dir='ltr'><strong>Botuniates</strong></span> <span class='ocrx_word' id='word_1_230' title='bbox 1089 3139 1103 3173; x_wconf 90' lang='lat' dir='ltr'><strong>e</strong></span> <span class='ocrx_word' id='word_1_231' title='bbox 1127 3141 1229 3192; x_wconf 81' lang='lat' dir='ltr'>genere</span> <span class='ocrx_word' id='word_1_232' title='bbox 1248 3126 1345 3178; x_wconf 83' lang='lat' dir='ltr'><strong>habens</strong></span> 
     </span>
     <span class='ocr_line' id='line_1_29' title="bbox 254 3190 1029 3261; baseline 0 -15"><span class='ocrx_word' id='word_1_233' title='bbox 254 3195 351 3250; x_wconf 88' lang='lat' dir='ltr'><strong>illustri</strong></span> <span class='ocrx_word' id='word_1_234' title='bbox 371 3193 540 3261; x_wconf 77' lang='lat' dir='ltr'><strong>splendorem</strong></span> <span class='ocrx_word' id='word_1_235' title='bbox 560 3201 587 3244; x_wconf 90' lang='lat' dir='ltr'><strong>et</strong></span> <span class='ocrx_word' id='word_1_236' title='bbox 605 3190 744 3260; x_wconf 81' lang='lat' dir='ltr'><strong>gloriam</strong></span> <span class='ocrx_word' id='word_1_237' title='bbox 737 3193 843 3258; x_wconf 83' lang='lat' dir='ltr'><strong>imperii</strong></span> <span class='ocrx_word' id='word_1_238' title='bbox 862 3201 889 3243; x_wconf 89' lang='lat' dir='ltr'><strong>et</strong></span> <span class='ocrx_word' id='word_1_239' title='bbox 914 3194 1029 3246; x_wconf 84' lang='lat' dir='ltr'><strong>virtutis</strong></span> 
     </span>
    </p>

    <p class='ocr_par' dir='ltr' id='par_1_5' title="bbox 253 3263 1439 3900">
     <span class='ocr_line' id='line_1_30' title="bbox 352 3263 1345 3332; baseline 0.005 -18"><span class='ocrx_word' id='word_1_240' title='bbox 352 3263 462 3314; x_wconf 90' lang='lat' dir='ltr'><strong>Postero</strong></span> <span class='ocrx_word' id='word_1_241' title='bbox 483 3272 570 3314; x_wconf 86' lang='lat' dir='ltr'><strong>autem</strong></span> <span class='ocrx_word' id='word_1_242' title='bbox 590 3263 632 3314; x_wconf 91' lang='lat' dir='ltr'><strong>die</strong></span> <span class='ocrx_word' id='word_1_243' title='bbox 651 3264 723 3314; x_wconf 83' lang='lat' dir='ltr'><strong>uires</strong></span> <span class='ocrx_word' id='word_1_244' title='bbox 742 3263 877 3328; x_wconf 86' lang='lat' dir='ltr'><strong>recipiens</strong></span> <span class='ocrx_word' id='word_1_245' title='bbox 897 3263 924 3312; x_wconf 89' lang='lat' dir='ltr'><strong>in</strong></span> <span class='ocrx_word' id='word_1_246' title='bbox 934 3265 997 3325; x_wconf 62' lang='lat' dir='ltr'><strong>xia,</strong></span> <span class='ocrx_word' id='word_1_247' title='bbox 1017 3280 1085 3332; x_wconf 90' lang='lat' dir='ltr'><strong>quae</strong></span> <span class='ocrx_word' id='word_1_248' title='bbox 1103 3266 1136 3316; x_wconf 91' lang='lat' dir='ltr'><strong>ad</strong></span> <span class='ocrx_word' id='word_1_249' title='bbox 1155 3266 1255 3331; x_wconf 83' lang='lat' dir='ltr'><strong>regiam</strong></span> <span class='ocrx_word' id='word_1_250' title='bbox 1275 3269 1345 3319; x_wconf 86' lang='lat' dir='ltr'><strong>iere-</strong></span> 
     </span>
     <span class='ocr_line' id='line_1_31' title="bbox 254 3329 1347 3400; baseline 0.004 -14"><span class='ocrx_word' id='word_1_251' title='bbox 254 3335 306 3396; x_wconf 82' lang='lat' dir='ltr'><strong>bat,</strong></span> <span class='ocrx_word' id='word_1_252' title='bbox 326 3335 365 3384; x_wconf 87' lang='lat' dir='ltr'><strong>irc</strong></span> <span class='ocrx_word' id='word_1_253' title='bbox 386 3334 491 3399; x_wconf 88' lang='lat' dir='ltr'><strong>coepit·</strong></span> <span class='ocrx_word' id='word_1_254' title='bbox 513 3343 538 3385; x_wconf 87' lang='lat' dir='ltr'><strong>et</strong></span> <span class='ocrx_word' id='word_1_255' title='bbox 558 3341 696 3400; x_wconf 88' lang='lat' dir='ltr'><strong>antequam</strong></span> <span class='ocrx_word' id='word_1_256' title='bbox 712 3329 810 3384; x_wconf 89' lang='lat' dir='ltr'><strong>linibus</strong></span> <span class='ocrx_word' id='word_1_257' title='bbox 830 3334 1055 3400; x_wconf 72' lang='lat' dir='ltr'><strong>appropinquaret</strong></span> <span class='ocrx_word' id='word_1_258' title='bbox 1073 3335 1155 3398; x_wconf 85' lang='lat' dir='ltr'><strong>urbis,</strong></span> <span class='ocrx_word' id='word_1_259' title='bbox 1174 3335 1347 3390; x_wconf 86' lang='lat' dir='ltr'><strong>consiliuma</strong></span> 
     </span>
     <span class='ocr_line' id='line_1_32' title="bbox 254 3369 1403 3486; baseline 0.004 -30"><span class='ocrx_word' id='word_1_260' title='bbox 254 3369 407 3486; x_wconf 74' lang='lat' dir='ltr'><strong>quiliusdam</strong></span> <span class='ocrx_word' id='word_1_261' title='bbox 422 3403 617 3470; x_wconf 83' lang='lat' dir='ltr'><strong>magistratibus</strong></span> <span class='ocrx_word' id='word_1_262' title='bbox 630 3412 825 3471; x_wconf 84' lang='lat' dir='ltr'><strong>contraregem</strong></span> <span class='ocrx_word' id='word_1_263' title='bbox 836 3403 1067 3471; x_wconf 76' lang='lat' dir='ltr'><strong>Constantinopoli</strong></span> <span class='ocrx_word' id='word_1_264' title='bbox 1078 3404 1251 3473; x_wconf 82' lang='lat' dir='ltr'><strong>iungebatur:</strong></span> <span class='ocrx_word' id='word_1_265' title='bbox 1262 3416 1346 3460; x_wconf 87' lang='lat' dir='ltr'><strong>utrum</strong></span> <span class='ocrx_word' id='word_1_266' title='bbox 1398 3430 1403 3436; x_wconf 92' lang='lat'>·</span> 
     </span>
     <span class='ocr_line' id='line_1_33' title="bbox 253 3475 1439 3545; baseline 0.004 -19"><span class='ocrx_word' id='word_1_267' title='bbox 253 3481 340 3526; x_wconf 88' lang='lat' dir='ltr'><strong>autem</strong></span> <span class='ocrx_word' id='word_1_268' title='bbox 361 3475 439 3524; x_wconf 86' lang='lat' dir='ltr'><strong>ctiam</strong></span> <span class='ocrx_word' id='word_1_269' title='bbox 459 3475 580 3541; x_wconf 83' lang='lat' dir='ltr'><strong>pontifex</strong></span> <span class='ocrx_word' id='word_1_270' title='bbox 605 3476 731 3525; x_wconf 88' lang='lat' dir='ltr'><strong>maximus</strong></span> <span class='ocrx_word' id='word_1_271' title='bbox 753 3483 780 3524; x_wconf 89' lang='lat' dir='ltr'><strong>et</strong></span> <span class='ocrx_word' id='word_1_272' title='bbox 799 3475 951 3540; x_wconf 87' lang='lat' dir='ltr'><strong>patriarcba</strong></span> <span class='ocrx_word' id='word_1_273' title='bbox 969 3476 1122 3529; x_wconf 86' lang='lat' dir='ltr'><strong>Kerularius</strong></span> <span class='ocrx_word' id='word_1_274' title='bbox 1148 3493 1206 3527; x_wconf 89' lang='lat' dir='ltr'><strong>cnm</strong></span> <span class='ocrx_word' id='word_1_275' title='bbox 1225 3477 1267 3529; x_wconf 87' lang='lat' dir='ltr'><strong>bis</strong></span> <span class='ocrx_word' id='word_1_276' title='bbox 1285 3496 1344 3545; x_wconf 90' lang='lat' dir='ltr'><strong>par.</strong></span> <span class='ocrx_word' id='word_1_277' title='bbox 1436 3489 1439 3494; x_wconf 84' lang='grc'><em>“</em></span> 
     </span>
     <span class='ocr_line' id='line_1_34' title="bbox 253 3545 1344 3616; baseline 0.004 -19"><span class='ocrx_word' id='word_1_278' title='bbox 253 3545 338 3612; x_wconf 82' lang='lat' dir='ltr'><strong>ticeps</strong></span> <span class='ocrx_word' id='word_1_279' title='bbox 358 3545 570 3610; x_wconf 85' lang='lat' dir='ltr'><strong>iucritconsilii,</strong></span> <span class='ocrx_word' id='word_1_280' title='bbox 589 3561 685 3609; x_wconf 89' lang='lat' dir='ltr'><strong>neone,</strong></span> <span class='ocrx_word' id='word_1_281' title='bbox 703 3545 834 3596; x_wconf 89' lang='lat' dir='ltr'><strong>incertum</strong></span> <span class='ocrx_word' id='word_1_282' title='bbox 852 3545 976 3614; x_wconf 86' lang='lat' dir='ltr'><strong>nihilque</strong></span> <span class='ocrx_word' id='word_1_283' title='bbox 996 3546 1110 3599; x_wconf 83' lang='lat' dir='ltr'><strong>clarum:</strong></span> <span class='ocrx_word' id='word_1_284' title='bbox 1130 3558 1217 3602; x_wconf 86' lang='lat' dir='ltr'><strong>tamen</strong></span> <span class='ocrx_word' id='word_1_285' title='bbox 1236 3566 1270 3600; x_wconf 87' lang='lat' dir='ltr'><strong>ex</strong></span> <span class='ocrx_word' id='word_1_286' title='bbox 1287 3553 1344 3616; x_wconf 84' lang='lat' dir='ltr'><strong>opi.-</strong></span> 
     </span>
     <span class='ocr_line' id='line_1_35' title="bbox 253 3616 1345 3688; baseline 0.003 -19"><span class='ocrx_word' id='word_1_287' title='bbox 253 3616 377 3670; x_wconf 88' lang='lat' dir='ltr'><strong>nionibus</strong></span> <span class='ocrx_word' id='word_1_288' title='bbox 404 3623 430 3668; x_wconf 89' lang='lat' dir='ltr'><strong>ot</strong></span> <span class='ocrx_word' id='word_1_289' title='bbox 458 3633 490 3669; x_wconf 88' lang='lat' dir='ltr'><strong>cx</strong></span> <span class='ocrx_word' id='word_1_290' title='bbox 518 3617 551 3668; x_wconf 89' lang='lat' dir='ltr'><strong>iis</strong></span> <span class='ocrx_word' id='word_1_291' title='bbox 577 3633 644 3686; x_wconf 89' lang='lat' dir='ltr'><strong>quae</strong></span> <span class='ocrx_word' id='word_1_292' title='bbox 669 3625 730 3683; x_wconf 88' lang='lat' dir='ltr'><strong>post</strong></span> <span class='ocrx_word' id='word_1_293' title='bbox 758 3617 824 3668; x_wconf 81' lang='lat' dir='ltr'><strong>liaeo</strong></span> <span class='ocrx_word' id='word_1_294' title='bbox 853 3618 1015 3683; x_wconf 86' lang='lat' dir='ltr'><strong>acciderunt,</strong></span> <span class='ocrx_word' id='word_1_295' title='bbox 1041 3622 1158 3688; x_wconf 88' lang='lat' dir='ltr'><strong>suspicio</strong></span> <span class='ocrx_word' id='word_1_296' title='bbox 1178 3622 1210 3672; x_wconf 90' lang='lat' dir='ltr'><strong>ad</strong></span> <span class='ocrx_word' id='word_1_297' title='bbox 1228 3623 1345 3672; x_wconf 85' lang='lat' dir='ltr'><strong>veritatis</strong></span> 
     </span>
     <span class='ocr_line' id='line_1_36' title="bbox 254 3687 1344 3758; baseline 0.002 -18"><span class='ocrx_word' id='word_1_298' title='bbox 254 3689 381 3758; x_wconf 82' lang='lat' dir='ltr'><strong>quandam</strong></span> <span class='ocrx_word' id='word_1_299' title='bbox 407 3687 544 3742; x_wconf 88' lang='lat' dir='ltr'><strong>obscuram</strong></span> <span class='ocrx_word' id='word_1_300' title='bbox 570 3703 712 3758; x_wconf 79' lang='lat' dir='ltr'><strong>progressa</strong></span> <span class='ocrx_word' id='word_1_301' title='bbox 737 3698 778 3742; x_wconf 87' lang='lat' dir='ltr'><strong>est</strong></span> <span class='ocrx_word' id='word_1_302' title='bbox 805 3691 1043 3758; x_wconf 78' lang='lat' dir='ltr'><strong>significationem:</strong></span> <span class='ocrx_word' id='word_1_303' title='bbox 1069 3694 1165 3743; x_wconf 86' lang='lat' dir='ltr'><strong>etenim</strong></span> <span class='ocrx_word' id='word_1_304' title='bbox 1192 3709 1250 3744; x_wconf 92' lang='lat' dir='ltr'><strong>cum</strong></span> <span class='ocrx_word' id='word_1_305' title='bbox 1268 3693 1344 3746; x_wconf 83' lang='lat' dir='ltr'><strong>Com-</strong></span> 
     </span>
     <span class='ocr_line' id='line_1_37' title="bbox 254 3761 1343 3832; baseline 0.001 -19"><span class='ocrx_word' id='word_1_306' title='bbox 254 3775 323 3814; x_wconf 84' lang='lat' dir='ltr'><strong>nono</strong></span> <span class='ocrx_word' id='word_1_307' title='bbox 343 3761 430 3812; x_wconf 81' lang='lat' dir='ltr'><strong>omnia</strong></span> <span class='ocrx_word' id='word_1_308' title='bbox 449 3761 580 3814; x_wconf 77' lang='lat' dir='ltr'><strong>tolerabat</strong></span> <span class='ocrx_word' id='word_1_309' title='bbox 600 3769 626 3812; x_wconf 85' lang='lat' dir='ltr'><strong>et</strong></span> <span class='ocrx_word' id='word_1_310' title='bbox 644 3762 777 3828; x_wconf 80' lang='lat' dir='ltr'><strong>particeps</strong></span> <span class='ocrx_word' id='word_1_311' title='bbox 797 3763 875 3813; x_wconf 88' lang='lat' dir='ltr'><strong>etiam</strong></span> <span class='ocrx_word' id='word_1_312' title='bbox 901 3762 977 3827; x_wconf 89' lang='lat' dir='ltr'><strong>primi</strong></span> <span class='ocrx_word' id='word_1_313' title='bbox 998 3763 1103 3815; x_wconf 88' lang='lat' dir='ltr'><strong>consilii</strong></span> <span class='ocrx_word' id='word_1_314' title='bbox 1123 3765 1343 3832; x_wconf 85' lang='lat' dir='ltr'><strong>cognoscebatur,</strong></span> 
     </span>
     <span class='ocr_line' id='line_1_38' title="bbox 254 3833 1343 3900; baseline 0.005 -19"><span class='ocrx_word' id='word_1_315' title='bbox 254 3840 282 3884; x_wconf 88' lang='lat' dir='ltr'><strong>ut</strong></span> <span class='ocrx_word' id='word_1_316' title='bbox 309 3833 386 3882; x_wconf 86' lang='lat' dir='ltr'><strong>etiam</strong></span> <span class='ocrx_word' id='word_1_317' title='bbox 412 3833 543 3886; x_wconf 79' lang='lat' dir='ltr'><strong>amicitiae</strong></span> <span class='ocrx_word' id='word_1_318' title='bbox 570 3842 595 3886; x_wconf 87' lang='lat' dir='ltr'><strong>ct</strong></span> <span class='ocrx_word' id='word_1_319' title='bbox 620 3833 743 3900; x_wconf 79' lang='lat' dir='ltr'><strong>dignitati</strong></span> <span class='ocrx_word' id='word_1_320' title='bbox 769 3843 795 3883; x_wconf 90' lang='lat' dir='ltr'><strong>et</strong></span> <span class='ocrx_word' id='word_1_321' title='bbox 813 3834 935 3886; x_wconf 84' lang='lat' dir='ltr'><strong>affinitati</strong></span> <span class='ocrx_word' id='word_1_322' title='bbox 961 3835 1095 3898; x_wconf 78' lang='lat' dir='ltr'><strong>proximus</strong></span> <span class='ocrx_word' id='word_1_323' title='bbox 1115 3837 1257 3887; x_wconf 86' lang='lat' dir='ltr'><strong>vestiarius</strong></span> <span class='ocrx_word' id='word_1_324' title='bbox 1276 3835 1343 3888; x_wconf 82' lang='lat' dir='ltr'><strong>Gon-</strong></span> 
     </span>
    </p>

    <p class='ocr_par' dir='ltr' id='par_1_6' title="bbox 133 3903 1343 4115">
     <span class='ocr_line' id='line_1_39' title="bbox 133 3903 1342 3972; baseline 0.003 -20"><span class='ocrx_word' id='word_1_325' title='bbox 133 3948 139 3959; x_wconf 80' lang='lat'>,</span> <span class='ocrx_word' id='word_1_326' title='bbox 253 3903 393 3954; x_wconf 77' lang='lat' dir='ltr'><strong>staulinus</strong></span> <span class='ocrx_word' id='word_1_327' title='bbox 404 3903 490 3954; x_wconf 85' lang='lat' dir='ltr'><strong>Duces</strong></span> <span class='ocrx_word' id='word_1_328' title='bbox 515 3905 602 3970; x_wconf 86' lang='lat' dir='ltr'><strong>neptis</strong></span> <span class='ocrx_word' id='word_1_329' title='bbox 622 3903 788 3972; x_wconf 83' lang='lat' dir='ltr'><strong>patriarchae</strong></span> <span class='ocrx_word' id='word_1_330' title='bbox 808 3906 906 3956; x_wconf 83' lang='lat' dir='ltr'><strong>coniux</strong></span> <span class='ocrx_word' id='word_1_331' title='bbox 925 3904 1027 3968; x_wconf 81' lang='lat' dir='ltr'><strong>iactus,</strong></span> <span class='ocrx_word' id='word_1_332' title='bbox 1048 3914 1074 3956; x_wconf 88' lang='lat' dir='ltr'><strong>ct</strong></span> <span class='ocrx_word' id='word_1_333' title='bbox 1101 3907 1208 3957; x_wconf 89' lang='lat' dir='ltr'><strong>multam</strong></span> <span class='ocrx_word' id='word_1_334' title='bbox 1227 3907 1342 3958; x_wconf 85' lang='lat' dir='ltr'><strong>benevo-</strong></span> 
     </span>
     <span class='ocr_line' id='line_1_40' title="bbox 254 3971 1343 4058; baseline 0.004 -36"><span class='ocrx_word' id='word_1_335' title='bbox 254 3971 362 4022; x_wconf 85' lang='lat' dir='ltr'><strong>lentiam</strong></span> <span class='ocrx_word' id='word_1_336' title='bbox 390 3973 502 4026; x_wconf 85' lang='lat' dir='ltr'><strong>reddens</strong></span> <span class='ocrx_word' id='word_1_337' title='bbox 531 3983 558 4026; x_wconf 88' lang='lat' dir='ltr'><strong>et</strong></span> <span class='ocrx_word' id='word_1_338' title='bbox 584 3975 719 4058; x_wconf 85' lang='lat' dir='ltr'><strong>accipiens</strong></span> <span class='ocrx_word' id='word_1_339' title='bbox 747 3975 825 4024; x_wconf 85' lang='lat' dir='ltr'><strong>inde:</strong></span> <span class='ocrx_word' id='word_1_340' title='bbox 851 3975 948 4026; x_wconf 82' lang='lat' dir='ltr'><strong>deinde</strong></span> <span class='ocrx_word' id='word_1_341' title='bbox 968 3990 1026 4026; x_wconf 89' lang='lat' dir='ltr'><strong>cum</strong></span> <span class='ocrx_word' id='word_1_342' title='bbox 1045 3978 1191 4028; x_wconf 90' lang='lat' dir='ltr'><strong>institutum</strong></span> <span class='ocrx_word' id='word_1_343' title='bbox 1210 3978 1343 4030; x_wconf 86' lang='lat' dir='ltr'><strong>consilium</strong></span> 
     </span>
     <span class='ocr_line' id='line_1_41' title="bbox 254 4041 1342 4118; baseline 0.006 -26"><span class='ocrx_word' id='word_1_344' title='bbox 254 4041 409 4095; x_wconf 82' lang='lat' dir='ltr'><strong>slisaolutuut</strong></span> <span class='ocrx_word' id='word_1_345' title='bbox 435 4051 520 4106; x_wconf 86' lang='lat' dir='ltr'><strong>esset,</strong></span> <span class='ocrx_word' id='word_1_346' title='bbox 541 4045 654 4113; x_wconf 75' lang='lat' dir='ltr'><strong>ingressi</strong></span> <span class='ocrx_word' id='word_1_347' title='bbox 679 4053 740 4096; x_wconf 89' lang='lat' dir='ltr'><strong>sunt</strong></span> <span class='ocrx_word' id='word_1_348' title='bbox 769 4059 861 4095; x_wconf 87' lang='lat' dir='ltr'><strong>ornnes</strong></span> <span class='ocrx_word' id='word_1_349' title='bbox 888 4046 946 4095; x_wconf 89' lang='lat' dir='ltr'><strong>eius</strong></span> <span class='ocrx_word' id='word_1_350' title='bbox 965 4056 1110 4118; x_wconf 82' lang='lat' dir='ltr'><strong>auctores,</strong></span> <span class='ocrx_word' id='word_1_351' title='bbox 1129 4057 1158 4098; x_wconf 90' lang='lat' dir='ltr'><strong>ut</strong></span> <span class='ocrx_word' id='word_1_352' title='bbox 1184 4051 1262 4099; x_wconf 88' lang='lat' dir='ltr'><strong>etiam</strong></span> <span class='ocrx_word' id='word_1_353' title='bbox 1287 4065 1342 4115; x_wconf 84' lang='lat' dir='ltr'><strong>par-</strong></span> 
     </span>
    </p>

    <p class='ocr_par' dir='ltr' id='par_1_7' title="bbox 218 4088 1341 4256">
     <span class='ocr_line' id='line_1_42' title="bbox 218 4088 1341 4188; baseline 0.004 -24"><span class='ocrx_word' id='word_1_354' title='bbox 218 4167 226 4188; x_wconf 51' lang='grc'><strong><em>,</em></strong></span> <span class='ocrx_word' id='word_1_355' title='bbox 254 4113 349 4180; x_wconf 78' lang='lat' dir='ltr'><strong>ticipes</strong></span> <span class='ocrx_word' id='word_1_356' title='bbox 375 4114 431 4164; x_wconf 87' lang='lat' dir='ltr'><strong>eius</strong></span> <span class='ocrx_word' id='word_1_357' title='bbox 458 4114 511 4164; x_wconf 88' lang='lat' dir='ltr'><strong>iu</strong></span> <span class='ocrx_word' id='word_1_358' title='bbox 558 4123 612 4168; x_wconf 84' lang='lat' dir='ltr'><strong>.ot</strong></span> <span class='ocrx_word' id='word_1_359' title='bbox 637 4117 776 4166; x_wconf 72' lang='lat' dir='ltr'><strong>musinium</strong></span> <span class='ocrx_word' id='word_1_360' title='bbox 803 4115 893 4165; x_wconf 87' lang='lat' dir='ltr'><strong>lanum</strong></span> <span class='ocrx_word' id='word_1_361' title='bbox 911 4088 1023 4184; x_wconf 70' lang='lat' dir='ltr'><strong>irrag&#39;nae</strong></span> <span class='ocrx_word' id='word_1_362' title='bbox 1048 4119 1091 4168; x_wconf 86' lang='lat' dir='ltr'><strong>dei</strong></span> <span class='ocrx_word' id='word_1_363' title='bbox 1105 4120 1265 4184; x_wconf 77' lang='lat' dir='ltr'><strong>sapientiae,</strong></span> <span class='ocrx_word' id='word_1_364' title='bbox 1285 4135 1341 4170; x_wconf 84' lang='lat' dir='ltr'><strong>cao-</strong></span> 
     </span>
     <span class='ocr_line' id='line_1_43' title="bbox 254 4149 1341 4256; baseline 0.004 -18"><span class='ocrx_word' id='word_1_365' title='bbox 254 4200 307 4238; x_wconf 87' lang='lat' dir='ltr'><strong>sam</strong></span> <span class='ocrx_word' id='word_1_366' title='bbox 339 4183 496 4249; x_wconf 77' lang='lat' dir='ltr'><strong>afferentes,</strong></span> <span class='ocrx_word' id='word_1_367' title='bbox 528 4149 597 4254; x_wconf 66' lang='lat' dir='ltr'><strong>{plot</strong></span> <span class='ocrx_word' id='word_1_368' title='bbox 630 4201 678 4238; x_wconf 88' lang='lat' dir='ltr'><strong>rex</strong></span> <span class='ocrx_word' id='word_1_369' title='bbox 709 4194 785 4254; x_wconf 90' lang='lat' dir='ltr'><strong>pacta</strong></span> <span class='ocrx_word' id='word_1_370' title='bbox 817 4202 864 4238; x_wconf 89' lang='lat' dir='ltr'><strong>sua</strong></span> <span class='ocrx_word' id='word_1_371' title='bbox 895 4187 1036 4252; x_wconf 87' lang='lat' dir='ltr'><strong>proderet,</strong></span> <span class='ocrx_word' id='word_1_372' title='bbox 1068 4205 1127 4239; x_wconf 81' lang='lat' dir='ltr'><strong>cunr</strong></span> <span class='ocrx_word' id='word_1_373' title='bbox 1158 4189 1273 4256; x_wconf 84' lang='lat' dir='ltr'><strong>polliciti</strong></span> <span class='ocrx_word' id='word_1_374' title='bbox 1302 4205 1341 4241; x_wconf 79' lang='lat' dir='ltr'><strong>cs-</strong></span> 
     </span>
    </p>
   </div>
   <div class='ocr_carea' id='block_1_5' title="bbox 0 0 1523 4892">
    <p class='ocr_par' dir='ltr' id='par_1_8' title="bbox 0 0 1523 4892">
     <span class='ocr_line' id='line_1_44' title="bbox 0 0 1523 4892; baseline 0 0"><span class='ocrx_word' id='word_1_375' title='bbox 0 0 1523 4892; x_wconf 95' lang='lat' dir='ltr'><strong> </strong></span> 
     </span>
    </p>
   </div>
  </div>
 </body>
</html>
