3017 4892
558 312 766 386 fflswunt.
1159 309 1234 383 285

105 477 225 556 χεῖρα
250 464 364 537 τούτου
385 472 512 560 πολέμῳ
535 477 749 562 κραταιοτέριρ
772 477 959 559 πεποίηκεν,
980 468 1074 542 ου’δέν
1094 479 1153 540 τοῦ
1171 481 1237 558 βα·

108 574 244 648 σιλέιος
267 570 421 656 πρότερον
440 572 544 640 δεινόν
559 577 623 638 κατ’
648 574 750 639 oritoni
774 573 1002 660 μελετήσαντος
1025 576 1080 644 καί
1101 580 1156 661 τῆς
1177 577 1237 642 τού

110 664 157 736 εὖ
192 675 252 758 ζῆν
281 677 387 763 ἐκείνῳ
426 677 576 762 α’φορμῆς
603 675 657 740 καί
684 680 845 760 σωτηρίας
878 676 1121 763 φθονήσαντος,
1152 677 1267 746 datii·
1284 682 1372 738 2³0¹·

112 774 425 860 προκαταλαβόντος
452 774 509 860 τήν
541 779 660 842 ἐκείνου
696 778 875 862 θηριωδίαν
906 781 1156 870 φιλανθρωπίᾳ,
1179 781 1236 846 καί

78 878 279 960 5πρέσβεις
307 879 529 958 ἐκπέμψαντος
558 876 615 960 τήν
638 874 765 962 εἰρήνην
794 880 1118 963 διακηρυκευομένους
1138 879 1236 967 αύτῷ,

116 979 183 1042 καί
216 976 422 1062 ἀντάλλαγμα
450 977 566 1063 ταύτης
594 976 650 1062 τήν
681 981 847 1063 Καίσαρος
878 974 979 1062 τύχην
1004 983 1235 1066 προφέροντας,

117 1079 180 1144 ἵνα
215 1077 263 1162 μή
292 1074 328 1143 τύ
362 1080 470 1162 σχῆμα
501 1082 562 1144 roda
597 1081 733 1145 πεδιλων
773 1080 829 1142 καί
856 1078 911 1161 τῆς
943 1070 1039 1164 ἄλλης
1067 1085 1237 1164 περιβολῆς
1338 1065 1346 1075 ’

119 1177 310 1263 ἐναλλαγήν
332 1204 403 1244 τινα
423 1181 559 1265 δέξηται.
603 1182 759 1264 ἐπεκύρου
785 1182 820 1276 δέ
844 1178 960 1245 τούτου
987 1183 1043 1245 καί
1063 1180 1121 1257 τὰς
1139 1178 1236 1263 τιμύς

121 1277 164 1358 ἃς
189 1279 268 1358 τούς
290 1285 530 1365 συναραμένους
553 1279 640 1372 ariani
650 1287 805 1369 τετίμηκε,
825 1280 881 1346 καί
901 1285 1078 1367 α’μνηστίον
1097 1286 1160 1350 τοῖν
1179 1307 1238 1348 πε·
1289 1333 1326 1366 ,,

69 1386 112 1440 10
122 1385 323 1465 πραγμένοον
344 1385 448 1446 κακῶν
470 1390 698 1467 περιεποιεῖτο,
725 1387 780 1447 καί
808 1387 871 1447 ποῖν
891 1384 1037 1465 θυμῆρες
1058 1383 1143 1468 αύτῷ
1165 1386 1238 1448 δια.

122 1481 317 1566 πράξασθαι
340 1487 591 1566 καθυπισχνυῖτο
616 1481 632 1546 d
653 1479 815 1565 βασιλεύς.
859 1482 931 1546 ὅδὲ
953 1475 1100 1564 ἄτεγκτος
1120 1476 1159 1565 ῆν
1181 1485 1237 1548 κατ’

124 1580 301 1667 σι’τεράμοτν
319 1586 374 1646 καί
396 1582 621 1667 ὑπερήφανος,
649 1586 702 1646 καί
725 1585 782 1664 τῆς
801 1583 967 1663 βασιλείας
985 1578 1030 1664 μή
1051 1580 1239 1666 α’φιοτοὶμτ-

124 1705 181 1758 νος
213 1685 334 1756 πολλὰς
365 1679 498 1756 οἷπειλοὶς
530 1681 585 1746 καί
615 1680 847 1768 θυμοφθόροος
873 1678 1040 1757 έπιστολύς
1075 1682 1240 1772 ἀντεπῆγε,

128 1781 187 1845 καί
207 1785 446 1866 Χριστιανικοίς
461 1780 575 1864 αἵμασι
597 1781 774 1866 κρῖναιτήν
795 1782 1034 1868 α’μφισβήτησιν
1053 1775 1161 1866 ήθελε,
1182 1787 1237 1850 καί

81 1892 119 1944 15
128 1887 246 1966 σαρξίν
270 1883 487 1968 οἷνθροιπίναις
505 1885 620 1965 κόσμον
643 1881 746 1972 ἑαυτῷ
766 1887 970 1969 περιποιῆσαι
990 1883 1163 1966 βασίλειον,
1182 1882 1238 1950 καί

130 1987 241 2049 πᾶσαν
262 1981 318 2068 τήν
337 1988 439 2048 κτίσιν
459 1988 663 2068 περιδονῆσαι
689 1980 708 2069 ἢ
730 1984 876 2071 δεύτερος
902 1989 1041 2072 φανῆναι
1068 1989 1128 2052 τού
1145 1987 1237 2070 τύγε-

132 2083 288 2150 νεστύτου
310 2088 466 2165 βασιλέως
489 2083 544 2154 καί
561 2084 783 2169 γενναιοτάτου
804 2087 908 2173 ᾑρεῖτο
925 2087 979 2152 καὶ
998 2083 1236 2170 διεσπούδαζεν,

132 2179 215 2250 ὅπλα
238 2187 293 2250 καί
311 2180 419 2266 μάχας
441 2185 646 2269 stirpandas,
670 2190 725 2254 κατ’
745 2195 812 2262 τοῖς
831 2185 973 2262 πολίταις
992 2187 1134 2269 χαλεπὰς
1153 2185 1238 2250 oino-

133 2283 361 2366 ταμιευύμενος
376 2282 523 2367 οἷμοιβάς,
545 2290 600 2350 καί
611 2282 697 2352 ὅπου
717 2286 898 2371 α’νατρέψαι
912 2285 946 2350 ab
958 2283 1137 2368 Ῥωμαϊκὸν
1155 2291 1237 2371 βαρ-

89 2390 274 2470 Ωθβαρικαῖς
296 2386 513 2470 λογιζόμενος·
538 2387 587 2452 διὸ
611 2387 666 2452 καί
686 2386 781 2455 ποὶλιν
807 2388 1053 2474 ύγαληνύτατος
1075 2384 1239 2471 βασιλεύς,

106 2491 189 2590 ’καί
209 2481 305 2564 ὅντως
335 2489 486 2574 μαθητής
520 2493 578 2555 τοῦ
612 2488 669 2574 τήν
692 2485 818 2576 εἰρήνην
839 2490 1053 2574 βραβεύοντος
1079 2493 1238 2571 βασιλέως

137 2587 190 2652 καί
205 2592 374 2669 βασιλεῦσι
394 2589 429 2654 τό
444 2586 558 2674 κρίτος
579 2595 784 2674 παρέχοντος,
807 2592 958 2672 δευτέραν
977 2591 1149 2674 πρεσβείαν
1169 2585 1241 2666 έλξέ-ἱ

138 2702 254 2769 πέμψε,
277 2692 442 2775 παραινοῦν
474 2689 561 2778 αὐτῷ
589 2690 626 2754 τὸ
656 2693 824 2775 συμφέρον
855 2691 1024 2776 φρονῆσαι.
1068 2687 1121 2755 καί
1136 2688 1237 2775 μήέξ

144 2997 204 3050 dere
222 2995 423 3063 sustinebatin
442 3012 546 3050 manum
565 2999 643 3052 huius
671 2997 746 3050 bello
766 2996 930 3050 violentiore
948 2995 1071 3065 redegit,
1088 3010 1147 3047 cum
1166 2991 1237 3049 nihii

145 3083 191 3120 rex
209 3078 285 3122 autea
317 3070 430 3122 immane
450 3073 477 3122 in
503 3087 562 3123 eum
580 3071 720 3123 meditatus
740 3077 813 3122 esset
836 3069 881 3121 vel
901 3067 995 3120 beatae
1017 3069 1090 3120 vitae
1110 3067 1135 3118 ei
1154 3082 1236 3120 ocea-
1301 3081 1304 3087 ·

145 3141 240 3194 sionem
262 3148 288 3193 et
306 3141 419 3194 salutem
440 3143 590 3207 invidisset,
610 3143 656 3195 sed
674 3142 869 3209 praevertisset
886 3139 960 3192 iliius
977 3139 1164 3190 immanitatem
1183 3138 1237 3190 bu.

144 3215 282 3278 munitate,
312 3222 338 3265 et
363 3214 466 3283 legatos
493 3216 609 3267 misisset
627 3229 718 3281 pacem
741 3215 909 3265 nuntiaturos
936 3212 961 3262 ei
981 3219 1008 3262 et
1024 3209 1138 3277 pretium
1157 3209 1237 3262 buius

146 3283 269 3338 fortunam
281 3285 403 3338 Caesaris
421 3295 612 3352 proponentes,
630 3302 665 3338 ue
677 3285 795 3336 habiturn·
810 3284 961 3337 calceorum
971 3288 1006 3334 et
1025 3283 1109 3334 ceteri
1125 3282 1238 3334 ainictu·

85 3369 93 3380 “
145 3359 310 3408 mutationem
332 3357 413 3408 ullam
438 3360 593 3425 acciperet:
623 3356 795 3409 confirmabat
812 3363 900 3407 autem
917 3354 994 3406 huius
1013 3354 1091 3405 etiam
1109 3351 1237 3417 bonores,

148 3427 234 3492 quibus
253 3426 342 3478 socios
360 3443 423 3478 suos
442 3428 629 3492 honoraverat,
650 3436 677 3480 et
694 3428 858 3480 oblivionem
874 3427 1004 3485 factorum
1022 3424 1153 3476 maloram
1170 3439 1239 3490 pro.

147 3497 265 3562 ponebat,
286 3503 312 3546 et
331 3495 419 3548 omnia
437 3507 512 3566 grata
531 3515 560 3550 se
587 3500 612 3549 ei
631 3498 811 3565 perfecturum
836 3497 1008 3565 promittebat
1023 3512 1080 3548 rex.
1118 3495 1168 3547 ille
1187 3511 1238 3547 au.

149 3574 196 3618 tem
212 3566 385 3618 inexorabilis
412 3576 469 3618 erat
489 3577 515 3618 et
543 3570 622 3620 durus
651 3577 686 3618 ot·
703 3569 834 3633 superbus
852 3583 976 3634 nequea
999 3581 1084 3634 regno
1104 3567 1238 3618 desistens

149 3636 235 3690 multas
254 3643 281 3688 et
298 3637 407 3688 acerbas
427 3638 555 3704 epistolas
580 3637 742 3704 opponebat,
761 3647 789 3688 et
809 3638 1020 3691 Christianorum
1039 3639 1169 3704 sanguiue
1187 3637 1238 3688 de-

151 3724 252 3760 cernere
270 3709 480 3761 controversiam
501 3709 625 3773 volebat,
654 3717 681 3760 et
700 3723 781 3760 earne
800 3708 933 3759 hominum
952 3714 1072 3758 ornatum
1092 3708 1142 3759 sibi
1162 3722 1238 3759 eom.

150 3795 235 3848 parare
252 3782 356 3847 regium
376 3788 498 3832 ettotam
517 3780 607 3832 sedeur
627 3796 722 3832 eruere
751 3795 829 3847 quam
848 3778 980 3830 secundus
998 3790 1129 3845 apparere
1148 3778 1181 3830 ab
1199 3778 1239 3830 ild

150 3851 299 3903 lustrissimo
317 3866 383 3918 rege
403 3858 430 3902 et
446 3851 625 3904 nobillissimo
650 3851 766 3902 malebat
784 3849 970 3918 studebatque,
999 3865 1071 3901 arma
1090 3857 1118 3900 et
1135 3863 1237 3918 pugnas

153 3938 235 3974 curans
263 3931 290 3974 et
316 3922 419 3974 civibus
440 3922 566 3976 difficiles
584 3923 732 3975 recondens
759 3936 875 3989 poenas,
896 3929 923 3972 et
940 3923 1095 3973 uuiversum
1113 3929 1237 3974 evertere

152 3993 317 4046 Romanorum
339 3995 477 4060 imperium
496 3993 608 4047 barbare
627 3995 771 4046 meditans:
791 3991 961 4062 quamobrem
981 3993 1059 4046 etiam
1077 4008 1168 4046 rursus
1186 4008 1236 4060 pa.

153 4066 287 4118 attissimus
307 4081 355 4117 rex
374 4075 401 4118 et
428 4081 525 4118 revera
554 4063 700 4133 discipulas
726 4067 810 4134 regis,
829 4066 874 4132 qui
902 4079 995 4131 pacem
1018 4064 1181 4118 administrat
1210 4072 1238 4115 et

153 4137 247 4206 regibus
266 4139 411 4204 potentiam
430 4138 557 4205 praebet,
585 4137 695 4190 alteram
714 4137 877 4206 legationem
894 4136 984 4202 misit,
1003 4137 1146 4190 admoneus
1166 4150 1236 4201 eum,

154 4215 178 4270 ut
194 4209 253 4262 utile
273 4210 406 4279 cogitaret
426 4225 497 4266 uero
517 4210 693 4283 imprudentia
716 4209 853 4262 laberetur
874 4209 903 4261 iu
920 4209 1071 4277 aptissimis.
1110 4214 1168 4262 erat
1184 4221 1236 4260 au·-
