3017 4892
479 523 482 526 Ι
602 421 846 488 cesarano.
1005 421 1009 428 ·
1188 437 1271 505 ,n

174 590 325 663 deduxit
349 591 396 662 ad
422 615 560 664 annum
592 595 696 664 1081.
733 590 850 689 Inque
876 591 947 662 hac
974 591 1084 663 altera
1106 589 1272 663 editione

174 717 309 788 multos
334 717 440 813 locos
471 717 644 788 historiae
671 717 855 788 Michaelis
881 717 1068 788 Attaliatae
1103 717 1275 788 transcri-

174 844 247 940 psit
279 842 324 913 ad
351 843 529 935 verbum,
554 842 665 913 tacito
692 842 851 913 auctoris
862 842 1039 934 nomine,
1051 841 1273 937 resectisque

103 938 112 950 ⁴
176 968 349 1039 omnibus
361 967 404 1037 iis
420 988 514 1063 quae
528 965 573 1038 ad
588 966 733 1039 laudem
744 967 940 1062 Nicephori
953 966 1163 1038 Botaniatae
1175 965 1273 1038 dicta

175 1092 328 1164 fuerant.

113 1195 118 1200 ¹
276 1209 463 1282 Eiusmodi
491 1209 654 1282 fraudem
683 1209 783 1304 apud
818 1211 986 1282 auctores
1020 1206 1133 1280 medii
1169 1207 1274 1299 aeri,

178 1336 292 1406 immo
321 1336 359 1405 in
386 1337 487 1406 omni
516 1337 707 1430 memoria,
737 1361 813 1407 non
839 1335 889 1406 ita
915 1359 1055 1427 raram,
1080 1334 1172 1406 mire
1206 1330 1273 1404 ad·

176 1461 265 1532 iuvit
299 1463 509 1532 continuata
543 1460 718 1556 deinceps
743 1459 876 1532 domus
903 1459 1082 1557 regnatrix
1114 1456 1274 1531 (lomne-

177 1609 320 1655 norum.
384 1584 477 1675 Quis
504 1586 602 1656 enim
628 1598 717 1656 tunc
743 1586 954 1682 inquirebat
979 1583 1027 1655 de
1060 1583 1270 1678 Nicephoro

177 1687 446 1781 Botauiatarel
471 1709 517 1781 de
539 1711 757 1793 bucinatore
789 1708 938 1780 laudum
972 1708 1073 1779 eiusl)
1108 1731 1274 1803 praeser—
1349 1730 1352 1735 ’

175 1835 240 1905 tim
269 1859 384 1930 quum
412 1833 592 1929 Scylitzes,
620 1835 840 1928 Brycnnius,
864 1834 967 1903 Anna
994 1829 1183 1902 Comnena
1212 1855 1274 1902 ea-

176 1958 260 2030 dem
300 1958 524 2028 narraverint
562 1956 607 2027 ad
647 1958 844 2028 maximam
881 1955 1153 2028 Comneno'rum
1194 1957 1274 2053 glo-

177 2083 280 2153 riam.
341 2082 453 2154 Nobis
484 2095 628 2172 tamen,
661 2066 860 2178 quitestes
887 2082 925 2153 in
958 2094 1153 2178 utramque
1188 2107 1274 2177 par-

177 2221 251 2278 tem
278 2206 404 2311 audire
429 2208 607 2303 cupimus,
632 2208 744 2277 satius
756 2205 1026 2278 videtursontes
1042 2208 1140 2304 ipsos
1154 2225 1273 2303 quan-

177 2346 254 2404 tum
284 2332 367 2402 licet
388 2331 503 2424 adire,
513 2323 689 2402 ferventes
716 2331 901 2402 interdum
923 2333 979 2404 vel
990 2356 1269 2431 nonnumquam

174 2455 355 2548 turbidos,
382 2457 515 2553 quibus
535 2469 657 2527 tamen
677 2457 759 2554 plus
787 2457 927 2553 saporis
948 2458 1273 2554 inest-quam-sta-

173 2581 369 2679 guantibus
409 2581 513 2676 aquis
553 2593 615 2651 aut
645 2581 743 2653 varia
786 2575 1029 2657 conrivatione
1067 2571 1272 2678 permixtis:

177 2705 298 2802 qualia
325 2705 398 2775 lere
440 2705 547 2776 nobis
580 2706 762 2801 praebent
789 2702 944 2776 Cedreni
979 2706 1142 2778 Zonarae
1177 2706 1271 2778 alio-

177 2853 333 2925 rumque
368 2828 407 2899 id
439 2853 552 2925 genus
590 2828 959 2925 chronographorum
989 2832 1172 2926 Synopses
1212 2830 1268 2900 rel

174 2954 395 3050 synagogae.

138 3155 150 3169 ·
274 3071 371 3143 Talia
407 3083 581 3169 monente
617 3071 744 3164 llario,
780 3094 901 3142 rerum
936 3070 981 3143 ad
1014 3071 1204 3143 historiam
1237 3084 1274 3144 et
1352 3143 1355 3149 ,

175 3195 311 3267 litteras
341 3196 604 3293 pertinentium
640 3221 784 3267 summo
822 3196 986 3289 arbitro,
1025 3195 1197 3294 magistro
1232 3220 1281 3300 ac·

175 3319 315 3392 fautore
344 3348 460 3417 meo,
494 3324 596 3394 facile
628 3322 777 3396 inducta
815 3336 869 3394 est
901 3323 1047 3395 illustris
1074 3321 1272 3397 Academia

175 3447 273 3543 regia
306 3448 548 3520 Berolinensis
579 3461 620 3519 ut
644 3449 828 3520 Michaelis
856 3448 1044 3520 Attaliatae
1078 3447 1283 3520 historiam.
1329 3455 1333 3462 '

175 3571 214 3640 in
230 3572 510 3665 Byzantinorum
518 3571 746 3668 Scriptorum
776 3596 910 3668 corpus
923 3573 1117 3668 reciperet,
1139 3573 1177 3643 in
1191 3597 1273 3669 quo

176 3693 248 3762 iarn
276 3705 364 3776 autc
388 3693 566 3764 ducentos
592 3719 708 3765 annos
733 3696 855 3766 locum
867 3698 901 3767 ei
928 3699 1169 3792 assignaverat
1181 3697 1269 3768 Phi-

176 3817 298 3912 lippus
325 3815 501 3887 Labbeus.
781 3802 783 3805 ⁵

173 3922 179 3929 ⁵
277 3937 414 4011 Codice
435 3940 542 4036 igitur
551 3964 660 4037 quam
686 3941 1159 4040 accuratissimedescripto,
1176 3969 1291 4042 apo-.

91 4077 97 4090 ’
175 4065 355 4162 graphum
383 4090 529 4160 meum,
555 4066 677 4139 denuo
707 4092 790 4139 cum
817 4053 1042 4140 membranis
1075 4069 1272 4164 collatum,

177 4214 275 4261 anno
309 4191 401 4266 rell
426 4193 575 4266 Bonnae
615 4193 653 4264 in
684 4217 815 4268 manus
848 4193 1075 4291 bibliopolae
1106 4193 1269 4289 tradidi,

181 4314 284 4412 quod
320 4341 418 4391 nunc
458 4316 607 4394 demum
646 4320 783 4416 publici
826 4320 913 4394 iuris
949 4319 992 4393 fit
1032 4343 1115 4394 cum
1152 4320 1263 4394 latina
