3017 4892
297 353 370 430 τοο
590 349 810 426 ncnnns
841 295 1101 424 minoen

298 523 355 586 οόιι
375 523 420 596 εἰς
440 519 567 605 μακρόν
586 517 703 601 ἔτισαν,
726 519 771 603 μη
793 519 983 604 δυνηθέντες
1002 515 1060 600 τὴν
1081 512 1179 580 θείαν
1199 511 1358 596 ταύτην
1385 512 1463 574 αὕ-

297 623 357 706 λὴν
380 625 538 705 σωτηρίας
560 619 636 684 όδόν
657 619 712 684 καί
727 619 849 684 εἴσοδον
863 613 989 693 ἑαυτοῖς
1002 617 1204 701 ύπογρόψαι,
1228 614 1302 678 καί
1313 611 1459 696 πόρρω

296 718 413 806 ταύτης
435 721 705 806 ἀποκρουσθέντες
721 724 877 804 τιμωρίας
900 718 1076 793 θεοσόλαις
1102 712 1307 801 πρεπούσας
1340 714 1454 796 η’νέγ-

299 845 402 904 καντσ,
426 818 504 888 κατό
528 821 638 903 καιρόν
661 820 677 884 ό
699 819 790 903 λόγος
812 820 946 904 δηλώσει
969 814 1182 904 σαφέστερον·
1247 813 1389 898 ἕτερον
1414 817 1450 876 δὲ

299 922 394 988 πόλιν
418 920 632 1008 παρηνομήθη
655 925 699 1009 τῷ
716 926 865 1003 βασιλεῖ,
886 916 1117 1005 παφλαζσόσης
1137 921 1193 1001 τῆς
1217 909 1350 999 ἇιιμῆς
1379 917 1465 978 weit

299 1020 466 1104 κινδύνου,
495 1027 549 1107 τῆς
575 1019 725 1107 τοιαύτης
755 1023 888 1094 α’τοπίας
917 1020 974 1082 otiu
996 1015 1133 1083 ἔλαττόν.
1176 1019 1211 1082 τί
1236 1017 1280 1080 δὲ
1306 1020 1444 1093 τοῦπος

298 1125 371 1199 τούς
395 1127 565 1198 δοκοῦντας
588 1124 828 1206 εόπορωτέρους
850 1114 932 1198 εἶναι
954 1120 1017 1184 τῶν
1035 1112 1140 1183 ἄλλων
1155 1117 1276 1193 θείους
1299 1113 1441 1200 σηκούς

299 1225 502 1308 α’πεσόλησε,
536 1222 575 1287 τὰ
609 1219 728 1286 τούτων
761 1219 833 1304 ἱερὰ
868 1219 965 1303 σκεόη
992 1216 1052 1284 σύν
1081 1219 1193 1293 ου”τσῖς
1218 1226 1296 1293 τοῖς
1322 1219 1438 1289 θείοις

299 1327 494 1409 εόαμγελέοις
516 1321 570 1388 διό
593 1320 648 1388 τόν
670 1324 885 1407 nesteronem»
901 1323 1012 1396 ου’τοῖς
1033 1318 1152 1404 κόσμον
1172 1321 1249 1398 έξ’
1229 1311 1434 1404 οπιτιίγμο-

299 1447 353 1500 τος
376 1425 513 1506 ἀσεβοῦς
544 1420 757 1510 α’φελόμονσς,
788 1421 868 1507 μήτε
902 1425 966 1487 τιον
987 1423 1043 1507 τῆς
1065 1425 1219 1540 φρικτῆς
1222 1418 1461 1507 ιερουργέαςιλ

300 1528 356 1591 καί
382 1549 538 1609 μυστικης
565 1526 721 1609 τραπέζης
754 1524 972 1605 ἀποσχόμενος
1002 1520 1166 1607 κρατήρων
1198 1549 1217 1606 η
1255 1548 1378 1587 κανων
1406 1520 1427 1608 ἢ

302 1631 419 1694 λοιπῶν
443 1649 734 1711 περιρραντηριοον,
761 1620 843 1706 μήτι
873 1625 1000 1688 πέπλων
1028 1625 1255 1689 καλυπτόντων
1278 1626 1327 1688 toi
1350 1622 1424 1688 aia·

300 1729 417 1813 στήρια
439 1728 505 1810 μήτ
527 1721 632 1810 όιλληςΙ
645 1729 761 1808 σκευῆς
782 1725 879 1789 θειίον
899 1722 1096 1808 πραγμάτων
1118 1723 1338 1809 φεισάμενος.
1370 1731 1424 1790 καί

299 1831 467 1916 ταῦτατῷ
490 1833 630 1916 παλατέρν
651 1823 845 1910 μετενεγκών
873 1824 1082 1909 θησαύρισμα
1113 1823 1214 1909 πυρός
1242 1833 1417 1913 καταφλέ-

299 1952 407 2014 γοντος
436 1931 490 1993 κατ’
517 1931 615 2012 κρίμα
645 1928 789 1992 θανάτου
816 1919 921 2013 ἑαυτῷ
949 1926 1166 2012 έθησαόρισε·
1208 1929 1321 2011 μηδὲν
1354 1926 1410 2010 yon
1420 1939 1448 1989 15

301 2030 498 2112 οἷπσνόμενος
520 2027 552 2107 ἐξ
578 2031 685 2093 αότιόν
716 2021 736 2110 ἢ
759 2023 833 2112 ὅσον
855 2027 993 2111 όμοιβός
1016 2029 1184 2103 α’παισιόυς
1206 2031 1266 2092 καί
1287 2031 1413 2111 θεήλα-

302 2153 356 2195 τον
382 2129 479 2214 όργὴν
507 2133 565 2194 καὶ
590 2128 777 2212 παρακοπὴν
809 2124 1070 2210 ἐπισπάσασθαι,
1103 2126 1158 2192 καί
1177 2121 1283 2192 τᾶλλα
1310 2129 1410 2195 πάντα
1479 2128 1480 2131 ’

300 2233 358 2295 τού
389 2231 558 2312 βασιλικοῦ
587 2231 722 2294 πλούτου
760 2233 829 2311 μετ’
859 2252 939 2313 ηχου
967 2230 1217 2311 συναπεβόλετο.
1273 2233 1316 2294 τὸ
1351 2230 1409 2313 γὰρ

300 2328 474 2415 πρόσχημα
505 2332 560 2413 τῆς
588 2331 722 2450 όποριός
754 2332 811 2396 otiu
833 2325 918 2415 εἶχεν
948 2333 1032 2420 αότρι
1022 2319 1382 2412 συμβαλλόμενοτι,“Ι
1367 2357 1407 2396 οτι

301 2431 356 2495 και1
371 2427 490 2515 χρυσός
513 2431 600 2552 αότρι
623 2436 679 2496 καί
699 2426 837 2517 ἄργυρος
867 2434 1164 2513 κατακεκλεισμένος
1186 2432 1245 2496 οόκ
1268 2434 1405 2517 εόαριθ-
1411 2445 1439 2498 2⁰

301 2554 398 2618 μητος
423 2525 471 2614 ην.
529 2533 584 2596 κατ’
612 2531 627 2596 ὃ
659 2540 729 2615 μετ’
772 2532 868 2598 αόιόν
903 2526 1138 2617 βεβασιλευκιός
1173 2539 1404 2622 περιῃρημένον

302 2631 429 2698 ἅπαντα
450 2630 507 2698 τόν
533 2637 589 2698 τοῦ
612 2633 766 2699 παλατέου
799 2637 934 2699 πλοῦτον
961 2633 1065 2721 τύρών
1090 2638 1145 2700 καί
1165 2637 1403 2721 διηρπασμένσν

302 2729 336 2798 έν
358 2736 402 2822 τῷ
428 2735 529 2822 καιρῷ
558 2740 612 2818 τῆς
645 2731 867 2821 α’πσκηρόξιως
890 2732 1007 2800 τούτου
1035 2732 1091 2799 καί
1118 2734 1329 2818 α’πελόσεας,
1350 2733 1402 2820 την

302 3037 413 3107 luerint,
432 3057 486 3096 non
504 3041 641 3095 volentes
646 3041 762 3102 divinam
782 3039 850 3091 bone
869 3040 958 3092 sedem
977 3040 1071 3093 salutis
1092 3042 1162 3093 viam
1181 3048 1209 3091 et
1226 3042 1325 3112 aditugn
1348 3041 1396 3094 sibi

303 3114 469 3179 adumbrare,
491 3121 517 3164 et
537 3113 669 3183 quomodo
687 3112 784 3163 deinde
800 3111 834 3162 ob
853 3111 903 3162 bne
920 3111 1024 3178 repulsi
1042 3112 1173 3164 ultionem
1191 3113 1331 3180 sacrilegis
1349 3129 1395 3179 sp-

301 3193 354 3238 tntn
373 3187 544 3253 reportarint,
565 3201 613 3238 suo
632 3193 753 3251 tempore
779 3183 863 3234 oratio
889 3183 1035 3235 declarabit
1063 3185 1171 3236 certius.
1214 3184 1287 3238 aliud
1313 3193 1395 3235 nutem

302 3271 394 3308 rursus
413 3256 512 3308 iniuste
535 3257 632 3307 factum
651 3265 692 3307 est
710 3271 726 3305 a
743 3269 809 3321 rege
838 3253 967 3306 tremente
989 3271 1089 3306 summo
1104 3255 1225 3323 periculo
1251 3256 1331 3308 tale'
1323 3271 1393 3306 tneo.

304 3323 388 3376 lentie
406 3341 461 3377 non
488 3329 582 3378 minus.
623 3328 685 3393 quid
706 3325 783 3377 hoc?
804 3326 904 3391 templa
922 3342 992 3392 quae
1010 3327 1168 3379 videbantur
1180 3329 1279 3378 ceteris
1293 3327 1391 3388 ditiore,

302 3397 393 3448 divina
413 3396 550 3463 spoliavit,
570 3396 664 3448 horurn
683 3412 760 3450 sacra
777 3399 951 3449 instrumente
970 3413 1029 3449 cnm
1048 3399 1113 3464 ipsis
1133 3398 1231 3452 divinis
1251 3397 1391 3466 evangeliis

268 3485 273 3495 “
302 3475 413 3535 propter
433 3469 619 3519 circumdatum
637 3469 670 3520 iis
689 3478 810 3520 ornatum
831 3484 865 3519 ex
890 3469 1010 3520 mandato
1035 3470 1115 3535 impio
1140 3471 1285 3533 auferens,
1310 3483 1390 3535 neque

303 3537 429 3592 horrendi
449 3539 574 3591 sacrificii
593 3547 618 3590 et
636 3549 758 3592 secretae
776 3555 884 3591 mensae
903 3540 1038 3592 abstinens
1064 3542 1139 3596 vasis
1168 3548 1196 3591 et
1223 3542 1340 3593 canistris
1365 3546 1391 3588 et

211 3631 215 3640 ·
302 3611 457 3682 aspergillis
478 3609 601 3680 reliquis,
620 3628 708 3681 neque
729 3611 850 3664 vestibus
870 3612 1029 3662 clementino
1047 3612 1124 3678 signa
1141 3612 1293 3680 tegentibus
1310 3625 1390 3678 neque

301 3681 348 3734 olii
367 3685 505 3751 apparatui
524 3699 612 3736 rernm
631 3685 780 3736 divinarum
798 3698 927 3749 parcens,
947 3689 1027 3750 atque
1047 3681 1141 3733 boec'
1134 3699 1161 3734 1n
1180 3683 1389 3750 palatinmtrtns-

303 3754 394 3806 ferens
420 3753 605 3807 thesaurum
597 3758 667 3822 tgnis
694 3755 830 3838 flagrantis
857 3762 884 3804 et
908 3754 1034 3805 indicium
1052 3755 1145 3806 mortis
1168 3755 1220 3806 sibi
1249 3753 1388 3820 congessit.

301 3824 369 3877 nihil
390 3828 459 3878 enim
479 3827 580 3880 fructus
600 3828 708 3893 συρίσαι
729 3841 763 3875 ex
782 3827 814 3876 iis
839 3825 892 3876 nisi
911 3824 981 3892 qnod
999 3826 1240 3876 remunerationem
1260 3825 1388 3875 infaustum

305 3904 332 3946 et
352 3897 494 3950 divinnm'
487 3913 552 3949 nam
572 3906 599 3949 et
617 3899 746 3950 insaniam
766 3895 950 3958 contraheret,
972 3896 1052 3945 etiam
1078 3904 1168 3947 cetere
1194 3897 1283 3947 omnia
1305 3895 1386 3962 regit-

309 3979 365 4014 rum
386 3969 537 4022 divitiorum
567 3985 625 4020 cum
651 3969 768 4019 clamore
793 3968 903 4019 omisitz,
921 3973 1089 4034 praetextum
1115 3968 1184 4019 enim
1214 3968 1317 4033 inopiae
1337 3979 1387 4016 non

309 4032 424 4088 habebnt
441 4041 491 4091 sibi
509 4041 668 4104 obveniens,
688 4041 750 4108 quin
769 4046 797 4089 et
813 4053 905 4090 nurum
925 4038 950 4087 ei
970 4044 996 4086 et
1015 4046 1153 4106 argentum
1179 4040 1325 4090 immensum
1344 4037 1387 4085 in-

308 4106 383 4158 elnsn
403 4119 496 4174 erant,
517 4120 543 4162 et
563 4113 607 4180 qni
630 4119 690 4178 post
710 4127 770 4162 enm
789 4110 913 4176 regnavit
928 4107 1046 4160 subiatas
1065 4124 1157 4162 omnes
1174 4109 1269 4176 palatii
1291 4107 1386 4158 divitias

302 4178 444 4230 inveniens
471 4189 498 4230 et
522 4192 611 4248 reptas
637 4189 759 4265 tempore
786 4179 978 4246 τεραιλίσιίυαίτ
1002 4179 1081 4232 buius
1108 4188 1136 4231 et
1166 4180 1271 4244 exsilii,
1298 4187 1385 4244 κτητο

300 4261 357 4306 non
374 4251 527 4306 inminutus
547 4261 588 4305 est
607 4261 634 4304 ot
650 4255 765 4304 maxime
782 4252 860 4322 regio
877 4250 1009 4308 consitio:
1026 4253 1076 4306 ted
1091 4251 1218 4322 benigne
1234 4249 1341 4308 sonibus
1360 4256 1385 4302 et
