3017 4892
219 266 311 412 'uo
346 409 349 412 ,
536 272 766 413 arculas
792 330 1054 421 lnultrorlu

256 502 492 590 σιεδάσθησαν.
542 503 598 572 καί
623 504 718 571 πάλιν
749 498 831 591 ἦσαν
852 504 882 571 οἱ
913 488 1074 591 βάρδαροι
1101 502 1160 590 τὴν
1174 504 1378 592 Ῥωμαϊκὴν

254 601 367 689 χάραν
403 605 507 681 α’δεάς
536 610 790 689 κατατρέχοντες.
853 599 922 672 εἶτα
956 610 1104 671 νεολαίαν
1134 606 1204 686 τινά
1233 616 1375 693 μιαροῖς

254 691 708 791 άναλιάμασινιάθροιλταντες,
725 704 755 771 οἱ
783 708 858 791 περί
878 706 953 782 τούς
987 712 1129 790 βασιλεῖς
1152 706 1284 783 τούτους
1307 705 1372 792 ἔγ-

253 807 433 899 χιιριζοοσι
455 807 499 895 τῷ
517 809 553 871 ἐν
573 806 751 896 Ἀντιοχείᾳ
773 804 1006 891 ἡγεμονεύοντι·
1056 807 1090 873 οἳ
1108 812 1225 895 δράσαι
1247 811 1309 891 μέν
1331 834 1369 877 τι

254 903 298 989 μὴ
321 908 506 992 δυνηθέντες
524 916 675 994 γενναῖον,
697 906 1034 994 άπειρσιιάλεμοίτινες
1056 911 1111 975 καί
1129 908 1280 977 δύσιπποι
1303 913 1400 1001 ααίῦ

255 1001 386 1072 άνοπλοι
407 1007 524 1092 σχεδὸν
544 1011 751 1095 καθεστῶτες,
773 1007 871 1074 πολλά
890 1012 931 1074 ’δὲ
953 1014 1111 1101 παθόντες
1132 1008 1290 1095 α’νὴκεστα
1312 1014 1368 1088 εἶς

255 1107 314 1192 τήν
333 1112 426 1196 σφῶν
448 1112 607 1186 δυσκλεῶς
630 1110 837 1195 ὑπέστρεψαν
859 1112 935 1199 γῆν,
955 1115 1011 1179 τοῦ
1033 1109 1273 1196 παραλαβόντος
1291 1116 1364 1179 ατί-

255 1210 330 1288 τσάς
361 1209 474 1308 δορκδς
508 1205 563 1299 (ἦν
584 1215 620 1278 δὲ
651 1210 861 1300 ὅμάγιστρος
881 1214 1065 1302 Νικηφόρος
1089 1215 1107 1278 ὅ
1127 1213 1363 1301 Βοτανειάτης)

255 1309 336 1398 μετά
364 1314 428 1378 τάν
459 1310 640 1399 ἐπιχωρίων
674 1319 730 1380 καί
758 1319 822 1381 τάν
851 1316 942 1382 ἰδίων
969 1315 1177 1383 ύπασαιστιάν
1209 1315 1267 1401 τὴν
1296 1316 1364 1381 τοῖιν

245 1411 432 1500 ’βαρβάρων
454 1415 495 1479 δι’
517 1416 634 1491 οἰκείας
657 1418 775 1501 α’ρετῆς
798 1420 854 1483 καί
867 1415 1084 1503 γενναιότητος
1106 1416 1162 1483 καί
1172 1418 1359 1505 φρονήσεως
1375 1440 1414 1495 10
1504 1421 1505 1443 ¹

253 1515 490 1599 Ιοἶνατρύποντος
521 1518 575 1581 καί
601 1518 864 1598 καταβάλλοντος.
890 1514 1019 1603 ἔφοδον.
1072 1519 1217 1583 κάκείνοο
1248 1519 1283 1583 δὲ
1303 1520 1363 1603 τῆς

258 1618 362 1702 άρχῆς
383 1620 641 1702 παραλυθέντος,
673 1615 778 1685 ἔκτοτε
804 1617 844 1686 τά
876 1620 1130 1702 τῶνβαρβάρων
1163 1618 1363 1703 ἐθρασύνετο

224 1770 227 1775 .
259 1720 354 1782 πλέον
371 1720 428 1784 καί
446 1721 492 1795 είς
513 1716 623 1785 στενὸν
642 1720 759 1807 κομιδῇ
789 1718 828 1785 τά
850 1723 913 1786 τάν
934 1718 1056 1785 πόλεων
1090 1720 1280 1804 περιίστατο,
1307 1744 1364 1785 σι·-

259 1818 384 1897 τοδείας
406 1818 576 1905 αιεζούσνγς
596 1818 694 1896 αύτάς
716 1822 849 1907 acircio
870 1814 973 1886 ἄλλων
994 1823 1184 1907 ἐπιτηδείων
1205 1824 1340 1897 ε’νδείας.
1365 1873 1369 1881 .

320 1922 406 1989 Ἀλλ’
420 1921 549 2007 ἐπείπερ
566 1920 632 2007 ἔδει
647 1926 806 2005 βασιλέως
819 1911 1008 1990 ἐπιστασίαν
1018 1926 1169 2007 γενέσθαι
1185 1926 1363 2005 δοναμὲνοο
1373 1923 1410 1992 15

178 2053 181 2062 ·
238 2024 296 2089 ,ἐν
316 2022 472 2101 τοιούτοις
493 2034 617 2109 καιροῖς
640 2022 796 2107 διεξάγειν
817 2022 855 2088 τά
876 2023 1046 2109 πράγματα
1068 2024 1124 2088 καί
1145 2024 1364 2106 ἀντεπεξάγειν

260 2122 378 2191 ἓαοτόν
388 2131 454 2201 τοῖς
465 2126 621 2200 ἐναντίοις
629 2121 709 2205 μετά
721 2130 877 2211 καρτεροῦ
888 2126 945 2189 τοῦ
953 2120 1176 2208 συντάγματος,
1187 2126 1362 2211 ἐψηφίζετο

261 2218 1362 2316 μὲνάξιολογιάτατοςδρηθείςΒοτανειάτηςάςδιαφίρωντοάνάλλαν

196 2370 206 2387 ·
263 2322 339 2395 ὅσον
359 2326 505 2410 άστίρων
526 2320 630 2410 ἥλιος,
655 2326 671 2392 ὅ
698 2331 734 2393 δὲ
751 2329 871 2415 φθόνος
892 2330 947 2393 καί
965 2327 983 2412 ἦ
1001 2320 1109 2406 άδιιιος
1122 2328 1226 2413 κρίσις
1248 2324 1362 2409 άνεβά.

261 2436 330 2495 λιτο
341 2430 401 2509 μὲν
413 2432 485 2495 τότε
503 2424 538 2493 τά
555 2428 635 2509 δίον,
648 2430 755 2515 ἕτερον
767 2433 802 2497 δὲ
814 2432 966 2515 συγγενέα
988 2426 1103 2495 τούτου
1123 2426 1406 2515 άντεψηφίσατιρο

261 2532 303 2596 δι’
327 2531 432 2607 αἰτίας
455 2529 533 2605 ἴσως
552 2530 750 2616 α’πιρρὴτοας
766 2528 958 2617 ἀνθρώποις,
981 2521 1093 2617 οἷατά
1115 2532 1170 2597 τοῦ
1189 2531 1269 2596 θεοῦ
1290 2534 1360 2613 αρί-

261 2658 360 2715 ματα.
411 2626 514 2697 ε’δόιιει
535 2635 600 2716 ’μὲν
621 2630 684 2718 γάρ
713 2632 895 2718 ἦτοσαύτη
925 2637 987 2697 τείν
1020 2634 1124 2699 ε’δνάν
1153 2628 1286 2727 ἔπαρσις
1308 2630 1360 2695 καί

261 2732 424 2821 saraceno}
448 2738 511 2801 τάν
532 2731 594 2799 rino
612 2733 780 2819 Ῥωμαιάν
795 2735 972 2802 τελούντων
988 2727 1066 2821 ὀργὴ
1086 2731 1166 2801 κατά
1179 2730 1247 2803 ’τάν
1269 2729 1359 2819 αἱρε-

331 2916 376 2971 23.
391 2914 568 3002 Ῥαμαίοαςλ

216 3084 219 3087 ’
262 3070 314 3140 boc
333 3083 360 3128 et
377 3080 511 3128 rumorem
537 3076 685 3129 excitantes
710 3072 841 3126 incertum
868 3074 900 3137 ad
925 3090 973 3128 sua
1000 3072 1114 3141 dispersi
1133 3078 1204 3137 sunt,
1225 3078 1251 3123 et
1268 3084 1356 3123 rursus

261 3146 367 3200 barbari
391 3148 523 3201 ‘Graecani
552 3156 649 3199 terram
673 3146 806 3211 intrepide
831 3146 1029 3212 percursabant.
1073 3145 1169 3196 deinde
1193 3145 1356 3195 iuventutern

260 3221 352 3287 parvis
365 3220 494 3273 sumtibus
514 3228 643 3286 cogentes
660 3219 730 3286 regii
744 3217 793 3268 bos
808 3218 914 3269 tradunt
931 3219 993 3269 duci
1002 3216 1190 3279 Antiochensi,
1211 3217 1255 3283 qui
1274 3228 1354 3281 agere

262 3304 321 3341 curn
339 3288 431 3341 nobile
452 3291 593 3358 quidquam
616 3305 671 3341 non
690 3297 819 3355 possent,
838 3290 905 3341 belli
924 3290 1042 3358 imperiti
1064 3297 1091 3339 ct
1107 3288 1170 3339 mali
1190 3288 1311 3356 equites,
1331 3292 1356 3336 ct

261 3376 349 3428 paene
363 3361 495 3425 inermes,
525 3360 607 3411 multa
626 3369 712 3412 autern
731 3362 803 3427 passi
832 3360 1030 3425 intolerabilia,
1051 3362 1084 3413 ad
1108 3363 1182 3413 suam
1209 3356 1355 3425 ingloriose

261 3432 366 3484 reversi
385 3438 446 3483 sunt
464 3440 571 3497 terram,
592 3448 644 3501 quo
665 3433 735 3484 lacto
758 3433 811 3484 dux
835 3448 882 3487 eos
909 3432 1045 3499 accipiens
1073 3436 1146 3500 (erat
1163 3439 1250 3481 autem
1269 3427 1354 3495 magi-

262 3511 318 3557 ster
334 3502 502 3568 Nicephoros
521 3503 690 3573 botoniates)
715 3519 774 3555 cum
800 3505 898 3557 incolis
923 3512 950 3555 et
968 3505 1022 3556 suis
1048 3505 1153 3555 armatis
1173 3502 1280 3570 propria
1299 3499 1354 3551 vir-

262 3581 320 3626 tute
345 3583 371 3626 et
397 3577 556 3627 strenuitate
577 3583 604 3627 ct
621 3577 762 3644 prudentia
781 3575 952 3629 barbarorum
970 3576 1097 3641 impetum
1118 3576 1217 3626 evertit
1236 3580 1262 3624 et
1279 3570 1354 3623 deie-

262 3648 307 3699 cit.
346 3647 399 3700 sed'
411 3639 470 3698 cum
488 3647 537 3700 ille
556 3664 662 3719 quoque
677 3649 790 3715 imperio
809 3634 912 3701 solutus
925 3656 1006 3711 esset,
1025 3648 1087 3699 inde
1105 3646 1211 3698 barbari
1230 3642 1355 3696 audacio-

227 3715 233 3723 '
260 3735 305 3772 res
324 3720 408 3787 magis
426 3719 542 3785 fiebant,
571 3728 598 3771 et
616 3722 645 3771 iu
664 3727 804 3790 angustum
822 3734 931 3787 prorsus
957 3719 1037 3771 urbes
1061 3717 1268 3787 redigebantur,
1300 3712 1354 3764 iru-

261 3793 344 3843 mcnti
363 3791 469 3843 deiectu
488 3800 626 3859 premente
645 3807 690 3844 eas
710 3800 737 3843 et
756 3800 915 3855 ceterorum,
936 3806 1005 3858 quae
1030 3804 1144 3842 necesse
1161 3796 1236 3851 sunt,
1257 3785 1352 3851 inopia.

363 3862 415 3916 Sed
442 3864 566 3931 quoniam
593 3879 660 3931 opus
686 3872 743 3915 erat
767 3864 840 3931 regis
871 3862 1053 3913 dominatione
1084 3862 1131 3929 qui
1150 3867 1241 3928 posset
1259 3855 1354 3908 talibus

262 3933 426 3998 temporibus
453 3936 601 4001 perducere
625 3944 669 3987 res
696 3943 723 3985 et
747 3948 776 3986 sc
797 3946 934 3999 opponere
953 3932 1075 3985 hostibus
1094 3930 1183 3984 valida
1202 3946 1260 3981 curn
1279 3928 1354 3989 acie,

173 4037 176 4042 -
263 4003 401 4055 creabatur
420 4007 526 4073 quidem
544 4006 713 4075 dignissimus
733 4006 817 4056 dictus
835 4002 884 4054 ille
904 4002 1068 4068 Botaniates,
1095 4003 1186 4071 utqui
1211 3999 1356 4053 excelleret

254 4076 377 4139 τελετὴ,
409 4086 533 4142 quantum
562 4078 653 4130 stellis
675 4076 732 4129 sol:
752 4075 853 4127 invidia
871 4081 959 4124 autem
979 4083 1006 4125 ct
1024 4077 1151 4127 iniustum
1169 4073 1296 4125 iudiciuin
1314 4069 1355 4121 di-

262 4144 339 4200 stulir
359 4146 464 4214 quidem
484 4156 537 4199 tum
555 4149 746 4210 necessarium,
766 4146 847 4196 alium
866 4151 954 4196 autern
972 4148 1150 4214 propinquum
1169 4145 1247 4196 huius
1267 4148 1355 4195 contra

262 4219 366 4269 creavit
389 4226 499 4287 propter
524 4235 616 4272 causas
634 4222 701 4271 adeo
721 4216 840 4269 occultas
860 4215 1031 4284 hominibus,
1056 4225 1085 4268 ut
1104 4217 1148 4269 dei
1167 4218 1274 4269 iudicia.
1312 4212 1354 4263 ri-

262 4288 373 4347 tlebatur
392 4291 461 4343 enirn
479 4299 552 4345 tanta
576 4290 735 4360 populorum
755 4288 930 4359 congregatio
948 4298 975 4343 et
1000 4289 1149 4343 trucidatio·
1161 4288 1271 4343 Graecis
1292 4282 1355 4339 sub·
