3017 4892
620 312 829 384 ntsromha
1196 313 1268 387 119

166 482 248 568 τηγῷ
268 481 327 561 μὲν
348 478 547 562 α’ρχόμεννν,
570 477 698 564 φρουρᾷ
721 476 758 541 tt
780 473 835 541 καί
863 470 944 569 κόμη
967 480 1090 541 πολλῶν
1112 481 1169 577 καί
1189 464 1268 563 άγα-
1293 492 1304 551 t
1359 529 1361 539 .

165 583 234 647 θῶν
255 582 391 664 ζάνδρῶν
413 579 689 663 συντηρούμενον,
705 581 774 664 ,καί
795 581 998 661 στρατιωτῶν
1031 578 1089 643 crin
1111 579 1269 665 α’μοιροῦν

165 684 200 747 δν
220 689 289 755 ταῖς
308 682 379 745 κατ’
393 680 570 763 ἐπιδρομήν
590 674 763 744 ἐπιθέσεσι.
806 678 841 743 τὸ
867 680 902 743 δὲ
922 681 1064 745 τοιοῦτον
1078 685 1269 765 προαλωθδν

167 781 315 866 φρουράν
337 774 404 862 εἶχε
428 783 630 865 Σαρακηνῶν,
650 778 929 859 α’ποταμιεάουσαν
953 782 1061 857 ου’τοῖς
1082 776 1141 864 τήν
1162 782 1207 856 είς
1230 780 1266 846 τό

139 885 237 966 5ἒξής
259 881 357 945 αάτοῦ
379 880 633 946 καταδοάλωσιν·
684 874 761 961 ὅπερ
793 876 920 963 ἔγγιστα
954 881 1010 961 τῆς
1031 884 1170 965 μεγάλης
1192 880 1269 949 'As-a

137 981 305 1065 ’τιοχείας
335 977 491 1065 τυγχάνον
513 980 652 1066 μεγάλην
687 982 772 1068 αάτῇ
793 979 914 1065 βλάβην
934 979 989 1043 καί
1008 977 1213 1065 παντοδαπήυ
1233 984 1268 1047 ἐκ

163 1071 235 1147 λῶν
252 1083 404 1148 ἐναντίων
423 1084 605 1167 ἐπιτρέψειν
627 1079 748 1163 ἔμελλε,
771 1084 827 1147 καί
840 1074 906 1147 οἷον
927 1082 1090 1164 α’ντίπολις
1111 1075 1192 1145 εἶναι
1214 1086 1271 1147 καί

167 1182 330 1249 ἀντίθετον
350 1180 555 1267 καταγώγιον.
598 1177 686 1267 ,άρτι
720 1184 755 1246 δὲ
778 1184 834 1247 τοῦ
856 1186 1013 1264 βασιλέως
1042 1180 1269 1266 εδτρεπιζομί-

166 1306 222 1347 νου
245 1282 324 1368 πρὸς
343 1283 401 1367 τήν
419 1285 517 1348 αάτοῦ
545 1281 746 1369 πολιορκίαν,
770 1284 858 1372 φόβῳ
880 1286 1140 1359 καταοειοθὲντες
1162 1280 1192 1346 οἱ
1211 1280 1268 1367 τήν

121 1380 314 1470 λοφρουράν
347 1385 631 1466 ἐμπεπιστευμίνοι
661 1383 776 1449 τούτου
801 1386 983 1469 Σαρακηνοί
1003 1380 1113 1459 νυκτὸς
1145 1384 1267 1447 ἐκεῖθεν

163 1484 358 1570 ἀπέδρασαν.
416 1481 432 1549 o‘
456 1486 492 1550 δὲ
511 1484 663 1568 βασιλεάς
689 1482 858 1569 άνακωχήν
878 1488 972 1547 τοῦτο
1005 1486 1060 1567 τής
1079 1479 1268 1566 ἐργολαβίας

161 1590 265 1663 καλῶς
292 1586 488 1671 ἡγησάμενος
501 1636 510 1668 ,
530 1585 639 1672 τίθησι
659 1587 718 1668 μὲν
749 1586 849 1649 αὐτοῦ
870 1607 931 1647 που
954 1583 1010 1648 τόν
1030 1582 1169 1665 χάρακα,
1193 1582 1268 1647 δια-

161 1687 270 1770 τίθησι
293 1689 328 1751 δὲ
354 1683 392 1751 τά
414 1688 480 1750 κατ’
504 1684 622 1761 αὖτοδς
649 1685 833 1770 εὐπρεπῶς,
856 1680 1067 1767 στρατηγόντε
1088 1684 1144 1746 καί
1166 1704 1267 1769 φρου-

163 1783 224 1868 ράν
246 1783 421 1869 ἐπιστήσας
447 1790 502 1850 καί
532 1785 670 1870 σιτήσεις
701 1786 929 1865 ε’ναποθίμενος
956 1786 1012 1848 καί
1036 1783 1139 1849 πάντα
1162 1780 1202 1850 τά
1225 1787 1267 1873 τῷ

118 1891 264 1976 amoti
289 1885 518 1967 διαταξάμενος
539 1885 721 1971 πρόσφορα.
772 1886 818 1948 ἐπ’
842 1883 944 1948 ου’τοά
961 1889 1066 1949 τοίνυν
1088 1886 1146 1949 τοῦ
1167 1890 1293 1967 ficus-t.
1315 1896 1365 1953 191
1377 1911 1401 1953 r.

162 1989 242 2061 λίως
274 1980 409 2072 ἤρξαντο
431 1986 585 2068 Ῥωμαῖοι
614 1986 775 2068 πολεμίοις
808 1987 1082 2071 α’ντοφθαλμίζειν
1102 1989 1169 2072 ,καί
1186 1984 1265 2069 πρὸς
1309 2009 1313 2029 ·

161 2086 380 2172 γενναιότερον
401 2081 573 2173 α’ναφίρειν
593 2088 686 2169 λόγον
708 2090 764 2149 καί
795 2092 1007 2153 συνίστασθαι
1030 2085 1109 2169 πρὸς
1132 2090 1265 2153 οίντίθε-

160 2212 221 2269 σιν,
243 2186 315 2252 ἐπεί
332 2188 406 2269 τάγε
428 2187 510 2251 κατά
532 2186 608 2261 τούς
621 2187 965 2272 προβεβασιλιυκότας,
988 2190 1021 2267 ἐξ
1042 2178 1138 2273 οὗπερ
1156 2186 1172 2253 ὅ
1188 2192 1264 2256 Mo-

160 2287 302 2371 νομάχος
324 2287 381 2353 ’καί
400 2285 431 2353 οἱ
452 2279 588 2373 καθεξῆς
608 2288 836 2373 ἐπεκράτησαν,
865 2284 947 2373 πλήν
967 2288 1149 2369 ἐπιδείξεως
1164 2288 1264 2373 μόνης

114 2390 215 2463 μοναί
236 2388 379 2473 πλήθους
399 2392 584 2471 συναγωγῆς
605 2387 714 2453 οάδενί
733 2389 893 2472 καρτερὰν
915 2386 993 2471 πρὸς
1013 2386 1121 2475 μάχην
1142 2393 1262 2474 συνέρα

159 2492 278 2573 ραξαν·
320 2489 364 2566 ῶς
387 2484 469 2558 εἶναι
491 2490 587 2576 δῆλον
607 2482 658 2553 δτι
680 2492 738 2553 τοῦ
760 2488 905 2573 ήγεμόνος
936 2485 979 2565 οἷς
1002 2492 1117 2556 ἐπίπαν
1139 2492 1209 2557 εὀτί
1227 2490 1263 2558 ιδ

158 2588 410 2673 κατορθοάμενον
433 2592 469 2654 ίν
491 2586 577 2666 ὅλοις
599 2597 662 2666 τοῖς
686 2589 904 2673 πράγμασιν,
1249 2668 1251 2675 ¹
1318 2588 1325 2593 ’

256 2690 338 2755 Ἐπεί
365 2693 401 2755 δὲ
429 2693 448 2775 ή
480 2692 659 2775 Ἀντιόχεια
680 2693 949 2777 προκατείργασιο
980 2689 1050 2768 ιαίς
1072 2695 1262 2779 ἐπιδρομαῖς

159 2936 249 2981 antem
274 2926 415 2980 castelium
442 2944 459 2981 a
483 2929 552 2980 duce
576 2928 773 2981 administratur
800 2936 827 2980 et
853 2930 988 2997 praesidio
1014 2937 1041 2982 et
1069 2946 1132 2984 cura
1158 2934 1202 3002 (ut
1226 2933 1260 2985 do

159 3015 259 3053 corona
285 3000 408 3053 arborum
435 3000 474 3053 sic
499 3000 543 3050 hic
570 3001 603 3052 de
632 3015 732 3052 corona
760 2999 895 3052 hominum
921 2999 1129 3073 intelligenda),
1158 3002 1259 3056 multo.

157 3087 214 3123 rnm
237 3072 421 3140 bonorumque
445 3073 565 3125 virorum
594 3081 735 3137 servatur,
761 3088 850 3141 neque
869 3072 998 3125 militibus
1018 3082 1092 3125 caret
1110 3076 1137 3124 in
1156 3075 1258 3141 impetu

158 3146 331 3197 occursionis.
369 3144 421 3195 hoc
440 3154 528 3197 autem
547 3152 610 3195 ante
629 3153 733 3212 captum
751 3145 914 3211 praesidium
933 3144 1048 3197 habebat
1067 3144 1259 3198 Saracenorum

159 3217 228 3283 quod
246 3216 371 3270 servabat
388 3217 422 3269 iis
440 3218 468 3267 in
488 3218 603 3269 futurum
624 3218 681 3271 eius
707 3218 882 3269 servitutem:
914 3217 983 3286 quod
1009 3218 1113 3286 quidem
1138 3218 1259 3285 proxime

158 3289 318 3357 admagnam
332 3288 503 3341 Antiochiam
521 3290 599 3341 situm
612 3304 736 3356 magnum
757 3290 781 3339 ei
810 3290 931 3341 domnum
951 3297 977 3341 et
995 3291 1098 3343 varium
1118 3305 1151 3341 cx
1170 3290 1259 3343 hosti.

156 3361 205 3412 bns
225 3362 400 3412 excitaturum
421 3369 486 3424 erat,
507 3370 534 3412 et
550 3363 627 3429 quasi
645 3362 779 3412 contraria
797 3361 859 3413 urbs
880 3370 951 3415 esset
968 3378 1081 3415 necesse
1093 3370 1149 3414 erat
1161 3370 1188 3413 ct
1206 3376 1257 3429 op.

157 3433 272 3499 positum
290 3433 484 3483 deuersorium.
520 3449 606 3500 nuper
623 3440 711 3486 autem
729 3448 796 3501 rege
816 3435 873 3486 cius
894 3437 1119 3503 oppugnationem
1137 3440 1256 3501 parante,

157 3511 229 3554 metu
247 3503 364 3567 perenisi
383 3503 479 3570 quibua
498 3505 659 3571 praesidium
678 3504 755 3556 huius
776 3506 903 3558 creditum
934 3507 984 3559 fuit
1009 3507 1151 3572 Saraceni,
1177 3514 1257 3558 nocte
1335 3552 1342 3559 ,

157 3575 220 3624 inde
241 3572 376 3639 fugarunt.
405 3588 462 3634 ,rex
479 3582 567 3623 autem
585 3576 701 3626 indutias
720 3576 768 3626 has
788 3577 889 3643 incepti
909 3578 1021 3645 pulchre
1039 3592 1162 3642 censens,
1183 3566 1279 3645 ponit'

158 3644 196 3694 ibi
215 3642 306 3709 aliquo
325 3642 389 3693 loco
407 3641 518 3706 vallum,
539 3652 566 3693 ct
583 3644 678 3694 dividit
696 3646 785 3695 omnic
802 3648 835 3697 iis
854 3656 925 3712 apte,
946 3648 1040 3699 ducem
1060 3650 1257 3714 etprnesidium

159 3715 317 3782 praeficiens
337 3722 363 3763 et
381 3712 508 3763 alimenta
526 3715 726 3779 imponens‚·et
744 3717 832 3764 omniu
850 3718 985 3768 occasioni
1005 3726 1153 3783 opportuna
1170 3718 1257 3784 impe.
1277 3756 1290 3777 ς

157 3800 228 3838 rans.
265 3786 314 3837 sub
333 3786 392 3852 ipso
411 3785 494 3852 igitur
512 3800 577 3853 rege
597 3793 744 3850 coeperunt
762 3784 856 3837 Graeci
877 3787 997 3839 hostibus
1020 3789 1256 3854 praesentesresi.
1288 3781 1292 3823 ἰ

157 3867 228 3912 stare
248 3866 274 3908 et
292 3858 325 3909 ad
341 3855 509 3907 nobilitatem
528 3856 625 3907 efferre
643 3857 774 3907 rationem
794 3866 820 3909 et
838 3859 985 3911 consistere
999 3859 1031 3912 ad
1050 3860 1259 3927 oppositionem*
1287 3894 1289 3900 ι

157 3948 215 3981 cum
235 3930 306 3997 quod
326 3929 359 3980 ad
377 3929 481 3995 priores
499 3930 617 3995 pertinet
634 3942 723 3996 reges,
744 3944 778 3980 ex
797 3945 848 3999 quo
869 3930 1056 3984 bionomuchus
1077 3938 1103 3982 ct
1127 3930 1254 4001 deinceps
1287 3963 1290 3971 ·

156 4003 241 4054 secuti
260 4008 414 4069 regnarunt,
433 4010 539 4067 praeter
557 4001 709 4053 iactantiam
727 4002 812 4053 solam
839 4010 865 4053 et
884 4002 1059 4055 multitudinis
1087 4006 1254 4056 coactionem
1286 3980 1291 4073 ή

156 4074 266 4125 nulliad
285 4080 448 4123 constantem
462 4074 726 4139 pugnam-congressi
741 4082 840 4138 essent,
861 4077 897 4126 ita
908 4083 936 4125 ut
947 4076 1064 4142 perspici
1074 4077 1167 4143 possit,
1178 4078 1253 4129 ducis
1288 4074 1293 4142 λ

156 4146 263 4197 omnino
283 4160 344 4196 esse
364 4151 489 4196 eventum
506 4146 535 4196 in
555 4144 676 4197 omuibus
701 4145 790 4199 rebus.
1290 4164 1294 4180 ²

240 4214 323 4271 -Gam
343 4223 431 4269 autem
450 4215 593 4270 Antiochia
612 4216 734 4272 confecta
754 4227 826 4273 esset
850 4216 1055 4273 accessionibus·
1076 4225 1102 4270 st
1127 4216 1252 4271 frumenti
