3017 4892
251 317 300 392 72
542 316 763 388 mennatis
794 311 1053 429 AleLlolle

248 482 439 570 μαρτύριον,
463 476 543 546 ὅπου
565 503 623 562 περ
648 477 746 555 αὐτὸς
768 474 938 558 οἰκοδομάς
970 473 1118 561 λαμπρῶς
1141 480 1198 542 καί
1218 483 1367 542 πολυτε-

250 591 315 659 λεῖς
334 587 388 649 καί
407 584 576 665 βασιλεύοι
596 579 817 664 προσηκούσας
836 578 984 661 ἐπήξατο,
1006 580 1135 662 πληρῶν
1149 578 1367 662 έντολίγνάἰ-

250 683 306 747 δοῖ
323 684 381 746 τού
402 683 638 761 ἐντειλαμένου,
658 683 779 759 μᾶλλον
803 680 838 746 δὲ
860 680 897 764 τῇ
910 680 967 742 τού
988 676 1150 762 μάρτυρος
1169 682 1364 763 έπευφραι-

250 779 377 863 νόμενος
403 778 497 868 ἑορτῇ
518 781 574 843 καί
594 776 792 861 κομίσασθαι
812 783 937 861 μέλλων
957 775 990 842 τὸ
1014 779 1275 862 προσωρισμένον
1294 777 1361 842 τά.

250 887 359 946 λαντον
382 879 436 946 ἐπί
455 880 594 960 δεξιώσει
618 883 674 964 τῆς
696 881 898 968 παρουσίας,
920 880 1108 960 παρεγένετο
1128 874 1241 942 θύσων
1262 879 1390 966 auruli»

249 985 421 1064 βασιλικῶς
441 979 499 1064 τήν
519 978 621 1064 τιμήν.
665 979 720 1044 καί
739 983 847 1067 μέντοι
870 981 927 1044 κατ’
939 977 997 1060 την
1017 973 1206 1062 ἑορτάσιμον
1227 973 1359 1060 ἡμέραν

249 1083 400 1166 διηνεκῶς
432 1085 580 1162 ἐπέμενεν
604 1083 714 1161 ἐκεῖσε,
738 1081 796 1164 τὴν
816 1079 975 1163 διαγωγὴν
1001 1079 1059 1142 orla
1082 1081 1167 1163 αήδῆ
1186 1082 1355 1172 καθορῶν·

249 1185 332 1255 τινὲς
353 1184 387 1244 δὲ
409 1183 473 1246 τῶν
493 1183 547 1263 τῆς
570 1179 802 1265 βασιλευούσης
823 1176 989 1265 κακοήθως
998 1182 1206 1260 διατεθέντες,
1226 1178 1270 1254 ῶς
1291 1182 1358 1244 τοῦ

241 1273 404 1361 ’βασιλέως
425 1283 629 1364 χαρακτῆρας
651 1284 930 1367 παραγυμνοῦντος
951 1283 1008 1352 ουίι
1029 1283 1165 1362 εύγενεῖς
1181 1279 1235 1344 κατ’
1250 1279 1357 1344 οἴσεα-

250 1381 377 1455 τούντος
398 1389 461 1457 τοῖς
483 1380 585 1464 λόγοις
601 1367 662 1445 ’κατ’
680 1379 760 1464 πρὸς
781 1378 816 1448 τύ
840 1381 1008 1463 βασιλικὸν
1029 1381 1265 1458 ὀλισθαίνοντας
1284 1377 1354 1462 χοὶ·
1366 1395 1405 1447 10

251 1505 362 1564 ρισμα,
383 1480 417 1546 τὸ
439 1483 473 1546 δὲ
500 1483 556 1546 καί
576 1484 755 1568 μεταβολῆς
789 1483 921 1566 ἐρῶντες
956 1479 1256 1564 έλπιδι·λημμοὶτων
1275 1503 1359 1561 και,-,
1429 1568 1434 1574 1

249 1583 333 1662 νῶν,
353 1581 474 1666 βουλήν
506 1579 650 1668 πονηρὰν
684 1579 911 1667 ε’ξαρτύοαντες
941 1577 1015 1666 ύρτι
1036 1585 1353 1666 προβεβουλευμένην

250 1683 370 1763 αὐτοῖς,
387 1681 597 1764 μεταδιδόασι
627 1685 684 1767 τῆς
702 1680 805 1766 λύμης
833 1681 935 1766 αύτῆς
965 1682 1005 1746 ου’
1023 1681 1120 1763 μόνον
1142 1682 1352 1765 στρατιωτῶν

249 1780 316 1846 τισί
335 1785 395 1848 τῶν
417 1787 492 1865 περί
512 1782 571 1866 τὴν
593 1775 721 1867 ἤπειρον
746 1782 828 1847 utto
856 1785 911 1846 καί
936 1789 1001 1858 τοῖς
1017 1779 1079 1846 α’πύ
1102 1786 1162 1847 τού
1180 1783 1352 1864 βασιλικοῦ

249 1876 362 1944 στόλου
384 1885 439 1947 καί
459 1879 515 1965 της
538 1880 616 1948 κατὰ
638 1880 808 1948 θάλασσαν
829 1882 1027 1968 δορυφορίας
1039 1905 1075 1946 τε
1096 1880 1152 1947 κατ’
1173 1881 1351 1963 δυνάμεως.
1362 1903 1397 1955 15

249 1981 306 2044 καί
328 1973 365 2062 ἦν
385 1981 496 2058 αύτοῖς
518 1985 746 2064 διεγνωσμένον
767 2005 801 2047 τε
822 1987 879 2049 καί
909 1982 1111 2067 συγκείμενον
1132 1985 1186 2048 ἵνα
1207 1985 1265 2049 τού
1285 1987 1352 2065 βα·

249 2083 361 2156 σιλέως
383 2077 431 2146 ἔτι
446 2091 515 2158 ταῖς
526 2093 738 2167 μαρτυρικαῖς
752 2086 1050 2169 ε’μφιλσχοοροῦνεος
1063 2092 1193 2170 σκηναῖς
1209 2077 1351 2171 ύρθριῶ-

250 2203 357 2264 τερον,
379 2183 439 2268 ’πρύ
470 2185 528 2246 τού
551 2186 702 2267 διαγελᾶν
733 2185 941 2270 α’πύρξασθαι
976 2187 1034 2268 την
1065 2185 1204 2270 ἡμέραν,
1243 2184 1350 2266 οἱμὲν

251 2387 402 2460 πλατείας
422 2387 650 2470 διαταράξωσι,
674 2386 730 2452 καί
744 2396 816 2463 ταῖς
837 2395 995 2472 φρουραῖς
1017 2384 1247 2472 προςβαλόντές
1269 2383 1394 2453 ἀνά-20

249 2505 362 2550 στατον
383 2481 469 2551 ἅπαν
498 2485 532 2550 ro*
556 2484 741 2572 ἔμφρουρον
764 2474 1023 2574 α’περγύσωύται,
1053 2488 1109 2553 καί
1129 2487 1265 2564 πολλούς
1287 2489 1350 2553 τῶν

249 2580 364 2663 ὁμοίιον
384 2584 464 2670 πρὸς
492 2588 665 2672 α’νταρσιόν
697 2588 938 2673 διερεδιλεωσιν,
962 2585 992 2652 οἱ
1012 2591 1048 2653 δὲ
1069 2593 1127 2674 τῆς
1145 2591 1262 2674 βουλῆς
1286 2589 1351 2652 αύ-

242 2691 314 2760 τοῖς
341 2693 591 2773 συμμετέχοντες
622 2693 768 2754 ναυτικοί
797 2696 861 2764 τοῖς
890 2691 1034 2764 α’κατιόις
1060 2687 1120 2773 πρύ
1138 2692 1214 2754 “τῶν
1244 2682 1348 2754 ἄλλων

250 2793 478 2869 προσοκείλωσι
500 2793 541 2876 τῇ
560 2793 667 2878 χέρσηι
688 2798 752 2856 τῶν
772 2792 978 2876 μαρτυρινῶν
995 2789 1123 2857 ἐκείνων
1140 2795 1273 2876 σκηνῶν,
1295 2794 1351 2856 καί

320 2941 346 2993 2.
366 2942 412 2994 πλ.
430 2935 480 3008 τὴν
497 2933 637 3008 ἔντολύηνλ

250 3076 338 3143 pleret
355 3078 511 3144 imperatum
535 3081 690 3132 reverentia
717 3083 889 3148 imperantis,
908 3084 994 3152 magis
1018 3083 1097 3134 etiam
1109 3091 1139 3135 ut
1157 3083 1226 3136 leste
1245 3093 1347 3152 marty.

250 3149 286 3199 ris
306 3148 494 3212 delectaretur,
515 3158 542 3201 et
558 3153 664 3202 tradere
683 3152 780 3204 volens
799 3155 935 3206 delinitum
953 3155 1081 3206 talentum
1100 3155 1133 3206 ad
1160 3156 1346 3208 salutationem

248 3221 435 3285 praesentiae,
455 3220 563 3286 adluit,
589 3224 786 3276 sacrificaturus
813 3226 838 3275 ei
863 3227 940 3294 reple
967 3226 1097 3278 honorem
1116 3235 1143 3279 et
1162 3227 1258 3279 lestnm
1276 3229 1344 3280 diem

249 3289 353 3340 assidue
372 3292 499 3340 remansit
517 3292 568 3355 ibi,
589 3294 687 3345 victum
705 3310 761 3346 non
779 3297 949 3349 iniucundum
964 3307 1097 3365 spectans.
1135 3299 1239 3366 qnidam
1259 3307 1345 3350 antem

249 3366 342 3409 contra
360 3358 498 3424 imperium
511 3363 580 3413 male
594 3363 724 3430 dispositi,
745 3369 820 3433 quasi
831 3384 880 3420 rex
898 3377 986 3420 mores
1005 3369 1151 3420 denudaret
1167 3371 1276 3422 minime
1293 3386 1344 3421 no-

247 3428 332 3492 biles,
362 3438 389 3480 et
406 3431 523 3483 infirmus
542 3435 569 3484 in
587 3436 771 3500 orationibus,
799 3447 825 3489 et
840 3441 909 3508 regii
929 3440 1029 3493 favoris
1048 3439 1272 3504 oblivisceretur,
1291 3450 1345 3493 tum

248 3501 326 3550 etiam
350 3502 611 3571 mutationiscupidi
634 3521 681 3572 spe
701 3510 897 3562 commodorum
917 3525 1062 3575 novorum,
1090 3513 1231 3565 eonsilium
1248 3513 1344 3564 malum

246 3573 407 3625 instruentes
436 3589 520 3640 nuper
548 3579 727 3644 excogitatum
755 3595 770 3630 a
794 3597 842 3646 se,
866 3583 1059 3634 communicant
1092 3585 1264 3652 ignominiam
1290 3598 1343 3634 non

246 3642 332 3696 solum
352 3660 411 3695 cum
429 3644 540 3696 militum
559 3649 586 3698 in
605 3650 760 3702 continente
778 3654 950 3721 quibusdam,
972 3655 1020 3706 sed
1043 3655 1121 3707 etiam
1140 3671 1200 3707 cum
1217 3654 1343 3706 militibus

246 3717 338 3783 regiae
358 3715 452 3769 classis
467 3725 493 3768 et
511 3719 614 3772 navalis
634 3731 783 3775 armaturae
804 3735 830 3777 et
848 3727 996 3777 exercitus:
1017 3734 1099 3791 atque
1118 3735 1176 3777 erat
1193 3727 1226 3778 ab
1244 3728 1277 3777 iis
1295 3742 1342 3794 sg-

245 3787 329 3837 nitum
349 3796 375 3838 et
396 3797 534 3854 statutum,
562 3801 590 3846 ut
609 3809 674 3862 rege
694 3795 780 3847 adbuc
799 3798 826 3848 in
845 3797 964 3862 martyrii
981 3805 1107 3849 versante
1125 3798 1249 3849 tentoriis
1267 3807 1342 3849 unto-

246 3871 323 3923 quum
350 3857 511 3912 illucescere
533 3866 687 3930 coepisset,
712 3867 759 3916 alii
778 3867 879 3919 bellico
904 3875 984 3918 cantu
1006 3877 1033 3918 et
1050 3869 1168 3920 clamore
1188 3877 1215 3919 et
1233 3868 1343 3919 tumultu

244 3927 357 3976 maximo
384 3930 456 3981 urbis
484 3933 541 3983 vias
562 3936 747 4001 perturbarent
767 3946 795 3988 et
823 3939 955 4003 praesidia
974 3940 1099 4008 aggressi
1114 3940 1249 3991 desertum
1268 3955 1343 3990 omne

244 3996 404 4062 praesidium
426 4001 546 4054 lacerent
566 4014 592 4056 et
612 4006 708 4059 multos
728 4007 853 4058 similium
871 4008 903 4059 ad
922 4009 1082 4061 seditionem
1103 4013 1272 4074 excitarent,
1300 4008 1343 4061 alii

244 4075 331 4116 autem
350 4069 456 4120 consilii
477 4073 509 4122 iis
529 4079 673 4143 participes
691 4078 802 4128 navales
820 4076 919 4129 milites
941 4078 1064 4132 lintribus
1082 4091 1144 4132 ante
1163 4089 1271 4134 ceteros
1295 4097 1343 4147 ap-

243 4135 378 4204 pellerent
402 4144 521 4205 martyrii
548 4145 603 4196 illis
626 4149 748 4199 tentoriis
774 4156 800 4198 et
823 4163 914 4214 regem
936 4153 1196 4220 appropinquantem
1215 4152 1282 4204 belli
1300 4159 1343 4202 tu·

149 4243 151 4248 .
242 4206 327 4260 multu
356 4210 509 4263 exterritum
538 4218 613 4268 etad
638 4220 738 4286 regiam
764 4220 893 4272 aditurum
919 4237 1002 4290 seque
1022 4223 1236 4277 confirmaturum
1255 4229 1344 4277 contra
1437 4275 1460 4292 ,
