3017 4892
577 355 786 425 meroem.
914 351 917 358 ·
957 439 963 448 ,
1180 347 1226 419 ει

132 519 338 604 πειραθέντες
362 517 581 603 ἐλεεινότεροι,
602 523 681 584 πᾶσι
711 526 778 592 τοῖς
804 512 1087 603 φισκοσυνηγδροις
1108 513 1231 577 ύποκα-

130 617 348 701 τακλινύμινοι
385 619 441 682 κεί
467 621 640 704 ψοφοδεεῖς
663 611 775 698 ὄντες,
805 615 859 680 ταί
885 613 921 680 τέ
944 620 1034 700 ξίφος
1056 615 1232 698 ἠρτημένον
1314 675 1321 682 ,

129 723 304 802 μονονουχὶ
321 716 399 783 κατὰ
421 720 476 802 τῆς
496 711 623 783 ἐαυτοῖν
645 719 787 804 κεφαλῆς
808 713 1047 788 ὑποπτεύοντες.
1077 715 1232 796 ἐνέσκηψε

133 821 169 882 δέ
191 815 225 883 τύ
248 816 354 884 δεινόν
378 821 433 883 καί
463 809 539 903 ύχρι
559 823 623 884 τῶν
652 809 886 905 ύφωρισμένων
917 825 982 890 τοῖς
1002 815 1105 888 θείοις
1128 822 1235 896 σηκοῖς

106 917 190 993 εναέ
211 922 460 1004 φροντιστηρέοις
481 925 677 1005 σιτηρεσέων,
699 922 864 1002 πανταχού
892 921 953 982 τῶν
973 917 1138 999 ἐπαρχιῶν
1160 914 1235 975 δια-

135 1017 308 1102 ταγμάτων
335 1022 549 1107 πεμφθέντων
569 1022 806 1106 ύνερευνοῖσθαι
833 1019 909 1104 περὶ
933 1019 1056 1083 τούτων
1075 1019 1131 1079 καί
1152 1007 1235 1078 α’να-

135 1120 303 1204 τρίνεσθαι
325 1119 400 1195 τούς
419 1121 621 1204 θεραπευτὰς
651 1125 714 1188 τοῖν
737 1119 851 1204 ἱερῶν,
873 1123 929 1185 κατ’
949 1123 1014 1183 τῶν
1032 1114 1078 1200 μῆ
1099 1113 1235 1197 εὐλόγως

137 1220 225 1303 τύχα
258 1221 431 1302 διδομένων
459 1220 517 1306 τῆν
546 1223 636 1290 δόσιν
668 1218 886 1291 ἐκκύπτεσθαι.
937 1222 1008 1284 ἐπεὶ
1039 1220 1074 1283 δέ
1097 1217 1159 1301 πρὸ
1182 1217 1238 1297 τῆς

138 1319 288 1406 τοιαύτης
319 1321 447 1408 ἐρεύνης
468 1321 555 1410 ἔφθη
578 1327 620 1413 τῷ
641 1322 746 1410 χρεοδν
775 1322 797 1388 δ·
815 1318 967 1405 βασιλεύς
995 1315 1234 1400 λειτουργῆοας,

94 1441 128 1494 10
138 1417 403 1506 ἐκρύτησελὸγος
424 1421 459 1489 ἐν
480 1419 597 1491 ἅπασιν
619 1421 669 1490 ὅτι
694 1425 830 1507 ούρανέα
862 1419 962 1506 τιληγῆ
993 1423 1103 1486 ταύταν
1122 1423 1157 1481 ἐκ
1176 1420 1239 1495 μέ-

138 1544 196 1586 σον
231 1529 399 1607 πεποίηκε,
434 1527 630 1608 πειρώμενον
661 1525 835 1588 ἀλλοιῶσαι
861 1522 901 1586 toi
929 1522 1032 1594 καλοῖς
1067 1519 1241 1600 δεδογμένα

138 1622 219 1708 πρὸς
241 1623 299 1707 τὴν
323 1625 441 1707 εύσεβῆ
464 1627 658 1710 διανέμησιν.

235 1731 283 1794 Ἐν
306 1733 342 1794 δὲ
363 1735 406 1818 τῷ
424 1735 573 1796 τελευτᾶν
600 1731 767 1815 ἠβουλήθη
800 1730 1024 1813 χειροτονῆσαι
1045 1727 1241 1808 βασιλέα-δι’

140 1826 260 1894 ἑαυτοῦ
280 1831 333 1895 ada*
362 1829 463 1920 ταύτην
491 1829 548 1915 τῆν
570 1830 739 1912 Ῥωμαίων
768 1832 948 1913 ἐγχειρίσαι
978 1826 1092 1911 ἄρχῆν,
1114 1824 1170 1890 uui
1188 1822 1241 1889 διδι

97 1926 341 2014 tormentarium
369 1928 439 1995 τινύ
471 1933 673 2016 πρωτεύοντα
696 1927 887 2015 πεκλημὲνον
916 1931 1015 2014 πολλῇ
1034 1929 1159 2011 σπουδῇ
1181 1948 1241 2007 με-

142 2031 348 2112 τεπέμψατο·
391 2035 586 2118 ,προέφθασε
624 2033 661 2095 δὲ
688 2029 709 2113 ῆ
738 2030 840 2094 αὐτοῦ
869 2024 1000 2110 τελευτῆ
1027 2027 1086 2110 τῆν
1121 2028 1241 2090 ἐκείνου

143 2131 298 2214 σπουδήν.
318 2126 412 2216 ἔζησε
431 2133 462 2194 δ’
485 2128 714 2213 δΜυναμύχος
735 2131 769 2196 ἐν
790 2130 831 2216 τῆ
850 2128 996 2216 βασιλείᾳ
1017 2126 1153 2212 χρόνους
1176 2123 1243 2189 διέ-

144 2232 220 2294 δεκα
242 2235 297 2296 καί
317 2233 420 2316 μῆνας
437 2224 525 2295 iunci.
578 2217 580 2222 ⁵

245 2333 316 2395 Καὶ
335 2328 450 2395 edesio
472 2333 537 2396 τεέν
560 2329 753 2414 πραγμάτων
774 2328 946 2411 ἐπελάβετο
969 2333 1023 2394 καί
1039 2333 1098 2415 τῆς
1120 2351 1276 2414 μοναρ-χ,
1299 2351 1376 2422 ηηηη,

100 2459 135 2514 20
142 2436 217 2516 χέας
239 2431 338 2516 αέτῆς
356 2430 375 2514 ἡ
406 2437 725 2516 προμνημονενθεΐσα
749 2433 904 2516 Θεσδούρα
924 2429 1099 2514 Αύγούοτα
1123 2433 1241 2520 (προα-

143 2536 243 2615 nediu>
266 2530 328 2616 γὰρ
360 2531 379 2615 ἦ
407 2530 522 2617 ταύτης
543 2533 768 2618 αύταδέλφη),
799 2535 854 2597 κατ’
881 2530 995 2616 μηδενέ
1022 2534 1085 2596 τοῖν
1116 2531 1243 2615 οἷνδραῖν

144 2636 324 2717 ἐθελῆσασα
357 2636 578 2718 συζευχθῆναι
614 2632 687 2718 μήτ’
729 2627 832 2706 ἄλλως
861 2631 1131 2715 συμβασιλεύειν,
1161 2628 1273 2713 αὐτῆς,
1292 2655 1376 2711 1771,

143 2730 226 2817 μόνη
247 2733 300 2798 διὰ
315 2735 378 2798 τῶν
396 2735 632 2820 θαλαμηπόλων
653 2735 817 2820 ιύνούχων
835 2736 898 2799 τεέν
920 2730 1000 2798 ὅλων
1020 2729 1244 2818 ἀντεποιήσατο
1329 2758 1339 2771 r

218 2893 245 2946 fi.
265 2861 479 2968 δνανρένασθαι
498 2893 529 2948 C.

146 3056 281 3111 aetatibus
301 3054 414 3110 subiecti
434 3065 461 3110 et
478 3058 576 3126 trepidi
595 3067 684 3111 esseut
704 3067 730 3111 et
751 3055 868 3130 gladium
888 3073 1044 3128 suspensum
1062 3062 1148 3125 paene
1168 3072 1247 3128 supra

146 3141 195 3182 aaa
212 3131 300 3197 capita
318 3133 526 3198 suspicarentur.
566 3131 659 3182 iniecit
681 3139 768 3182 autem
787 3131 934 3198 periculum
961 3129 1099 3198 usquead
1118 3145 1159 3194 ea,
1178 3147 1248 3198 quae
1326 3188 1332 3196 ¹

145 3201 278 3252 destinata
304 3209 378 3252 erant
402 3203 500 3253 divinis
527 3201 634 3270 templis
662 3195 688 3253 ei
713 3202 817 3253 horreis
837 3210 1044 3266 commeatuum,
1072 3217 1130 3253 cum
1149 3199 1248 3271 ubique

146 3273 344 3340 provinciarum
356 3275 428 3326 iussa
442 3274 618 3338 mitterentur,
638 3275 703 3324 utin
716 3274 783 3325 haec
794 3275 984 3343 inquireretur,
1006 3281 1033 3324 et
1052 3274 1249 3342 interrogarent

147 3344 279 3395 antistites
307 3343 464 3410 templorum
494 3353 521 3396 et
545 3345 578 3397 iis
601 3346 646 3414 qui
673 3360 727 3396 non
746 3343 871 3397 volentes
903 3346 991 3397 atatim
1020 3345 1131 3408 darent,
1150 3343 1247 3395 donum

147 3415 293 3480 eriperent.
340 3429 399 3466 cum
418 3425 506 3466 autem
531 3425 593 3468 ante
609 3415 677 3467 haue
697 3417 897 3485 inquisitionem
925 3425 1037 3483 repente
1057 3416 1111 3468 fato
1131 3431 1180 3466 rex
1198 3431 1248 3466 oc-

148 3485 294 3546 cumberet,
311 3487 399 3535 extitit
415 3501 502 3537 nermo
521 3487 592 3538 inter
611 3503 717 3552 omnes,
749 3487 895 3539 coelestem
914 3487 1017 3556 plagam
1037 3485 1108 3539 huno
1128 3502 1142 3538 e
1161 3484 1249 3537 medio
1326 3494 1328 3505 '

148 3554 300 3615 sustulisse,
321 3570 378 3604 eum
398 3565 538 3608 conaretur
559 3565 660 3608 mutare
684 3574 753 3625 quae
773 3559 806 3609 ad
822 3561 892 3624 piam
913 3560 1166 3610 administrationem
1184 3557 1249 3624 pui-

150 3623 215 3676 chre
234 3632 325 3674 esseut
343 3631 448 3674 statuta.

251 3693 304 3746 Sub
323 3695 403 3746 duem
423 3695 494 3746 vitae
513 3694 601 3755 voluit
619 3707 713 3746 creare
731 3710 823 3762 regem
841 3711 891 3761 per
909 3712 939 3748 ae
957 3699 1063 3762 ipseet
1081 3695 1144 3746 huie
1164 3695 1248 3747 Grae.

150 3781 241 3818 corum
260 3765 366 3817 tradere
393 3765 547 3831 imperium,
568 3772 594 3815 et
622 3764 708 3816 literis
727 3767 815 3816 virum
834 3767 963 3833 quendam
981 3767 1130 3833 prinoipem
1149 3781 1250 3828 evoca.

149 3847 204 3890 tum
229 3835 312 3888 multo
338 3851 398 3886 eum
422 3836 510 3887 studio
536 3834 695 3897 αταεεελτλις
722 3837 864 3886 antevenit
887 3846 974 3888 autem
993 3839 1077 3904 ipsius
1096 3836 1156 3888 finio
1174 3836 1249 3890 iilius

149 3909 271 3962 etodium.
300 3909 368 3959 vixit
386 3914 473 3958 autem
483 3905 670 3960 dionomaohue
689 3907 717 3957 in
735 3907 849 3973 imperio
862 3923 945 3960 nnuoa
964 3908 1103 3960 duodecim
1123 3915 1149 3960 et
1172 3923 1251 3960 men.

149 3995 192 4032 sen
211 3988 323 4046 septem.

247 4067 335 4136 Atque
354 4069 440 4120 rtatim
458 4083 546 4119 rerum
564 4070 648 4135 potita
667 4075 708 4120 est
727 4073 753 4118 et
766 4067 878 4134 imperio
888 4067 945 4137 ipsa
959 4075 1037 4118 autea
1050 4077 1254 4121 commemorata

57 4169 60 4174 ·
150 4138 286 4190 Theodora
304 4140 424 4206 Augusta
444 4143 538 4209 (autea
557 4141 625 4192 enim
644 4140 748 4191 obierat
767 4139 845 4190 huius
865 4143 967 4209 soror),
987 4147 1014 4190 et
1031 4139 1099 4192 nulii
1119 4142 1178 4193 viro
1199 4150 1251 4193 vo-

150 4209 208 4262 ieus
227 4210 329 4263 nubere
352 4226 442 4280 neque
468 4212 548 4263 alitor
567 4225 626 4262 oum
645 4224 778 4281 quoquam
798 4225 912 4280 regnare
940 4213 998 4280 ipsa
1022 4211 1081 4263 sola
1105 4227 1154 4278 per
1173 4212 1251 4265 cubi*

149 4280 256 4334 oaiares
271 4281 408 4334 eunuchos
425 4284 532 4336 summis
552 4284 635 4352 potita
656 4290 697 4336 est
715 4281 844 4351 paullum,
861 4280 960 4336 deiude
978 4283 1102 4341 deferens
1120 4280 1251 4333 nobilium
