3017 4892
268 335 318 416 εο
577 345 799 418 mcmmrs
826 319 1090 416 smsnorar

267 516 412 592 συνεχεῖς
439 513 515 575 καθ’
543 508 677 600 ἑκάστην
709 519 868 598 ἐγίνοντο,
897 516 972 579 ποτὲ
1004 516 1064 593 μὲν
1094 510 1218 576 τοότων
1248 508 1325 572 τοτὲ
1350 507 1385 569 δ’
1493 500 1494 507 ¹

268 613 396 676 ἐκείνων
417 612 685 696 προαρπαζόντων
714 615 771 700 την
788 620 886 701 νίκην.
936 612 1008 678 ἐπεὶ
1034 614 1064 675 d’
1087 606 1241 692 ἰσοπαλὴς
1258 604 1384 687 ε’δότει,
1494 614 1495 689 l

267 717 387 793 psillos
407 714 435 776 δ’
461 715 479 794 ἦ
512 719 578 778 τοῖν
599 719 733 782 Σκυθῶν
755 715 895 803 ἐπιφορά
926 715 1137 798 προτεροῦσα,
1163 711 1265 794 χωρίς
1283 703 1383 792 ἥττης
1494 724 1495 727 ’

267 817 407 895 θατέρου
430 817 505 877 τοῖσι
513 814 781 901 ἀντιτεταγμένων
797 815 851 880 ἀπ’
880 813 1026 899 α’λλὴλων
1045 808 1157 897 εόθάς,
1179 808 1287 892 ιόσπερ
1309 806 1378 872 α’πό

268 915 483 998 συνθήματος,
505 907 582 979 άνευ
604 921 747 1002 διωγμοῦ
767 915 824 982 καί
844 918 950 1002 φυγῆς
972 909 1210 998 άπηλλάγησαν.
1390 914 1412 966 5
1495 920 1496 979 3

298 1061 301 1068 «
358 1007 459 1098 Ἔγνω
480 1015 585 1081 τοίνυν
605 1017 621 1080 ό
644 1019 798 1098 βασιλεάς
819 1014 1005 1101 προσθήκην
1024 1016 1253 1100 ἐμποιῆσαιτῇ
1274 1036 1382 1095 στρα-

185 1149 190 1154 ·
271 1121 325 1207 τεᾷ
346 1115 485 1182 dederis
506 1112 593 1182 ἓοόων
622 1119 788 1202 ταγμάτων
808 1122 863 1182 καί
886 1113 969 1182 οάτω
991 1114 1054 1200 ,την
1076 1113 1237 1199 Σκυθικὴν
1259 1133 1381 1197 κατερ-

200 1286 203 1290 ,
271 1222 433 1304 γάσασθαι
456 1224 660 1301 παντευχίαν.
704 1216 884 1302 διαβιβάζει
898 1223 1003 1283 τοίνυν
1021 1219 1067 1308 τῖς
1088 1214 1246 1301 Εόρσόπην
1267 1219 1302 1280 s's
1321 1217 1380 1297 τῆς

264 1321 376 1396 Ἀσίας
393 1317 466 1394 τοάς
484 1323 753 1403 στρατευομένους
775 1322 957 1406 πασσυδιλμ,
976 1322 1033 1384 καί
1053 1315 1317 1390 πολυπλασιάσας
1339 1311 1376 1379 τό

268 1423 387 1504 πλῆθος
408 1430 472 1496 τοῖς
491 1419 632 1498 Σκύθαις
655 1424 830 1507 ἐπαφῆκεν,
852 1417 932 1500 όμοῦ
953 1420 1096 1506 ἀρχηγόν
1116 1420 1226 1494 αὐτοῖς
1245 1411 1428 1501 ε’πιστὴ-λθ

268 1545 327 1598 σας
349 1522 503 1604 εόνσῦχόν
524 1545 594 1588 τινα
616 1525 679 1588 τεόν
699 1520 890 1607 ἱερωμένων,
913 1524 956 1608 τῷ
979 1524 1037 1587 τοῦ
1060 1518 1216 1608 ῥέκτωρσς
1237 1517 1377 1603 τιμήσας

268 1621 369 1688 ου’τόν
392 1622 560 1705 α’ξιιόματι.
604 1617 639 1698 ὃς
660 1624 718 1696 τάς
734 1624 889 1704 δυνάμεις
905 1621 1072 1705 άναλαβιόν
1092 1619 1172 1686 κατά
1195 1622 1258 1685 τάν
1280 1622 1377 1684 ε’ναν-

267 1729 341 1792 τίων
361 1723 458 1806 όμόσε
479 1732 597 1808 χωρεῖ·
641 1723 695 1788 κατ’
715 1721 775 1808 πρό
798 1725 855 1788 τοῦ
879 1724 1009 1808 χάρακα
1030 1729 1141 1804 βαλεῖν
1161 1723 1216 1786 καί
1234 1742 1377 1804 στρατο-

269 1823 489 1891 πεδεύσασθαι
510 1824 567 1889 καῖ
585 1823 706 1905 βουλάς
728 1824 938 1909 στρατηγικάς
968 1829 1139 1908 προλαβεῖν
1169 1825 1226 1886 καί
1244 1824 1375 1901 συμβα-

270 1933 335 1990 λεῖν
356 1923 396 1989 τά
424 1924 636 2009 προσήκοντα,
665 1923 743 1992 κατά
772 1929 916 2004 μέτωπον
939 1934 1007 2000 τοῖς
1032 1927 1208 2004 ἐναντίοις,
1241 1917 1286 1996 τός
1305 1915 1375 2004 εἶχε
1387 1927 1424 1980 15

270 2025 391 2110 φόρτου
414 2027 469 2089 καί
488 2028 645 2110 συσκευῆς
669 2028 893 2108 α’γοραστικῆς,
915 2015 1126 2112 ἐπιφαίνεται,
1145 2021 1293 2089 σπεόδων
1312 2021 1377 2083 αό-

269 2121 324 2200 τός
344 2149 376 2188 τε
397 2128 452 2188 καί
473 2121 502 2188 οἱ
524 2121 584 2188 σόν
606 2127 694 2211 adep]
708 2131 897 2208 καταλαβεῖν
920 2125 992 2203 τους
1016 2129 1294 2207 ιίντιτεταγμένους
1311 2119 1374 2204 πρό

268 2228 326 2289 τοῦ
347 2234 469 2313 φυγεῖν,
490 2223 546 2288 καί
565 2229 787 2308 πανωλεθρίαν
806 2228 926 2294 τούτων
941 2225 1152 2310 ἐργάσασθαι,
1175 2225 1218 2300 ὥς
1240 2227 1270 2288 δ’
1279 2226 1375 2318 ‘dast-

223 2321 226 2325 ’
271 2349 319 2390 νοι
342 2331 641 2416 περιτετειχισμένον
662 2335 731 2402 ταῖς
753 2324 892 2408 ἁμάξαις
922 2329 978 2415 τὴν
1002 2326 1119 2414 ἔφοδον
1142 2322 1247 2391 αὐτῶν
1267 2324 1375 2401 ἐξεδί-

269 2449 374 2510 χονεσ,
398 2426 507 2514 δρόμῳ
529 2425 585 2491 καί
605 2429 665 2512 βοῇ
688 2433 788 2516 πολλῇ
809 2432 849 2516 τῇ
867 2431 1055 2517 παρεμβολῇ
1073 2426 1192 2494 τοότων
1213 2427 1276 2491 τοῖν
1294 2419 1422 2489 ‘Pe-2⁰

268 2529 394 2610 passienis
412 2528 584 2615 φαλάγγων
604 2531 687 2606 τινὲς
706 2537 912 2615 προσέβαλον.
956 2529 987 2596 οἱ
1010 2534 1046 2595 δὲ
1065 2536 1191 2613 βέλεσιν
1212 2524 1376 2611 ἑκηβόλοις

268 2629 479 2716 χρησάμενοι,
501 2633 558 2695 καί
588 2631 664 2708 τοός
695 2634 813 2709 ἵππους
833 2633 940 2700 αὐτῶν
961 2640 1095 2718 πληγαῖς
1124 2628 1374 2715 θορυβήσαντας,

344 2810 386 2861 ιι.
411 2807 570 2883 patescere
587 2811 617 2866 o.
729 2811 770 2867 ιι.
789 2811 967 2885 uaesanae?
1079 2813 1123 2866 τι.
1142 2813 1323 2883 spectasses
1339 2805 1381 2872 0..

270 2977 396 3034 barbaros
415 2983 514 3034 ducere
534 2984 679 3035 exercitum
695 2999 843 3054 pugnacem
862 2995 966 3037 etcum
986 2985 1030 3038 hic
1049 2986 1223 3038 convenisset
1240 2992 1268 3037 et
1285 2981 1373 3035 hosti.
1398 2995 1406 3004 ‘

271 3045 320 3105 ltus
339 3069 369 3106 se
389 3056 560 3120 opposuisset
584 3071 690 3124 pugnae
715 3059 858 3108 continuae
883 3073 990 3125 quoque
1014 3059 1058 3123 die
1085 3057 1205 3120 fiebant,
1225 3071 1285 3108 cum
1302 3067 1374 3106 nunc

271 3121 309 3187 lri,
323 3139 394 3176 nunc
406 3125 447 3175 illi
461 3136 690 3194 praeoccuparent
709 3129 857 3178 victoriam.
897 3145 955 3178 cum
974 3138 1062 3180 autem
1081 3145 1129 3196 par
1147 3128 1294 3189 videretur,
1313 3127 1373 3178 sire

272 3198 360 3260 potius
381 3195 536 3262 Scytharum
549 3200 664 3264 impetus
681 3201 804 3265 superior
822 3200 881 3250 sine
901 3199 976 3251 clade
995 3200 1105 3251 alterius
1124 3201 1307 3266 oppositorum
1325 3211 1374 3264 per

272 3265 395 3328 alterum,
415 3271 502 3319 statim
522 3272 597 3336 quasi
617 3271 695 3337 signo
714 3270 775 3321 dato
794 3271 853 3321 sine
873 3273 1062 3336 persecutione
1083 3280 1109 3321 at
1129 3271 1193 3337 iuga
1211 3271 1344 3321 abierunt.

377 3337 473 3390 Statuit
498 3341 580 3407 igitur
605 3357 652 3392 rex
677 3343 859 3392 accessionem
886 3342 976 3393 lacere
1003 3342 1133 3392 exercitui
1159 3356 1207 3407 per
1226 3339 1373 3393 orientales

273 3405 390 3472 ordines,
420 3418 446 3460 et
471 3411 507 3461 ita
533 3410 690 3477 Scytharum
716 3411 855 3463 debellare
879 3412 1022 3476 militarem
1048 3406 1247 3462 incursionem:
1273 3412 1374 3462 traiicit

240 3479 356 3546 *igitur
380 3479 407 3529 in
431 3481 565 3548 Europam
588 3499 622 3532 ex
647 3481 710 3534 Asia
735 3481 880 3534 militantes
906 3485 976 3534 omni
1003 3499 1062 3534 cum
1087 3485 1115 3533 ri
1142 3491 1169 3533 ct
1192 3481 1374 3549 multiplicsns

271 3542 466 3602 multitudinem
493 3552 600 3619 Scythis
625 3554 733 3605 immisit
762 3553 841 3604 simul
868 3555 961 3606 ducem
988 3557 1022 3606 iis
1049 3555 1189 3620 imponens
1224 3552 1375 3606 eunuchum

224 3639 230 3654 ·
273 3623 403 3690 quendam
441 3624 601 3676 clericorum
636 3625 748 3676 rectoris
778 3626 911 3677 honorans
952 3643 1011 3678 eum
1046 3628 1185 3695 dignitate.
1234 3628 1280 3693 qui
1311 3626 1375 3692 qni.

273 3695 455 3767 dem-viribus
478 3696 596 3762 receptis
619 3711 677 3747 cum
705 3693 825 3750 hostibus
854 3701 1040 3766 congreditur,
1069 3706 1096 3749 et
1119 3708 1259 3766 antequam
1284 3697 1376 3747 muni.

215 3760 360 3825 ‘''t'iones
380 3772 482 3820 iaceret
501 3775 528 3818 et
546 3776 632 3820 castra
650 3778 765 3835 poneret
784 3778 811 3820 et
829 3771 943 3822 consilia
962 3772 1088 3823 militaria
1106 3772 1229 3850 exigeret
1246 3775 1274 3818 et
1292 3767 1375 3818 colli-

274 3850 351 3912 geret
369 3841 538 3902 necessaria,
566 3855 582 3890 a
602 3840 690 3891 fronte
709 3840 829 3893 hostibus
854 3851 883 3893 nt
900 3843 1045 3895 instructus
1064 3852 1122 3894 erat
1141 3857 1224 3893 onere
1244 3846 1272 3889 et
1290 3853 1376 3905 appa-

274 3919 332 3964 ratu
353 3918 473 3974 coemto,
500 3920 612 3976 apparet
634 3911 742 3981 studens
762 3921 790 3962 et
807 3915 866 3978 ipse
885 3922 912 3964 et
935 3917 980 3981 qui
1007 3931 1065 3965 cum
1096 3929 1129 3965 eo
1148 3920 1224 3964 erant
1242 3925 1375 3978 occupare

275 3983 429 4049 oppositos,
454 3982 607 4048 priusquam
636 3983 781 4050 fugerent,
807 3991 834 4033 et
852 3982 954 4033 cladem
973 4001 1097 4036 summam
1119 3985 1211 4036 horum
1232 3982 1374 4032 conficere.

219 4107 223 4113 ,
248 4057 335 4102 ‘cum
353 4059 441 4103 autem
470 4051 512 4103 illi
532 4053 613 4104 cincti
640 4052 761 4104 curribus
791 4055 917 4118 impetum
943 4071 1034 4107 eornm
1061 4059 1225 4123 exciperent,
1250 4068 1330 4104 cursu
1350 4058 1377 4102 et

276 4123 393 4174 clamore
418 4123 503 4174 multo
528 4133 615 4176 castra
642 4125 732 4175 harum
759 4123 918 4175 Graecarum
945 4126 1106 4196 phalangam
1133 4125 1280 4177 nonnullae
1298 4121 1378 4176 siinul

276 4209 420 4264 aggressae
438 4203 507 4246 sunt.
547 4194 588 4245 illi
607 4205 695 4246 autem
714 4195 808 4247 iaculis
829 4197 930 4247 eminus
944 4199 986 4248 usi
1006 4207 1032 4254 ct
1051 4212 1134 4266 equos
1155 4195 1314 4250 verberibus
1332 4196 1377 4245 in.

277 4267 404 4333 citantes,
429 4268 542 4335 turpiter
569 4265 618 4320 hos
642 4267 738 4335 lugere
757 4275 920 4336 coegerunt,
944 4278 1057 4324 carente
1082 4269 1175 4322 horum
1201 4283 1324 4336 quoquc,
1342 4282 1378 4320 ns

15 3763 210 3794 W—
