3017 4892
273 349 318 442 to
563 353 784 421 nrcmsnss
816 350 1075 440 nmmromr

272 513 345 588 σίας
366 506 462 598 ὕβριν
484 518 652 580 παθοίσαν
676 514 855 598 ἀνήκεστον.
878 510 972 596 ἔσχον
993 504 1051 578 οὖν
1067 515 1127 577 τοῦ
1141 514 1275 578 δικαίου
1296 514 1379 576 τοκί-

269 617 325 678 ’τοο
347 615 549 698 συλλήπτορα
572 615 667 698 ζήλου
691 616 810 680 καίτὸν
832 606 1011 698 όγιοότατον
1024 618 1136 678 τοῦτον
1149 607 1262 697 ἄνδρα.
1286 614 1379 678 Ἀλέ-

167 713 172 723 ’
269 719 331 794 ξιος
354 705 402 798 ἦν,
426 709 522 806 ὃπρδ
546 718 602 779 τοῦ
632 715 687 800 τη“ν
717 712 895 800 μοναχικῆν
919 716 1083 778 πολιτείαν
1105 709 1378 796 ἀκριβωσόμενος.

267 812 323 878 καί
346 812 517 896 ἅνόγουσι,
550 816 668 904 γνώμη
692 821 746 881 καί
771 821 865 881 τινῶν
886 818 949 880 τῶν
976 816 1112 896 ε’ντὲλει,
1134 812 1193 898 τὴν
1214 811 1376 897 ὁμαίμονα

268 917 323 998 τῆς
344 916 508 1000 παθούσης
530 919 695 1003 δεσποίνης
725 918 896 1001 (Θεοδιόρα
924 915 1027 1004 ταότη
1050 916 1085 980 τὸ
1111 906 1226 1003 ὄνομα)
1250 919 1284 995 ἐξ
1305 909 1409 990 {vocs

267 1019 329 1081 ταῖν
342 1013 501 1102 Πετρίων,
516 1015 548 1082 ἒν
569 1008 592 1106 ᾧ
615 1019 744 1102 χρόνοις
766 1024 891 1092 πολλοῖς
913 1018 1080 1094 ἰδιωτικῶς
1099 1019 1272 1100 μονονουχὶ
1288 1016 1376 1098 ἐβιό-

267 1141 367 1186 τενσε.
411 1121 557 1183 πείθουσι
581 1119 642 1202 γὰρ
669 1112 769 1212 πότην
789 1117 973 1200 γυναικείας
993 1107 1106 1194 αίδοῦς
1129 1120 1183 1182 καί
1205 1117 1376 1192 όσθενείας

267 1219 499 1300 ἐπιλαθέσθαι,
528 1224 582 1283 καί
601 1220 722 1294 τούτοις
752 1207 966 1302 ἀκολουθῆσαι
988 1221 1193 1303 παρασκευῆς
1214 1214 1298 1313 οὕτω
1319 1217 1378 1282 καί

266 1317 391 1404 γνώμης
405 1318 535 1415 (ἔχουσι,
556 1317 660 1384 πόντα
683 1319 802 1409 ῥᾳδίως
824 1316 922 1384 οίσειν
944 1322 998 1384 καί
1007 1321 1121 1405 ταύτης
1142 1321 1374 1404 προκινδυνεῦ-

267 1445 322 1485 σαι
345 1420 400 1484 καί
421 1423 477 1503 τῆς
512 1420 715 1507 ον’ταδίλρης
751 1424 863 1504 ου’τῆς,
880 1418 935 1484 καί
956 1423 1060 1505 φόβου
1085 1418 1203 1494 παντὸς
1224 1416 1424 1490 α’παλλό-λο

266 1527 317 1603 ξαι
339 1521 395 1586 καί
414 1522 561 1587 κινδύνου
592 1523 650 1620 epil
681 1523 903 1605 πολεμητορος.
954 1526 1151 1607 ἐποχηθεῖοα
1183 1522 1291 1590 τοίνυν
1320 1523 1374 1607 ἐφ’

265 1606 362 1692 lmus
384 1623 520 1707 πρόεισι,
546 1627 809 1709 δορυφορουμένη
840 1628 994 1704 λαμπραῖς
1015 1623 1224 1707 μυριόνδροις
1255 1617 1373 1703 ὅπλοις,

267 1728 322 1788 καί
339 1733 498 1812 φυλακαῖς
535 1725 759 1806 οἶκοθαιρέτοις
788 1729 1034 1808 περιειλημμένη
1057 1723 1114 1788 καί
1143 1730 1375 1807 προκατειλημ·

266 1830 344 1910 μόνη
363 1825 420 1902 τός
445 1824 613 1908 διεξόδους,
637 1824 754 1907 ὁμοίως
775 1822 829 1890 διό
851 1829 949 1910 μέσης
960 1828 1015 1909 τῆς
1033 1823 1163 1920 πόλεως,
1184 1823 1269 1908 παρό
1293 1821 1376 1887 πόν-

268 1951 331 1992 των
360 1928 607 2012 ειίφημουμένη,
644 1930 700 1990 καί
727 1931 961 2011 προτρεπομένη
994 1925 1038 2009 μὴ
1069 1927 1216 1991 ἐνδοῦναι
1238 1923 1318 2006 πρὸς
1338 1923 1421 2001 1615

269 2027 435 2111 α’γοόνισμα
460 2031 514 2092 καί
534 2026 590 2110 την
606 2031 665 2091 τοῦ
690 2029 860 2107 α’ναιρὲτου
877 2025 1073 2111 καθαίρεσιν.
1097 2029 1296 2091 διασωθεϊσα
1318 2019 1376 2089 οὖν

269 2126 348 2210 π’ρὸς
368 2126 424 2191 τὸν
443 2125 629 2212 περιβόητον
658 2129 713 2191 καί
746 2133 834 2191 θεῖον
856 2126 933 2193 ναόν
956 2124 1092 2213 ἑσπέρας
1125 2117 1221 2212 οόσης
1239 2130 1375 2209 βαθείαις

269 2222 389 2293 όνεισιν
409 2231 454 2306 είς
476 2227 534 2312 τός
554 2237 610 2292 τοῦ
626 2226 828 2313 πατριόρχου
852 2227 1021 2312 διαγωγός,
1045 2230 1098 2294 καί
1116 2230 1159 2318 τῷ
1180 2226 1296 2311 πλήθει
1318 2228 1375 2301 τός

270 2319 362 2411 ὄψεις
394 2331 491 2415 ον’τῆς
520 2333 565 2404 εἰς
598 2328 648 2394 τόν
680 2327 757 2394 ναόν
779 2333 955 2417 ἐπαφίησι·
999 2335 1054 2395 καί
1080 2338 1156 2415 παρ’
1179 2329 1304 2395 ἐκείνων
1329 2326 1375 2394 ἔτι

270 2435 528 2514 παρεγγυηθεῖσα
559 2435 694 2515 θαρρεῖν
724 2425 807 2496 οὕτω
831 2434 1089 2515 διανυκτερεύει,
1116 2435 1419 2516 συγκαλεσαμίνηηρ

129 2553 149 2610 ς,
172 2549 223 2608 170
237 2529 389 2607 ι.πόντοις
409 2532 483 2610 τοὺς
508 2535 541 2598 ἐν
560 2539 644 2600 τέλει
666 2537 801 2616 ταχέως,
825 2536 881 2597 καί
908 2532 1026 2609 παντὸς
1045 2521 1221 2615 Αψιλιόσοισα
1242 2533 1297 2598 τὸν
1316 2535 1375 2597 α’ν-

269 2637 446 2717 τικείμενον
467 2640 609 2716 βασιλέα
643 2634 818 2717 δυνάμεως,
840 2630 944 2718 όρχός
964 2659 998 2698 τε
1022 2633 1123 2710 ου’θός
1152 2636 1301 2721 λαμπρός
1321 2639 1400 2699 καί

268 2733 500 2822 ὀίγορανομικός
524 2737 735 2820 ἀποδείξασα,
758 2735 812 2801 καί
834 2734 867 2802 τὸ
880 2735 994 2821 κρότος
1005 2741 1060 2820 τῆς
1078 2740 1243 2819 βασιλείας
1266 2740 1374 2817 δεξιός

269 2840 515 2924 περιεζωσμίνη.
1109 2855 1113 2865 ’
1143 2853 1147 2860 “

343 2991 384 3044 12.
406 2989 522 3063 δχλοιςλ
631 2994 672 3048 18.
693 3003 755 3063 post
773 2997 877 3062 πλήθει
897 2996 972 3050 deest
991 2992 1084 3051 nescio
1103 3001 1174 3068 quid.
1267 3066 1271 3072 ἱ

269 3143 336 3180 rum.
374 3129 501 3198 (Alexius
530 3139 601 3195 erat,
629 3133 674 3200 qni
696 3141 775 3185 antea
802 3134 983 3188 monachicam
1008 3137 1261 3190 administrationem
1280 3154 1373 3191 corre-

269 3204 369 3269 xerat).
391 3208 417 3250 et
434 3201 556 3254 reierunt
573 3203 600 3254 in
615 3207 768 3256 memoriam
789 3209 867 3257 etiam
886 3209 1048 3276 quorundam
1065 3211 1176 3275 imperio
1195 3211 1373 3277 praeditorum

270 3278 409 3336 cognatam
427 3281 541 3323 vexatae
562 3274 684 3326 dominae
712 3277 866 3345 (Theodora
891 3279 953 3330 huie
980 3289 1038 3331 erat
1064 3287 1174 3351 nomen)
1196 3297 1230 3333 ex
1247 3298 1300 3333 uuo
1319 3282 1373 3334 Pe.

246 3339 249 3344 “
269 3342 389 3405 trionum,
411 3343 437 3394 in
460 3359 512 3411 quo
532 3343 629 3397 multos
643 3361 726 3400 annos
747 3348 867 3401 solitaria
881 3366 968 3418 paene
981 3353 1103 3403 vixerat:
1123 3353 1284 3419 persuadent
1304 3355 1372 3405 enim

271 3413 306 3476 ei,
326 3420 355 3462 ut
373 3411 510 3467 muliebris
531 3417 675 3483 pudicitiae
697 3427 723 3470 et
749 3421 908 3474 infirmitatis
928 3423 1104 3475 obliviscatur
1125 3434 1151 3476 ct
1178 3425 1226 3477 bos
1248 3434 1373 3495 sequatur

200 3540 202 3548 Α
270 3484 315 3550 qui
336 3488 542 3552 praeparatione
561 3488 598 3539 ita
617 3497 643 3542 et
663 3489 778 3542 oonsilio
796 3495 918 3545 instructi
938 3496 1000 3559 sint,
1019 3503 1048 3545 ut
1070 3497 1158 3546 omnia
1177 3496 1259 3547 facile
1277 3512 1373 3564 repor-

269 3556 349 3606 taturi
367 3556 420 3607 sint
441 3566 468 3608 et
487 3573 536 3626 pro
550 3558 600 3611 hac
620 3561 731 3629 eiusque
748 3577 842 3616 sorore
859 3567 1010 3633 pugnaturi,
1031 3582 1142 3636 eamque
1159 3567 1193 3618 ab
1212 3570 1282 3620 omni
1302 3577 1375 3620 metu

269 3625 407 3692 liberaturi
426 3631 480 3681 sint
501 3639 528 3681 et
556 3632 678 3698 periculo
697 3633 773 3686 belli.
798 3646 877 3688 vecta
895 3639 977 3706 igitur
997 3653 1066 3706 equo
1084 3640 1255 3707 progreditur
1278 3642 1376 3708 stipata

269 3698 407 3765 splendide
431 3703 667 3756 innumerabilibus
692 3709 771 3758 armis
799 3717 826 3760 et
858 3710 998 3777 praesidiis
1030 3711 1139 3761 invictis
1172 3725 1329 3779 oppugnans
1348 3720 1376 3762 et

270 3785 403 3837 occupans
425 3776 509 3826 exitus
528 3778 628 3841 pariter
652 3791 700 3843 per
728 3781 840 3832 mediam
867 3779 979 3846 urbem,
999 3782 1031 3833 ab
1052 3782 1174 3833 omnibus
1193 3781 1330 3835 celebrata
1349 3791 1376 3833 et

270 3841 411 3907 admonita,
430 3861 465 3895 ne
484 3847 592 3899 cederet
609 3848 637 3899 in
660 3853 805 3903 certamine
826 3861 852 3902 et
870 3851 1019 3919 parricidae
1036 3869 1114 3906 nece.
1137 3854 1300 3920 perveniens
1319 3855 1375 3924 igi-

269 3919 312 3961 tur
328 3913 361 3962 ad
380 3913 479 3966 clarum
502 3926 529 3968 et
547 3919 664 3970 divinum
677 3921 804 3987 templum
823 3938 881 3973 cum
902 3939 1000 3991 vesper
1016 3934 1088 3977 esset
1100 3926 1258 3992 profundus,
1277 3941 1375 3978 ascen-

269 3983 308 4033 dit
326 3984 353 4033 iu
372 3987 539 4051 patriarchae
565 3989 648 4040 cellas
675 3998 702 4042 et
729 3994 757 4043 in
784 3992 978 4045 multitudinem
1007 3997 1101 4050 oculos
1121 4013 1183 4048 suos
1202 3999 1230 4047 in
1248 3997 1376 4066 templum

270 4053 372 4122 defigit,
393 4065 419 4108 ct
439 4057 472 4108 ab
488 4059 544 4110 illis
561 4063 645 4128 magis
666 4062 808 4127 admonita,
829 4072 858 4115 ut
878 4066 1024 4134 tranquillo
1054 4077 1126 4121 esset
1145 4070 1244 4132 animo,
1264 4069 1303 4120 ita
1322 4083 1375 4119 no-

269 4132 337 4175 ctem
355 4127 393 4178 ibi
417 4129 505 4196 degit:
530 4140 669 4199 postquam
698 4136 860 4186 convocavit
886 4151 987 4203 omnes,
1016 4142 1060 4209 qui
1081 4155 1138 4191 cum
1157 4141 1271 4208 imperio
1290 4147 1375 4203 erant,

269 4196 396 4250 celeriter
419 4208 445 4251 et
464 4203 534 4252 omni
553 4204 664 4254 nudavit
683 4208 833 4272 oppositum
850 4223 943 4276 regem
970 4213 1103 4278 potentia,
1123 4220 1270 4279 potestates
1288 4213 1377 4265 statim

268 4268 421 4335 splendidas
433 4281 460 4324 et
475 4273 607 4327 aedilitias
621 4278 760 4328 constituit
777 4286 804 4329 et
814 4282 959 4346 potentiam
968 4284 1047 4350 regni
1065 4291 1126 4352 apte
1138 4283 1189 4335 sibi
1208 4275 1374 4336 conciliavit.
