3017 4892
303 352 373 433 τοι
464 406 473 419 .
586 363 805 431 κιοσλσειε
836 360 1096 439 memorie

298 529 441 609 βασιλίδι
462 523 690 609 ἐπιδεδήμηκε,
719 522 754 588 τδ
780 527 893 589 οἰκεῖον
918 526 1039 606 πλῆθος
1063 520 1250 586 καταλιπων
1273 520 1356 584 κατ’
1382 521 1458 604 τήν

285 626 494 712 ,αὐτομολίαν
516 624 752 709 αἱρετιοοίμενος
776 622 998 706 α’προαίρετον.
1041 627 1095 687 καί
1115 622 1134 705 ἦ
1157 624 1258 702 αἰτία,
1289 614 1451 703 ὅτιπερ

299 724 512 801 δσουλτδνος
546 724 562 789 o‘
593 728 649 807 τῆς
678 726 824 809 Περσίας
854 727 995 804 κρατῶν,
1028 726 1194 803 δυσμενῶς
1215 720 1318 804 ἔχων
1349 720 1449 804 πρὸς

297 830 408 893 τοῦτον
441 827 483 903 ιδς
512 826 693 910 ἀποστάτην
703 872 713 901 ,
745 825 902 908 στρατιάν
928 828 994 888 κατ’
1016 826 1116 889 ου’τοῦ
1137 828 1191 887 καί
1219 820 1444 905 α’γελάρχην

297 928 501 994 ἀπέστειλεν·
530 916 575 990 ὧν
597 929 642 1015 τῷ
664 924 755 1015 φόβῳ
779 922 998 999 κατασειοδεδς
1018 925 1075 987 ουίι
1100 917 1203 998 ἄλλως
1225 922 1462 1005 διαδρᾶναις

296 1029 351 1095 τὸν
378 1031 520 1093 κίνδυνον
546 1025 753 1111 διεσκόπησεν
781 1018 803 1109 ἢ
826 1030 870 1113 τῷ
896 1032 1091 1111 προσφυγεῖν
1120 1019 1167 1110 τῷ
1188 1028 1345 1105 βασιλεῖ
1361 1026 1437 1085 τῶν

293 1124 469 1209 Ῥωμαίων.
516 1122 593 1208 idq·
616 1131 671 1190 καί
703 1125 782 1191 κατὰ
807 1127 882 1191 νοῦν
906 1125 991 1211 αὐτῷ
1019 1120 1275 1208 προκεχώρηκεν·
1337 1121 1434 1191 δατ-,-

298 1230 401 1313 δίχθη
431 1232 490 1307 μὲν
521 1227 682 1310 γάρ,καί
703 1224 812 1308 α’σινης
842 1226 884 1313 τῷ
908 1224 981 1315 οἴκιρ
1004 1226 1060 1289 τοῦ
1085 1226 1315 1297 διασωθέντος
1344 1226 1438 1305 παρζ

298 1332 397 1393 adrui
422 1324 661 1411 κουροπαλδτου
683 1329 898 1410 προοεδέχθη.
956 1325 971 1388 δ
995 1330 1030 1391 δὲ
1050 1325 1199 1406 βασιλεὺς
1223 1326 1287 1386 ουίι
1310 1318 1430 1389 ,εὔθε-

296 1453 348 1506 τος
370 1432 456 1515 ου’τῷ
482 1427 657 1513 κατεφάνη,
679 1426 722 1511 μη
747 1434 813 1491 κατ’
836 1420 914 1507 ὄψιν
939 1424 1037 1489 αὐτὸν
1058 1423 1183 1507 α’γαγιδν
1206 1424 1249 1487 δι’
1273 1424 1460 1509 ἦμεραῖνλι

297 1533 355 1595 οδκ
376 1532 500 1612 ὀλίγων.
545 1522 612 1592 εἶτα
640 1532 695 1610 τῆς
716 1526 894 1611 συγκλήτου
927 1524 1137 1608 συνάθροισιν
1157 1522 1236 1605 μετὰ
1262 1529 1331 1607 τῆς
1355 1551 1425 1590 σο-

296 1634 415 1717 νηδοος
445 1631 690 1714 λαμπροφορίας
722 1627 934 1712 ποιησάμενος
962 1624 1021 1713 δρρῖ
1053 1628 1165 1689 τοῦτον
1195 1630 1228 1689 ἐν
1251 1628 1301 1714 τῷ
1327 1652 1421 1711 χρυ-

296 1734 477 1817 σοτρικλίνηι
508 1734 582 1812 περὶ
599 1726 653 1813 την
681 1731 739 1793 ruri
767 1730 858 1812 ἡλίου
894 1726 1048 1809 ἐπιτολήν.
1091 1724 1161 1792 τότε
1181 1730 1217 1791 δὲ
1233 1729 1362 1805 πάντες
1384 1729 1417 1793 οἱ

295 1828 454 1907 συνιόντες
477 1835 530 1894 καί
550 1829 584 1905 τὸ
608 1828 806 1914 διανοητικόν
830 1826 885 1893 εἴτ’
905 1821 962 1892 οὖν
984 1826 1170 1949 αἰσθητικὸν
1190 1824 1414 1911 ἰσχυρότερον

295 1930 419 2013 ἔχοντες
443 1934 493 1995 ε’πι
490 1932 629 2052 μεῖζοη
648 1930 707 2048 ripn⁸
731 1926 843 2015 φωνην
865 1922 946 2013 ηραν
966 1952 1018 1991 και
1040 1928 1075 1991 τὸ
1096 1928 1197 2003 πάθος
1220 1924 1342 2045 ἐξῆραν
1365 1930 1447 2005 αδςλό

295 2030 331 2094 τδ
355 2030 457 2105 εἰκός·
500 2036 568 2106 νέος
586 2034 645 2111 μὲν
667 2028 729 2115 γὰρ
754 2024 831 2113 ηνδ
860 2031 982 2114 φανείς,
1004 2036 1162 2111 πυγμαῖυς
1192 2029 1227 2091 δὲ
1248 2053 1309 2149 την
1332 2026 1410 2113 ἡλι-

297 2134 368 2193 κίαν
391 2123 518 2212 σχεδόν,
543 2133 602 2215 την
623 2124 700 2212 διγιν
716 2128 848 2252 Σκύθης
870 2132 925 2193 καί
945 2152 1073 2211 αχαρις,
1094 2124 1200 2211 ἐπειδη
1224 2154 1278 2193 και
1302 2134 1407 2195 τοῦτο

295 2228 331 2294 τὸ
349 2232 437 2311 γένος
458 2235 492 2295 ἐκ
513 2234 647 2295 Σκυθῶν
668 2255 720 2295 και
737 2254 792 2312 της
814 2228 941 2296 ἐκείνων
963 2230 1152 2313 κακοηθείας
1174 2252 1227 2297 και
1251 2232 1404 2313 δυσμορ-

264 2401 267 2411 ,
296 2333 374 2416 φίας
395 2330 575 2413 κατάγεται.
596 2331 732 2416 τιμήσας
754 2335 793 2395 δὲ
812 2336 922 2396 τοῦτον
946 2326 960 2392 δ
979 2328 1133 2412 βασιλεδς
1153 2330 1321 2415 πρόεδρον,
1349 2331 1405 2396 καιΙ

213 2492 217 2500 ,
294 2434 521 2512 συμβαλέσθαι
542 2436 653 2497 τοῦτον
674 2430 751 2516 πρὸς
770 2430 827 2517 την
849 2432 926 2497 κατὰ
944 2436 1005 2497 τῶν
1024 2430 1174 2515 Τοδριιων
1194 2432 1437 2515 ε’κστρατείανλο

295 2531 335 2594 ου’
341 2522 481 2616 ’μικροῖς
499 2534 627 2618 οἰηθείς,
649 2536 682 2611 ἐξ
703 2536 824 2597 ἐκείνου
847 2535 964 2597 διεῖπεν
987 2530 1093 2597 ου’τόν.

415 2636 487 2699 Καί
516 2630 574 2716 την
598 2638 631 2698 ἐν
664 2636 704 2720 τῇ
726 2629 943 2723 βασιλευούσῃ
973 2635 1234 2715 παραχειμασίαν
1258 2636 1393 2709 ’τελέσας

294 2734 465 2819 κατάλογον
498 2736 702 2821 στρατιωτῶν
732 2737 906 2821 ἐπεποίητο.
963 2736 1292 2833 καίδιαπεραιωδείς
1316 2728 1390 2820 ἄρτι

365 2902 407 2954 17.
429 2906 478 2959 ἐπὶ
496 2903 528 2959 δὲ
546 2904 576 2958 0.

1042 2999 1056 3009 .
1346 2978 1361 3005 i·

294 3050 459 3108 censuerat,
478 3044 548 3110 quod
569 3042 706 3107 enitnuur,
724 3042 842 3096 Persidis
863 3044 1024 3111 imperator,
1041 3045 1167 3097 inimicus
1186 3042 1249 3095 huic
1268 3050 1383 3112 tanquam

293 3113 436 3181 proditori.
450 3116 598 3166 exercitum
623 3123 716 3175 contra
741 3130 801 3165 curn
830 3123 856 3166 et
875 3117 987 3183 agminia
1017 3115 1110 3167 ducem
1133 3116 1256 3167 miserat:
1279 3129 1383 3183 quorum

293 3192 366 3236 metu
386 3186 526 3251 perculsus
545 3200 599 3235 non
619 3186 746 3238 aliterue
767 3186 887 3255 effugere
901 3185 1048 3253 periculum
1067 3187 1205 3253 perspexit
1222 3186 1273 3239 nisi
1291 3186 1381 3249 coniu-

295 3262 372 3321 geret
395 3257 429 3307 ad
451 3270 543 3322 regem
565 3256 742 3308 Graecorum:
772 3258 798 3308 id
823 3257 894 3324 quod
922 3259 1001 3323 etiarn
1030 3274 1063 3309 ex
1090 3259 1177 3309 animo
1204 3259 1228 3309 ci
1248 3259 1378 3324 processit.

232 3338 241 3346 ·
296 3334 424 3393 exceptus
444 3328 512 3377 eninr
533 3334 582 3390 eet,
603 3335 630 3377 et
647 3326 789 3379 incolumis
807 3329 884 3380 domo
904 3331 1004 3381 servati
1023 3328 1055 3381 ab
1079 3344 1110 3380 en
1140 3328 1287 3395 curopalati
1305 3344 1380 3380 ecce.

295 3406 356 3465 ptue
377 3404 425 3449 ent.
463 3412 511 3449 rex
529 3406 616 3462 autern
634 3412 688 3450 nnn
707 3398 800 3451 iuvere
815 3401 840 3451 ei
859 3401 933 3452 virus
954 3408 1002 3464 est,
1023 3416 1081 3451 cnm
1101 3416 1154 3451 uun
1173 3402 1200 3451 in
1219 3408 1378 3467 conspecturi

295 3484 372 3522 auum
391 3484 450 3519 eum
464 3468 612 3532 ,adducerer
629 3484 678 3535 per
696 3470 754 3523 dier
774 3486 827 3522 uon
846 3486 962 3537 pauens3
990 3472 1085 3524 deinde
1104 3479 1210 3527 senatus
1230 3479 1377 3524 conventum
1475 3506 1476 3511 ,

296 3556 355 3592 cum
375 3540 455 3593 solite
475 3540 673 3608 magnificentia
690 3543 832 3595 instituens
853 3543 927 3594 videt
946 3542 1016 3594 hunc
1034 3544 1061 3593 in
1081 3556 1163 3594 aureo
1181 3542 1296 3593 triclinio
1313 3545 1377 3593 eirea

294 3612 380 3666 solem
399 3614 538 3664 orientem.
575 3618 731 3665 tumentem
750 3629 841 3666 omues
862 3615 908 3682 qui
929 3615 1053 3665 adessent
1072 3622 1098 3665 et
1116 3615 1231 3665 animum
1249 3616 1303 3665 sive
1317 3628 1376 3678 nen-

294 3701 351 3738 enm
371 3684 527 3737 validiorem
546 3683 685 3750 haberent,
703 3688 789 3755 magia
807 3701 901 3737 vocem
921 3684 1067 3750 tollebant,
1089 3694 1115 3736 et
1132 3684 1202 3753 quod
1221 3698 1308 3751 pannus
1325 3692 1376 3735 erat

295 3758 442 3809 efferebant
457 3765 490 3808 ut
507 3772 619 3824 aequum
650 3766 715 3809 erat.
760 3758 867 3810 iuvenis
887 3759 956 3809 enim
977 3764 1033 3807 erat
1051 3756 1119 3819 ille,
1138 3764 1281 3825 pygmaeus
1299 3762 1374 3807 nutem

295 3828 353 3879 iere
375 3830 445 3896 quod
464 3836 579 3880 aetatem
598 3829 707 3891 κυλίσεις
728 3830 799 3896 quod
817 3837 962 3895 aspectum,
990 3826 1089 3892 Scytha
1111 3834 1137 3877 et
1155 3828 1261 3877 minime
1280 3827 1372 3879 suanir:

294 3901 418 3963 quonium
438 3901 516 3950 etium
535 3900 587 3950 hoc
606 3914 691 3967 genus
709 3899 844 3965 aScythir
864 3908 890 3949 et
908 3899 1015 3950 iliorum
1034 3896 1168 3964 pravitate
1188 3906 1214 3949 et
1232 3896 1372 3949 deformitu.

293 3968 356 4018 dine
374 3970 520 4021 deducitur
568 3970 637 4021 hunc
666 3978 754 4021 autem
772 3985 821 4020 rex
840 3970 969 4035 praesidis
988 3970 1117 4035 dignitate
1143 3970 1262 4031 ornavit,
1281 3976 1304 4019 et
1319 3968 1372 4034 quin

292 4037 376 4089 multa
396 4041 506 4091 eumad
533 4042 728 4107 expeditionem
759 4048 850 4092 contra
870 4039 987 4092 Turcne
996 4039 1153 4092 collaturum
1174 4039 1287 4108 putabat,
1304 4038 1373 4089 δοιοί.1

292 4107 397 4162 liariter
417 4123 449 4159 eo
469 4112 565 4161 exinde
584 4128 646 4164 unue
666 4120 715 4164 eet.

393 4196 427 4249 Et
445 4194 591 4248 hibernie
583 4214 612 4249 rn
624 4202 699 4267 regia
711 4198 826 4267 peractis
839 4197 972 4250 delectum
987 4200 1098 4253 militurn
1110 4202 1243 4253 instituit:
1263 4207 1370 4251 etnanr-

294 4282 404 4346 ρτειεαι
420 4267 499 4328 modo
527 4283 594 4324 vere
620 4271 768 4341 incipiente
797 4271 868 4323 eirca
892 4258 984 4338 iprum
1002 4272 1071 4327 diem
1091 4271 1205 4329 illurtria
1224 4270 1371 4327 diederici
