3017 4892
286 347 361 429 248
588 355 808 424 llffldffls
836 350 1095 422 ΔΉΑΙᾸΜΔΕ

286 533 415 609 πεδίον,
437 528 497 612 τήν
522 525 660 610 πρόοδον
681 528 784 591 cainoni
802 527 1017 608 ἐνδεχόμενον.
1069 521 1112 599 ὥς
1133 526 1168 588 δ’
1192 520 1452 610 ἀνεφάνησαν

285 627 322 696 τά
348 607 465 712 σήμεῖα
495 630 552 691 καί
578 626 805 709 προσεχώρουν
826 624 862 690 αἱ
882 623 1077 708 παρατάξεις
1104 627 1212 689 αὐτοῦ
1226 673 1242 705 ,
1276 628 1449 708 βαρεῖαν

285 733 542 813 α’παγγίλλουσαι
562 728 618 810 τήν
642 729 743 792 αδιοῠ
763 729 975 812 ἐπιφοίτησιν,
999 725 1056 791 ναί
1074 727 1112 793 ια’
1135 730 1275 808 κε’ρατα
1291 751 1441 788 παντα.

283 833 384 916 χόθεν
411 828 550 916 φοβερόν
571 853 602 893 τι
632 832 687 892 καί
713 827 965 912 ναταπληντινὸγ
994 829 1227 912 ἐπεσήμαινον,
1268 829 1438 903 ια’ντεῖνος

285 935 321 996 ἐν
343 933 550 1015 παρασήμοις
572 931 658 1013 παρὰ
682 933 837 994 πλείστων
859 931 1137 1014 δορυφορούμενος
1159 925 1456 1008 νατελάμβανε,5

287 1030 489 1107 διατάξαντες
512 1035 547 1097 δὲ
569 1027 706 1106 ἓαυτοίνς
728 1029 899 1114 στοιχηδὸν
923 1029 954 1093 οἱ
975 1031 1056 1112 πρὸς
1074 1033 1157 1093 θίαν
1174 1028 1337 1107 ἐξιόντες
1364 1053 1429 1090 πο-

285 1138 392 1214 λῖται,
421 1133 453 1195 οἳ
470 1157 504 1197 τε
533 1135 724 1213 στρατιῶται
753 1132 814 1204 τὰς
845 1125 984 1206 άσπίδας
995 1135 1227 1212 ’προτείνοντες
1272 1129 1344 1192 ναὶ
1364 1127 1425 1202 τάς

287 1229 407 1313 αἰχμάς
434 1236 497 1295 rodo
528 1228 634 1296 ὅπλων
654 1229 928 1312 ἐπισυναίροντες,
948 1230 1011 1314 η’χή
1032 1254 1067 1295 τε
1090 1230 1159 1294 ’τῶν
1178 1235 1343 1311 βυιτίνων
1367 1229 1425 1291 κατ’

285 1334 349 1398 των
369 1337 551 1414 σαλπίγγων
573 1333 688 1414 ἐγίνετο
705 1330 762 1394 καὶ
779 1330 814 1395 τὸ
837 1333 894 1414 τῆς
913 1333 1075 1416 ου’φήμίας
1096 1325 1182 1415 ήρδή
1205 1328 1309 1412 παρά
1331 1328 1419 1391 πάν.

287 1457 350 1496 των
375 1430 559 1516 περίοπτον,
584 1429 697 1510 ἔδοξαν
728 1429 759 1494 οἱ
780 1436 908 1504 πλείους
926 1429 986 1513 τήν
1009 1433 1190 1515 παρουσίαν
1209 1431 1333 1494 aare&
1350 1436 1447 1509 [ln-a

285 1536 400 1607 σιλίως
429 1531 580 1615 μεγίστου
618 1532 674 1596 ναί
705 1531 928 1597 δυνατωτάτου
965 1532 1203 1597 autumarent·
1257 1533 1416 1605 κάκεῖνος

285 1633 436 1716 δπεράνω
457 1632 572 1709 παντὸς
602 1633 697 1717 λόγου
719 1631 834 1698 ἑαυτὸν
858 1635 1087 1717 λογισάμενος,
1120 1629 1240 1714 μεστὸς
1263 1633 1411 1696 ἐλπίδων

286 1731 342 1798 ναί
361 1733 551 1818 αὐχήματος
582 1737 628 1808 εἰς
647 1732 705 1816 τήν
727 1734 933 1817 ἐνεγκαμένην
963 1730 1059 1800 αὐτὸν
1082 1731 1278 1816 εἰσελήλυθε
1298 1729 1404 1794 πάλιν.

285 1828 368 1918 ήσαν
391 1836 570 1916 δὲταῦτα,
597 1831 640 1910 ὥς
665 1830 799 1920 ὕστερον
818 1832 853 1897 τὰ
884 1838 1016 1917 πρᾶγμα
1042 1833 1097 1900 τδν
1119 1831 1251 1916 ἔλεγχον
1270 1835 1403 1915 δέδωκε,

285 1931 432 2019 πιθήκων
459 1930 480 2019 ή
503 1932 646 2020 γεράνων
678 1935 850 2020 δρμήμοτα
877 1938 932 2000 καί
954 1937 1187 2018 νεανιεύματα·
1231 1931 1320 2000 ἔνθα
1342 1936 1400 2018 γάρ
1408 1968 1432 2019 15

286 2038 364 2112 θεὸς
384 2037 424 2099 οδ
438 2043 638 2103 ’συνευδοκεῖ
655 2040 710 2103 ναί
729 2039 925 2124 ψηφίζεται,
947 2040 1003 2101 καί
1021 2041 1136 2122 πρᾶξις
1157 2037 1331 2120 εδθντάτή
1348 2038 1401 2098 καί

284 2142 442 2221 θεοφιλής
465 2136 592 2203 διάνοια
606 2143 665 2222 τήν
686 2134 814 2203 ἄνωθεν
833 2140 892 2202 ουίι
907 2143 1085 2204 ἐκκαλεῖται
1102 2141 1270 2225 βοήθειαν,
1293 2143 1395 2225 pposi-

290 2238 345 2298 δον
370 2230 455 2301 ἅπαν
477 2242 532 2303 καί
556 2239 690 2316 coaeva
717 2237 752 2302 ro*
776 2243 851 2325 παρ’
875 2241 1057 2324 ἀνθρώπων
1075 2241 1249 2324 γενόμενον.

386 2340 434 2401 Ἐν
455 2340 490 2401 δὲ
511 2342 552 2426 τῇ
570 2339 749 2427 Ῥαιδεστῷ,
773 2340 834 2425 πρὸ
858 2347 917 2405 τοῦ
931 2341 987 2407 τόν
1004 2346 1180 2424 Βρυὲννιον
1198 2349 1391 2424 καταλαβεῖν

286 2439 332 2512 είς
358 2434 639 2521 Ἀδριανοδπολιν,
671 2440 926 2526 ἐπικρατησάσής
953 2445 1010 2525 τής
1038 2442 1233 2526 Βατατζίνης
1265 2445 1424 2526 (idolo-pp

285 2535 380 2603 νόουν
413 2541 473 2622 γάρ
496 2563 578 2615 τινες
605 2541 686 2625 πρὸς
703 2541 761 2625 τήν
778 2543 881 2606 ὀυ’τοδ
901 2546 1113 2628 ἐπιχειρήσω)
1147 2542 1385 2629 α’νήγορεδθήδ

258 2705 263 2726 χ
285 2643 469 2724 Βρυίννιος.
511 2645 567 2706 καί
585 2645 712 2725 πρῶτον
732 2639 823 2726 ἔργον
852 2648 1104 2729 τοϊςὲγχωρίοις
1124 2648 1247 2727 ἐγένετο
1268 2642 1301 2708 sd
1323 2670 1383 2708 να-

279 2744 392 2832 &algle
421 2741 477 2806 καί
496 2749 688 2828 καταβαλεῖν
720 2746 767 2820 είς
784 2747 843 2830 γήν
870 2743 903 2811 τὸ
929 2743 1034 2811 κοινὸν
1065 2743 1213 2830 α’τόπήμα
1234 2739 1289 2810 καί
1307 2746 1381 2811 άδί-

357 2916 384 2969 6.
404 2917 435 2994 δὲ
456 2933 499 2970 om
521 2919 550 2974 Ο.

286 3085 364 3153 signa
383 3092 411 3136 et
424 3084 587 3137 accedebant
605 3087 712 3138 ordines
730 3087 788 3137 eius
807 3101 918 3155 gravem
937 3090 1089 3142 nuntiantes
1111 3091 1250 3143 adventum
1272 3101 1297 3143 et
1311 3108 1371 3146 cor.

285 3171 339 3208 uua
352 3157 469 3223 undique
490 3157 689 3208 formidolosum
714 3172 808 3208 sonum
830 3166 856 3208 et
880 3161 1027 3213 terribilem
1045 3163 1187 3228 cauebant,
1210 3172 1236 3214 et
1254 3163 1299 3216 ille
1315 3183 1370 3217 cum

285 3227 435 3294 insignibus
456 3243 471 3277 a
491 3227 611 3292 plurimis
630 3228 807 3280 circumdatus
825 3230 951 3295 advenit,
976 3241 1003 3284 et
1027 3249 1056 3284 se
1083 3234 1257 3302 disponebant
1279 3251 1368 3288 secuu-

286 3299 346 3348 dum
366 3297 472 3348 ordines
496 3299 542 3363 qui
565 3300 598 3349 ad
617 3300 788 3364 spectandum
814 3303 935 3354 exierant
955 3305 1029 3356 cirea
1054 3312 1082 3356 et
1107 3306 1205 3359 milites
1224 3316 1292 3358 scuta
1307 3323 1367 3374 pro.

284 3365 430 3418 tendebant
466 3374 493 3416 et
523 3369 646 3435 cuspides
681 3384 812 3422 armorum
837 3372 982 3438 tollebant,
1015 3384 1042 3426 et
1072 3377 1183 3445 clangor
1213 3378 1365 3430 buccinarum

229 3451 236 3460 ⁹
287 3447 315 3488 et
332 3437 453 3489 tubarum
472 3437 622 3502 oriebatur,
644 3449 671 3492 et
694 3440 864 3496 salutationis
887 3445 988 3497 clamor
1013 3447 1131 3500 sublatus
1152 3458 1192 3501 est
1211 3450 1243 3500 ab
1260 3451 1364 3502 omuibus

286 3510 384 3573 clarus,
403 3512 528 3575 putarunt
546 3509 652 3575 plurimi
671 3516 849 3579 praesentiam
869 3517 926 3568 eius
946 3520 1018 3586 regis
1035 3521 1141 3571 maximi
1161 3530 1187 3572 et
1206 3523 1364 3587 potentissimi

285 3581 395 3634 adesse:
426 3589 505 3648 atquc
531 3581 579 3632 ille
598 3597 678 3650 supra
697 3600 801 3637 omnem
820 3602 971 3640 sermonem
994 3605 1024 3640 se
1042 3593 1200 3657 aestimans,
1219 3592 1304 3659 plenus
1319 3609 1363 3660 spe

260 3707 262 3712 ,
286 3661 314 3706 et
334 3652 460 3720 superbia
488 3654 516 3704 iu
535 3653 627 3705 u'rbem
645 3671 713 3724 quae
744 3674 804 3709 eum
822 3659 929 3724 tulerat,
959 3663 1096 3728 ingressus
1116 3672 1164 3714 est.
1203 3672 1273 3715 erant
1287 3673 1362 3715 antem

284 3724 362 3789 baec,
383 3733 411 3777 ut
429 3733 524 3792 postea
542 3741 584 3777 res
605 3728 664 3793 ipsa
682 3729 868 3783 documentum
888 3732 973 3796 dedit,
993 3736 1130 3785 simiorum
1158 3735 1203 3786 vel
1223 3752 1306 3803 gruum
1321 3738 1360 3787 in.

285 3805 362 3864 cepta
385 3806 412 3850 et
430 3798 561 3849 iuvenilia
582 3798 659 3850 lacta.
697 3801 742 3850 ubi
764 3804 833 3852 enim
852 3803 916 3854 deus
943 3819 996 3854 uon
1018 3809 1162 3858 assentitur
1182 3815 1209 3856 et
1224 3808 1360 3879 suffragatur

285 3875 312 3918 et
330 3883 373 3921 res
390 3871 497 3921 sincera
517 3878 543 3920 et
561 3871 611 3921 deo
631 3878 732 3938 gratum
760 3874 901 3924 consilium
926 3891 1043 3941 superne
1061 3893 1113 3930 uon
1143 3880 1278 3945 impetrant
1293 3880 1358 3930 auxi-

282 3936 364 4002 lium,
385 3941 474 3993 inania
494 3942 581 3992 omnia
602 3949 628 3992 et
646 3943 749 3994 iulirma
768 3953 831 3996 sunt
849 3961 917 4012 quae
933 3946 966 3997 ab
985 3947 1135 4002 hominibus
1154 3951 1228 4001 liunt.

382 4035 506 4090 Raedosti
527 4047 613 4090 autem
633 4055 702 4104 cum,
722 4049 862 4110 antequam
883 4042 1033 4108 Bryennius
1051 4047 1243 4113 Adrianopoliu
1259 4049 1357 4111 intrarit,

281 4108 426 4173 imperaret
443 4109 583 4161 Batatziua
603 4111 810 4179 (dissentiebant
830 4114 899 4163 enim
917 4115 1043 4183 nonnulli
1063 4120 1096 4170 de
1115 4121 1173 4170 ciue
1191 4121 1300 4188 incepto)
1315 4137 1355 4171 re-

281 4178 418 4231 nuntiatus
440 4187 480 4230 est
498 4179 648 4244 Bryeunius
669 4192 695 4235 et
713 4187 826 4250 primum
845 4185 941 4237 factum
961 4189 1058 4242 ineolis
1080 4191 1139 4255 luit,
1160 4199 1190 4241 ut
1207 4190 1315 4242 tollerent
1329 4200 1353 4241 ct

283 4249 431 4303 delicerent
455 4249 592 4318 publicum
612 4253 700 4308 scelus
721 4264 747 4308 et
771 4256 895 4310 iniuriam
914 4265 941 4311 ct
959 4260 1115 4330 logothetae
1135 4263 1216 4317 triste
1234 4264 1353 4332 cogitatam
