3017 4892
189 376 191 387 ’
275 367 351 441 sao
569 358 790 437 ureniana
820 356 1081 435 sermome
1172 462 1175 465 ⁴

143 551 164 609 i.
179 552 232 610 212
241 564 264 605 r.
376 536 491 616 Μοῖρα
514 534 550 595 δι’
569 554 616 605 τις
643 531 705 603 τῶν
732 525 888 611 ἑσπερίων
913 520 1167 612 στρατευμύτων·
1194 526 1229 601 ε”ξ
1246 520 1404 605 Ἀδρια·

152 628 156 631 '
275 629 455 709 νοοπύλεως
488 625 596 715 ἄρασα
623 635 666 719 τῷ
695 635 827 714 βασιλεῖ’
852 626 1110 713 προσελήλυθεν,
1140 625 1242 690 εἰπεῖν
1268 644 1307 685 τε
1339 618 1406 685 καί

278 736 417 800 οἰκοῦσαι
439 734 514 818 παρ’
538 734 637 798 αὐτοῦ
657 729 843 798 σπεύδουσα
872 726 928 814 την
955 730 1018 793 τῶν
1040 724 1298 811 ἐπιζητουμένων
1324 723 1399 787 αύ-

178 884 180 888 ,
277 842 344 911 τοῖς
376 833 564 919 α’πόιιρισιν·
609 831 816 921 ε’πενειιύλουν
848 827 910 914 μοὶρ
932 831 1079 912 στέρησιν
1109 829 1171 891 τῶν
1191 848 1396 909 στρατιωτι·

260 939 343 1001 Ατῶν
377 937 526 1020 ὀψωνίων
559 936 613 999 καί
637 935 854 1007 κακοπαθείας
889 930 980 1005 τινας
1014 932 1047 1007 ἐξ
1079 927 1297 1011 ἀπρονοησίας
1325 929 1419 991 rodat

280 1036 479 1122 κρατούντων
500 1037 554 1101 κατ’
574 1032 761 1120 αἀληστιάς.
814 1030 843 1097 οἱ
865 1033 901 1097 δὲ
921 1032 997 1114 περί
1026 1027 1083 1095 τὸν
1106 1026 1242 1112 βασιλέα
1265 1027 1395 1104 α’δίιιως

278 1136 398 1215 αύτούς
414 1137 616 1220 μετελθόντες
630 1134 854 1220 στρατιωτικὸν
866 1158 899 1199 τι
911 1134 1033 1217 πλῆθος
1054 1132 1100 1208 εἰς
1123 1131 1254 1214 ἐνέδραν
1276 1128 1393 1193 αὐτῶν

279 1240 534 1321 τιροητοίμασαν,
557 1241 612 1303 κατ’
637 1233 686 1303 δτι
707 1234 840 1311 τούτους
861 1230 959 1318 ἔγνων
978 1235 1040 1298 τοῖν
1058 1233 1163 1298 iuncos
1184 1230 1394 1311 καταβάντας

280 1340 333 1403 snt
346 1340 390 1426 spi
405 1341 534 1422 ποιῆσαι
549 1340 604 1423 τήν
617 1336 772 1422 ἔγνλησιν,
789 1338 855 1403 κατ’
871 1337 979 1402 oritur
994 1334 1123 1420 α’φῆιιαν
1136 1331 1211 1410 τούς
1225 1329 1392 1417 ἐφεδρεύ-

281 1462 389 1516 οντας·
411 1437 466 1503 καί
485 1438 518 1505 oi
535 1444 764 1525 περιχυθέντες
786 1436 862 1514 τούς
883 1435 1066 1523 ὁμοφύλους
1084 1436 1236 1520 σφοδρῶς
1250 1431 1308 1516 καί
1328 1440 1426 1496 rso-tt

280 1544 396 1624 λεμίως
415 1538 592 1631 κατῄνιζον,
616 1540 648 1606 ot
660 1543 719 1623 μὲν
734 1536 868 1627 ῥάβδοις
887 1542 1034 1624 σιδηραῖς
1052 1532 1170 1610 αὐτούς
1186 1538 1393 1600 κατατείνον-

280 1667 341 1724 τες,
363 1642 397 1708 oi
414 1646 450 1709 δὲ
472 1646 578 1728 ξίφεσι
592 1646 722 1719 τελείοις
745 1642 951 1726 ἀναιροῦντες
964 1662 1063 1718 τινας,
1082 1636 1116 1702 οἳ
1135 1639 1170 1708 δὲ
1189 1633 1246 1712 τύς
1267 1633 1392 1719 σκηνὰς

282 1744 389 1809 αύτοῖν
412 1742 640 1830 διαρπάζοντες
661 1745 717 1809 καί
736 1743 812 1819 τούς
833 1741 950 1816 ἵππους
971 1739 1290 1826 συναφαρπιίζοντες.
1309 1737 1390 1803 τού-

280 1867 338 1909 του
347 1840 389 1911 δὲ
403 1849 572 1928 γενομένου
590 1845 689 1921 πολύς
706 1840 926 1927 ἔλεος“ίιτῆλθε
938 1850 1005 1918 τοῖς
1019 1840 1211 1920 Βυζαντίοις
1224 1838 1310 1923 ὑπὲρ
1325 1842 1390 1903 τῶν

281 1948 431 2023 εἶναιτίως
452 1945 621 2011 παθόντων
639 1946 857 2031 στρατιωτῶν,
893 1944 948 2009 κατ’
967 1949 1126 2027 κατέγνων
1147 1946 1206 2006 τοῦ
1227 1942 1426 2021 βασιλέωςιο

281 2048 337 2111 καί
358 2050 418 2113 τῶν
439 2048 515 2133 περί
534 2044 634 2113 αύτὸν
656 2047 905 2131 ουίιδλαχίστην
925 2043 981 2130 τη“ν
1002 2037 1122 2124 ἄνοιαν,
1145 2038 1227 2107 δι’στε
1246 2042 1304 2106 καί
1323 2040 1390 2104 αύ-

281 2145 335 2212 τδν
356 2150 476 2214 ἐκεῖνον
495 2146 674 2231 μετάμελον
696 2150 852 2227 δέξασθαι
882 2147 936 2212 καί
963 2145 1128 2211 ἀνασῶσαι
1160 2141 1294 2220 τούτοις,
1315 2142 1386 2208 trad

282 2250 346 2312 τοδν
369 2250 619 2332 διαρπαγίντων,
638 2250 683 2335 μη
705 2252 812 2331 μέντοι
832 2252 869 2315 δέ
889 2274 919 2313 τι
937 2245 1134 2334 πρᾶξαιιτην
1148 2245 1301 2328 τοιαύτην
1321 2270 1389 2309 τια-

281 2353 406 2433 ροινιαν
436 2373 488 2413 και
521 2351 644 2435 βλάβην
684 2348 960 2432 ἀνακαλούμενον,
993 2348 1075 2433 μήτε
1108 2348 1295 2469 φιλρτιμίαν
1317 2345 1390 2409 τινὰ

282 2456 348 2523 τοίς
368 2450 577 2536 στρατιώταις
603 2452 788 2518 ἀποδοῦναι.
833 2451 960 2516 α’λλ’“
926 2476 956 2515 οι
976 2474 1012 2534 ys
1042 2450 1121 2535 πρὸς
1144 2472 1182 2511 τα
1205 2449 1306 2512 σι’κεῖα
1327 2443 1428 2509 sat-2⁰

283 2574 344 2637 πης
366 2552 406 2614 ου’
436 2556 552 2678 μικρρῖς
584 2552 754 2636 ἆνύμεστοι
785 2552 1078 2640 ἐπαναστραφὲντες
1102 2553 1159 2615 ουίι
1186 2544 1351 2634 ηθελον’
1334 2554 1391 2615 eni

283 2656 339 2721 τοῦ
364 2652 463 2721 edroi
482 2657 599 2738 μένειν,
623 2654 703 2721 dili
726 2654 803 2733 τούς
824 2650 1082 2737 πολεμιωτύτους
1103 2646 1294 2735 ἀμύνασθαι
1314 2653 1386 2717 διε·

286 2755 461 2821 σκέπτοντο.

346 3108 350 3115 -
384 3064 450 3125 Pars
469 3078 556 3124 autem
574 3070 703 3141 quasdam
721 3069 834 3123 militum
862 3069 1068 3123 occidentalium
1093 3065 1268 3139 Adrianopoli
1292 3069 1386 3138 profe.

286 3148 328 3194 cta
348 3142 380 3195 ad
398 3158 489 3212 regem
508 3145 593 3207 venit,
612 3144 703 3196 dicere
722 3151 749 3194 et
768 3142 859 3194 audire
877 3144 910 3194 ab
930 3158 963 3193 eo
983 3142 1091 3195 studens
1110 3143 1303 3211 postulatorum
1318 3156 1386 3194 suo.

288 3228 346 3266 rum
365 3228 539 3281 responsum·
558 3214 661 3267 adhoc
681 3214 841 3267 accusabant
865 3216 1043 3281 privationem
1071 3214 1257 3268 alimentorum
1286 3214 1386 3265 milita.

288 3286 356 3335 rium
377 3292 404 3335 et
422 3284 492 3336 mala
512 3286 649 3354 quaedam,
669 3301 737 3370 quae
760 3301 794 3337 ex
811 3287 1038 3339 inconsiderantia
1056 3289 1242 3354 imperantium
1268 3295 1294 3338 et
1311 3286 1386 3335 insa.

286 3354 432 3407 tiabilitate
451 3364 509 3407 orta
533 3364 631 3409 essent
669 3359 739 3425 regii
760 3367 848 3410 autem
866 3360 966 3411 iniuste
986 3373 1032 3410 cos
1052 3361 1138 3411 secuti
1156 3360 1296 3411 militarem
1313 3356 1386 3407 mul-

286 3424 429 3479 titudinem
447 3428 480 3478 ad
505 3428 615 3481 insidias
641 3428 732 3480 eorum
757 3438 898 3497 pararunt,
918 3439 945 3483 ct
971 3447 1031 3482 cum
1057 3432 1250 3497 cognovissent
1276 3430 1324 3482 bos
1354 3442 1385 3477 ex

288 3498 365 3567 equis
385 3498 558 3554 descendisse
577 3500 610 3551 ad
628 3503 826 3554 accusationem
845 3504 1052 3573 instituendam,
1064 3512 1157 3555 contra
1175 3518 1222 3556 eos
1235 3503 1387 3554 dimiserunt

287 3570 463 3623 insidiantes·
483 3579 563 3640 atque
584 3573 738 3627 circumfusi
758 3573 880 3627 homines
899 3576 1019 3628 eiusdem
1037 3577 1127 3643 stirpis
1147 3575 1282 3627 borridum
1301 3573 1385 3624 etbo.

288 3641 403 3696 stilom
395 3660 423 3697 ιιι
441 3643 546 3696 modum
566 3645 709 3711 vexabant,
729 3647 776 3699 alii
793 3647 958 3715 scipionibus
977 3647 1073 3698 ferreis
1102 3663 1148 3699 eos
1176 3654 1318 3715 petentes,
1339 3644 1385 3696 alii

288 3714 385 3783 gladiis
404 3716 533 3784 perfectis
551 3725 679 3771 necantes
697 3718 854 3784 nonnullos,
873 3718 920 3770 alii
938 3719 1054 3770 tentoria
1074 3734 1165 3771 eorum
1184 3718 1341 3784 diripientes
1362 3722 1386 3765 et

289 3803 373 3856 equos
392 3787 470 3841 sirnul
489 3791 657 3858 praedantes.
697 3790 737 3843 bis
756 3799 844 3842 autem
863 3792 940 3842 lactis
959 3790 1041 3842 multa
1060 3791 1196 3842 miseratio
1209 3786 1386 3851 incessitliy-

288 3862 391 3915 nuntios
409 3867 520 3928 propter
537 3860 637 3913 milites
656 3863 815 3916 innocenter
833 3861 965 3925 afflictos,
991 3871 1018 3914 et
1042 3861 1193 3914 tribuerunt
1218 3861 1278 3928 regi
1303 3861 1386 3928 iisque

289 3931 334 3995 qai
351 3935 425 3983 circa
445 3948 504 3983 eum
525 3942 609 3998 erant,
628 3948 683 3985 non
703 3934 836 3985 minimam
855 3918 1067 3999 imprudentiam,
1094 3935 1131 3984 ita
1154 3941 1183 3983 ut
1208 3939 1237 3983 et
1260 3933 1318 3998 ipse
1340 3928 1387 3980 ille

288 4003 478 4064 poenitentiam
499 4006 655 4073 conciperet
673 4012 700 4057 et
711 4012 833 4057 servaret
851 4004 892 4057 his
905 4004 1031 4072 quosdam
1051 4006 1223 4071 direptorum,
1241 4018 1328 4071 neque
1344 4008 1387 4051 ta-

288 4084 359 4135 men,
380 4075 450 4139 quod
469 4078 636 4131 exercuisset
653 4076 761 4127 talem
753 4076 884 4128 insaniam
903 4084 930 4125 et
948 4076 1071 4127 damnum
1091 4092 1121 4128 se
1139 4089 1285 4140 revocans,
1302 4087 1387 4139 neque

288 4150 319 4194 ut
337 4142 467 4195 bonorem
485 4145 569 4199 ullum
587 4148 717 4199 militibus
738 4146 878 4198 redderet.
906 4147 954 4198 sed
977 4147 1005 4199 bi
1025 4150 1146 4228 quidem
1150 4148 1183 4199 ad
1203 4161 1251 4198 sua
1268 4158 1388 4196 moerore

287 4227 341 4267 non
360 4228 444 4283 parvo
463 4215 537 4283 pleni
555 4234 659 4272 reversi
652 4208 798 4271 nolebant
815 4218 864 4271 snb
885 4218 979 4271 eodern
996 4212 1116 4286 mancio,
1136 4219 1183 4272 sed
1201 4217 1292 4272 hostes
1309 4230 1386 4267 acer-

287 4287 370 4341 rinos
389 4301 482 4339 arcere
501 4289 659 4342 statuebant.
