3017 4892
2 522 8 585 't

403 360 408 372 '
454 406 457 409 -
537 348 792 421 'mmmm
900 388 903 395 ⁴
1167 346 1238 415 113

138 539 220 600 γνων
241 514 301 600 τήν
320 516 462 597 έμαοτοῦ
483 495 656 598 σωτηρίαν,
677 508 753 577 ὅσον
782 511 839 596 την
861 514 924 577 τεάν
939 511 1107 590 Ῥωμαίων
1127 512 1260 593 πατέρα’

139 637 202 681 νων
222 613 343 681 δειλίαν
374 610 396 699 ἢ
426 612 650 698 ἀπειροκαλίαν
672 608 700 710 ἢ
721 613 948 699 ταπεινάτητα·
1004 608 1160 695 τοσαύτης
1180 606 1239 693 γάρ

137 721 305 801 γενομένης
318 717 506 802 καταφοράς
521 712 575 779 καί
592 708 684 800 ἥττης
697 716 760 779 τῶν
778 713 945 797 Ῥωμαίων
962 710 1021 796 πρά
1039 714 1096 795 τῆς
1116 732 1242 793 παρεμ-

139 818 246 900 βολῆς,
267 817 372 891 οιίδείς
390 820 451 882 τοῖν
466 813 583 879 λοιπῶν
605 811 709 897 λόγων
723 817 779 879 καί
791 816 936 898 λοχαγῶν
958 816 1002 889 είς
1026 802 1149 894 άμνναν
1170 811 1242 900 διηῇ

114 919 286 998 ορέθιστο,
315 911 397 981 άλλά
427 916 540 992 πάντες
571 912 662 981 ἔνδον
690 914 865 1000 καθήμενοι
898 904 1041 989 ἕκαστος
1061 909 1096 978 τά
1128 914 1241 976 οἰκεῖον

140 1014 232 1100 ἔργον
252 1017 296 1094 ὥς
316 1017 370 1082 διά
387 1001 507 1104 φιλίας
518 1020 575 1099 γῆς
598 1014 842 1102 ένστιηνούμενος
878 1015 1098 1100 διεπράττετο,
1118 1016 1173 1079 καί
1193 1013 1243 1075 νί-

141 1142 230 1202 νησις
247 1124 357 1203 ψυχῆς
377 1119 445 1185 οόδ’
467 1121 588 1202 α’γοονιά
608 1117 739 1193 τούτους
761 1115 794 1182 τά
816 1114 969 1203 παροίνιον
991 1117 1179 1200 ἐξώρμησεν.

235 1218 273 1283 ‘0
297 1223 332 1285 δὲ
359 1216 511 1302 βασιλεύς
532 1216 622 1283 ἔνδον
651 1223 709 1284 τοῦ
731 1217 870 1303 κάστρόο
901 1212 1016 1283 τούτου
1038 1215 1246 1300 μεμαθηκώς,

141 1318 222 1401 μετά
246 1323 362 1404 πολλῆς
384 1324 442 1405 τῆς
464 1312 555 1396 άίιίας
583 1323 705 1385 ixei-‘ico
734 1318 916 1386 ἐπανελθών
941 1319 1022 1403 πρὸς
1042 1318 1095 1383 τὸν
1114 1318 1243 1401 χάρακα

69 1507 73 1511 ,
100 1418 221 1502 louet&
257 1425 319 1486 τῶν
350 1422 509 1487 συνόντων
537 1421 624 1511 αύτῷ
653 1425 901 1499 Καππαδοκῶν,
932 1421 1050 1503 πολλὴν
1073 1418 1128 1482 καί
1148 1414 1243 1491 αύτάς

141 1522 196 1605 τὴν
212 1522 402 1607 άβελτηριάν
425 1527 563 1606 κατέγνω
581 1525 699 1587 τούτων
721 1524 776 1587 καί
795 1526 857 1587 τῶν
872 1519 1147 1613 Ῥωμαιωνὸμοῦ.
1193 1512 1242 1579 διά

141 1618 234 1704 ναίὴ
257 1622 314 1701 νύξ
336 1625 440 1706 ε’κείνη
461 1623 581 1697 πάντας
604 1620 690 1704 εἶχεν
722 1628 757 1688 ἐν
780 1628 902 1688 ἐλπίσιν
934 1622 992 1683 ούκ
1015 1619 1165 1701 α’γαθαίς,
1190 1639 1245 1678 κα·

141 1722 212 1786 θύτι
237 1721 291 1785 καί
310 1722 344 1787 τὸ
368 1722 464 1801 πεζάν
485 1718 569 1786 άπαν
593 1726 655 1787 τοῖν
677 1725 861 1805 Ἀρμενίων,
886 1722 1058 1802 ἐπιταχθὲν
1080 1722 1251 1811 &cascesa-¹

143 1820 250 1903 ρτύειν
271 1824 345 1902 περί
365 1819 421 1904 τὴν
443 1821 568 1905 τάφρον
591 1824 625 1886 έν
652 1823 913 1903 προτειχίσματι,
934 1818 1133 1883 άποοτασίαν
1154 1816 1245 1881 ἐσκά-

101 1940 134 1991 15
143 1941 240 2002 πησε,
262 1915 306 2001 μὴ
332 1922 558 2002 πειθαρχῆσαν
586 1926 650 1994 τοῖς
674 1923 813 2001 λέγουσι.
865 1918 919 1983 καί
939 1918 959 2003 ἡ
985 1921 1044 1999 μὲν
1065 1914 1122 1994 νύξ
1145 1918 1246 1999 ἐκείνη

99 2083 105 2089 ,
144 2017 274 2102 δριμεῖά
293 2045 340 2095 τις
358 2020 413 2083 καί
425 2024 539 2103 βαρεῖα
552 2030 618 2097 τοῖς
630 2019 798 2101 Ῥωμαίοις
813 2022 1048 2085 διοτετέλεστο·
1099 2011 1188 2082 ούττω
1219 2016 1248 2081 δ’

144 2117 249 2202 ἡμέρα
269 2118 389 2209 προῄει,
409 2119 464 2184 καί
480 2117 510 2184 οἱ
531 2125 674 2201 πολέμιοι
696 2116 752 2184 τάν
772 2118 902 2202 χάρακα
923 2122 1117 2207 πανστρατιᾷ
1137 2122 1248 2201 περιέε

145 2222 260 2296 ζωσαν.
302 2218 498 2304 μεμαθηκώς
518 2219 580 2304 γάρ
606 2216 621 2283 δ
643 2222 702 2284 τοῦ
725 2217 840 2285 Χάλεπ
863 2213 972 2307 άρχων
999 2220 1034 2285 τά
1059 2216 1248 2304 προγεγονὸς

149 2299 156 2314 λ

144 2322 328 2404 προτέρημα
354 2317 443 2405 παρά
462 2325 517 2405 τῆς
537 2326 655 2405 μοίρας
677 2324 797 2402 αὐτοῦ,
820 2323 896 2403 μεθ’
920 2318 993 2407 ὅλης
1015 2312 1069 2407 ἧκε
1092 2325 1147 2406 τῆς
1170 2316 1249 2385 {cv-

101 2424 203 2499 γρτοῦ
223 2418 389 2503 δυνάμεως
420 2421 462 2499 ὥς
494 2424 644 2505 αύτοβοεί
673 2420 817 2506 αἱρήσων
847 2420 898 2488 τὸν
926 2427 1060 2505 βασιλέα
1090 2420 1172 2505 μετά
1195 2422 1249 2504 τῆς

145 2517 305 2606 συνούσης
330 2521 418 2608 crispi
439 2527 600 2605 στρατιάς.
635 2522 708 2588 Ικαί
742 2521 771 2587 οἱ
800 2527 859 2604 μὲν
880 2517 966 2587 δύτω
989 2522 1248 2606 περιιππεύοντες

147 2620 233 2703 ἦμάς
265 2622 321 2686 καί
340 2626 511 2707 θηριωδῶς
541 2627 752 2709 έιιφοβούντες
780 2632 851 2699 ταῖς
880 2628 1092 2707 βαρβαρικαῖς
1117 2624 1249 2693 ύλακαῖς

147 2721 186 2783 ού
209 2724 366 2793 διέλιπον·
419 2720 436 2786 ὃ
467 2727 513 2818 δέι
531 2723 682 2805 βασιλεύς
715 2721 803 2797 έντάς
832 2727 887 2808 τῆς
916 2729 1030 2809 σκηνῆς
1060 2722 1250 2809 διαγράφων

148 2861 151 2865 .
220 2894 262 2945 15.
282 2901 340 2954 τοῖς
356 2890 517 2965 λοχαγοῖςλ

147 3058 229 3129 igitur
248 3074 299 3129 ego
310 3072 482 3129 qnoquenon
496 3065 596 3116 tantum
612 3055 785 3129 desperabam
802 3056 835 3113 de
851 3075 910 3113 meu
928 3054 1014 3113 sainte
1027 3065 1153 3129 quantum
1164 3058 1248 3113 Grae.

147 3146 238 3184 corum
257 3132 452 3200 cognoscebam
472 3133 607 3201 ignaviam
621 3133 667 3186 vei
681 3133 799 3201 ineptias
819 3131 864 3185 vcl
884 3135 1048 3185 tenuitatem.
1087 3139 1159 3183 tanta
1179 3131 1253 3181 enim·

148 3204 218 3270 facta
236 3204 314 3255 ruina
333 3213 359 3255 et
383 3204 458 3256 clade
479 3204 640 3257 Graecorum
659 3213 720 3257 ante
749 3214 845 3269 castra,
864 3220 942 3255 nemo
971 3204 1134 3272 reliquarum
1153 3210 1249 3255 centn.

146 3274 243 3326 riarum
265 3283 292 3326 ct
310 3276 494 3328 centurionum
518 3279 551 3330 ad
568 3278 712 3329 arcendum
741 3280 871 3331 excitatus
899 3285 971 3331 erat:
1001 3276 1048 3329 sed
1067 3289 1159 3329 omnes
1179 3276 1251 3327 intus

146 3347 270 3400 sedentes
289 3344 364 3399 stium
384 3350 496 3416 quisque
516 3363 583 3417 opus
603 3351 678 3418 quasi
697 3350 724 3400 in
743 3348 877 3402 sociorum
897 3356 987 3402 essent
1005 3356 1075 3399 terra
1094 3346 1252 3413 perficiebat

148 3426 175 3469 ct
192 3427 279 3470 motus
299 3420 379 3470 animi
399 3434 486 3489 neque
508 3435 574 3473 vero
594 3420 812 3488 periculumhos
833 3423 939 3473 omnino
961 3419 1097 3471 excitavit.
1150 3483 1152 3487 Ι

247 3490 306 3539 Rex
325 3499 414 3542 autem
439 3492 468 3539 in
489 3491 601 3543 castello
631 3492 683 3543 hoc
701 3494 795 3545 videns
816 3509 875 3544 cum
901 3492 984 3545 multa
1002 3491 1171 3558 aegritudine
1190 3488 1252 3539 inde

147 3574 274 3611 reversos
293 3560 325 3610 ad
345 3560 446 3611 vultum
465 3576 523 3613 cum
547 3562 748 3627 Cappadocibus
769 3565 813 3632 qui
834 3566 860 3615 ei
876 3566 994 3626 aderunt,
1020 3561 1129 3622 multam
1148 3560 1253 3625 etipse

148 3628 287 3680 stultitiam
307 3632 437 3696 cognovit
454 3632 550 3683 horum
570 3640 597 3681 et
607 3632 768 3683 Graecorum
786 3634 874 3684 simul.
912 3633 1082 3701 quamobrem
1101 3632 1179 3681 etiam
1197 3643 1253 3677 nox

147 3699 197 3752 illa
216 3715 307 3752 omnes
339 3700 447 3752 tenebat
465 3704 492 3753 in
519 3700 764 3768 exspectationibus
789 3719 843 3754 non
867 3704 961 3766 bonis,
987 3703 1049 3768 quia
1069 3702 1147 3751 ctiam
1166 3699 1253 3766 pede-

148 3771 210 3823 stris
231 3772 365 3822 exercitus
389 3774 474 3826 omnis
493 3773 680 3826 Armeniorum
699 3775 786 3825 iussus
806 3781 911 3825 noctem
931 3774 1031 3840 degere
1050 3773 1122 3823 circa
1143 3770 1251 3833 fossam,

149 3844 176 3893 in
195 3843 385 3894 munitionibus
398 3898 401 3908 f
415 3845 594 3898 anterioribus
614 3842 792 3896 deiectionem
821 3845 961 3895 meditatus
982 3852 1031 3908 est,
1050 3857 1105 3895 non
1124 3842 1253 3895 obediens

149 3914 355 3980 imperantibus:
379 3923 459 3983 atque
478 3931 532 3968 nox
550 3917 656 3985 quidem
675 3914 724 3967 illa
741 3924 771 3967 nt
789 3916 885 3967 acerba
903 3914 993 3984 aliqua
1013 3923 1039 3967 ct
1057 3914 1147 3983 gravis
1167 3913 1253 3966 Grae-

150 3987 188 4038 cis
207 3989 316 4053 peracta
337 3981 409 4037 crat:
429 3990 546 4041 nondum
570 3996 658 4040 antem
677 3988 735 4041 dies
755 3987 899 4052 oriebatur,
921 3995 947 4039 et
966 3986 1057 4039 hostes
1078 3984 1177 4038 vallum
1196 3993 1253 4037 toto

149 4074 208 4108 cnm
228 4058 349 4109 exercitu
374 4058 521 4112 cinxerunt.
558 4067 700 4129 postquam
719 4061 789 4112 enim
809 4060 912 4111 audivit
928 4056 1041 4125 Chalepi
1059 4058 1184 4125 prinecps
1203 4071 1253 4109 sn.

148 4135 192 4179 tea
212 4128 308 4182 iactam
327 4131 469 4182 victoriam
488 4148 503 4183 a
522 4141 597 4200 parte
616 4146 673 4195 sua,
694 4148 753 4201 cum
773 4140 828 4185 tota
857 4133 932 4183 venit
951 4131 1043 4183 suavi
1064 4136 1092 4181 ut
1109 4128 1185 4181 illico
1206 4143 1254 4180 ca-

148 4208 225 4265 peret
244 4217 337 4271 regem
356 4218 415 4253 cum
436 4204 557 4255 exercitu
577 4206 622 4273 qui
644 4205 669 4253 ei
687 4205 792 4256 aderat:
814 4212 892 4272 atque
923 4202 966 4254 illi
984 4202 1100 4271 quidem,
1118 4204 1156 4253 ita
1175 4200 1254 4267 equi-

148 4276 205 4321 tare
221 4274 293 4324 circa
311 4288 361 4326 nos
382 4280 409 4325 et
427 4274 543 4327 terarum
553 4276 636 4329 instar
653 4289 702 4327 nos
716 4284 819 4328 terrere
835 4276 955 4329 barbaris
974 4272 1184 4326 ululatibus'non
1203 4270 1253 4322 de.

221 4368 303 4422 utet.
323 4369 405 4424 Αλλιιί.
428 4371 495 4425 titas.
1049 4369 1067 4423 8
