3017 4892
571 318 795 400 ursmari.
1164 321 1240 405 261'
1307 432 1311 438 Ι

123 485 277 578 μεγώλην
311 491 367 555 oda
397 490 566 575 ἠμβλύνθη
594 492 649 554 καί
674 491 926 576 βασιλικωτάτην
953 493 1148 577 προαίρεσιν,
1171 497 1240 559 ἀλλ’

125 589 297 678 α’φθόνοις
318 593 413 674 χερσί
434 590 489 654 καί
511 587 747 674 μεγαλοδώροις
761 589 882 669 πάντας
898 591 978 676 δπὲρ
1001 595 1106 658 πᾶσαν
1126 593 1239 660 ἐλπίδα

125 696 281 776 ἰσχυρῶς
309 689 549 776 κατεπλούτισε,
578 694 632 754 καί
653 695 832 774 φιλοτίμοις
860 687 1024 772 δεξιώσεσι
1051 693 1108 757 καί
1127 693 1240 778 ῥόγαις
1284 770 1287 777 ,

126 793 402 876 μυριοταλοίντοις
418 789 556 874 ’στρατόν
580 787 658 854 κατὰ
674 795 734 854 τοῦ
752 794 971 874 α’ντικειμδνου
985 797 1161 877 Βρυεννίου
1185 800 1241 860 καί
1298 781 1307 826 1

99 896 200 957 51ko
226 885 331 957 diluto
351 887 527 977 Ιτυρώννων
548 894 702 973 ’μέγιστον
731 894 933 977 παρεκίνησε,
962 894 1017 956 καί
1037 893 1130 957 ου’δὲν
1152 897 1241 982 αὐτῷ

129 985 257 1076 δίπορον
290 987 310 1076 ἢ
339 995 441 1067 tatere
469 991 503 1058 τό
525 992 677 1076 παροίνιον
706 991 919 1078 συνήντησεν·
974 996 1016 1070 ώς
1040 989 1240 1078 εἶναιδῆλον

129 1094 191 1156 καί
225 1094 331 1178 οἶληθή
362 1090 415 1158 τόν
445 1091 582 1158 παλαιόν
608 1091 663 1156 καί
698 1089 914 1158 συνετώτατον
947 1091 1059 1179 λόγον,
1090 1088 1138 1159 ότι
1161 1090 1239 1160 ‘duco

131 1197 321 1276 προαίρεσις
344 1190 469 1277 ἀγαθή,
494 1192 528 1258 τό
546 1197 668 1258 κωλῦον
690 1187 794 1272 citer,
816 1193 957 1273 μάλιστα
974 1198 1009 1259 δὲ
1032 1199 1165 1277 βασιλεῖ
1180 1199 1242 1259 τών

133 1287 244 1358 ἄλλων
268 1293 457 1382 ζδπερφίρον
483 1291 516 1359 τό
540 1294 699 1360 πλοόσιον.
759 1297 814 1357 καί
845 1289 950 1371 οόδείς
985 1291 1051 1360 οἶδε’
1072 1297 1149 1360 ποτέ
1168 1304 1255 1360 τινα

82 1405 123 1458 10
133 1394 255 1460 τούτων
278 1396 464 1477 πενόμενον·
510 1395 579 1460 ἀλλ’
602 1381 676 1460 ὅσον
698 1393 870 1481 ἐξόντληια
898 1404 973 1480 παρ’
997 1399 1098 1460 adseri
1123 1398 1162 1460 δι’
1184 1395 1242 1456 ου’-

133 1497 244 1572 ποιιάς
266 1494 306 1560 τό
321 1494 479 1581 ’χρήματα
501 1499 557 1560 καί
577 1497 777 1578 χρεωλυσίας
798 1497 959 1579 πεποίητο,
979 1500 1129 1560 τοσοῦτον
1151 1491 1238 1575 παρὰ

133 1600 194 1660 τοῦ
213 1599 438 1680 βασιλεόοντος
459 1590 584 1660 ἄνωθεν
606 1598 844 1678 ε’πιχορηγείιαι
873 1597 974 1685 ταύτην
997 1594 1077 1680 πηγή
1099 1596 1155 1656 καί
1177 1616 1239 1655 πο-

128 1697 240 1785 ταμός
268 1699 399 1780 χρυσών
420 1691 652 1778 α’νεξόντλητος.
706 1687 842 1779 α’ληθινή
870 1693 931 1779 ηόρ
953 1698 1040 1761 ε’στίν
1062 1689 1240 1775 όμπελοςό
1292 1690 1295 1693 ’

135 1800 193 1880 τῆς
224 1794 371 1881 α’φθόνοο
406 1789 610 1875 μεταδόσεως
637 1794 766 1877 κόριος,
809 1797 958 1861 τοσοότον
990 1794 1239 1875 εἰιαυξανόμενος
1281 1836 1284 1851 ι

91 1909 125 1962 15
137 1891 214 1962 όσον
235 1898 415 1980 περιιδμνει
436 1893 490 1960 τόν
513 1885 647 1962 πλοότον
669 1899 724 1960 καί
751 1897 915 1982 σκορπιζει
939 1884 980 1958 δι’
1001 1896 1196 1981 α’ναθότητοι.
1248 1909 1268 1963 ί.
1281 1907 1370 1967 trev.

235 1996 333 2068 Ἀλλὰ
363 1993 400 2060 τό
431 2000 492 2078 μὲν
522 1999 675 2078 περίεστί
705 1998 813 2081 σοφοιί
843 2001 1000 2079 βασιλέως
1021 1996 1098 2062 κατὰ
1127 1995 1240 2078 καιρόν
1328 2054 1333 2063 .

137 2102 292 2183 λελέξεται
314 2091 459 2181 δ’στερον,
482 2093 531 2163 διε
543 2102 654 2162 τοῦτον
677 2093 696 2180 ἦ
719 2096 811 2172 πόλις
833 2096 962 2179 λαμπρό
985 2101 1139 2183 λαμπρῶς
1158 2097 1243 2162 riuo-¹

105 2203 261 2299 ¹sldbsros
292 2197 346 2264 καί
373 2197 509 2282 μυρίαις
540 2200 655 2288 τιμήση
688 2205 757 2275 ταῖς
784 2197 961 2283 εὐφημίαις
987 2200 1044 2262 καί
1063 2194 1242 2283 κακηγόρε-

139 2324 211 2365 σιν·
255 2302 288 2365 ἑν
310 2300 344 2362 dd
365 2305 431 2374 τοῖς
452 2292 609 2382 ἑσπερίοις
628 2302 739 2384 μέρεσι
764 2297 893 2384 φεόηων
917 2303 976 2379 μὲν
996 2299 1011 2363 δ
1033 2300 1092 2362 τοῦ
1115 2303 1242 2381 Βρυεν-

95 2404 210 2466 λθνίον
232 2393 433 2485 αότόδελφος
455 2397 534 2480 μετὰ
558 2401 620 2464 τών
641 2400 734 2485 ἀμφ’·
751 2397 849 2462 τιν’τόν
877 2403 918 2484 ιη’
935 2399 1104 2486 Ῥαιδεσιρί
1125 2420 1243 2482 προσε-

141 2505 266 2584 πὲλασε,
290 2499 343 2564 καί
362 2496 481 2584 ταότης
502 2497 588 2576 ἐντός
610 2500 833 2584 εἰσελήλυθεν,
854 2497 884 2563 οἱ
905 2500 939 2562 δὲ
961 2498 1163 2574 Πατζινόκοι
1185 2497 1243 2581 τήν

143 2607 202 2666 τών
226 2601 425 2666 Μακεδόνων
447 2603 644 2668 α’ποστασίαν
668 2600 752 2664 ἰδίαν
769 2601 946 2684 εδπραγίοιν
964 2603 1019 2662 καί
1040 2589 1168 2661 εόνοίαν
1189 2604 1261 2671 λο-Ι

143 2701 315 2782 γισάμενοι,
344 2700 424 2782 μετὰ
452 2699 594 2784 πλήθους
616 2695 679 2764 ὀὐκ
710 2697 878 2805 έλαηίστου
908 2703 947 2786 ιη’
980 2696 1243 2782 Ἀδριανουπόλει

214 2863 241 2986 1i
259 2861 381 2986 ἢμρληθη
401 2860 431 2915 G.
528 2861 554 2914 9.
575 2858 792 2933 δπερφίροντιλ
898 2858 959 2916 οἶδε
979 2858 1009 2913 (λ
1102 2859 1143 2912 10.
1161 2858 1242 2926 ἐξήν-

212 2951 356 2999 curor.

147 3079 299 3135 liberalibus
319 3096 410 3134 omnes
431 3095 512 3147 supra
530 3095 633 3132 omnem
652 3094 726 3146 spem
745 3081 824 3132 valde
843 3079 938 3130 ditavit
959 3087 986 3130 et
1011 3076 1167 3128 honorificis
1192 3092 1242 3127 ex.

148 3153 310 3221 captionibus
330 3161 357 3204 et
375 3152 562 3220 largitionibus
580 3150 722 3203 multorum
741 3151 902 3203 talentorum
922 3149 1068 3201 exercitum
1079 3155 1171 3198 contra
1191 3162 1248 3214 op.·

147 3227 257 3292 positum
285 3224 449 3290 Brpennium
476 3231 502 3276 et
528 3231 635 3276 eeteros
658 3232 786 3289 tyrannos
810 3224 952 3275 maximnm
982 3219 1127 3272 excitavit:
1153 3233 1242 3286 neque

148 3297 284 3366 quidquam
304 3298 328 3346 ei
348 3296 456 3361 inopiae
475 3295 520 3348 vel
541 3295 706 3348 difficultatis
724 3296 831 3346 omnino
852 3294 978 3356 obvenit,
999 3289 1240 3343 reuomentem

149 3376 173 3418 et
189 3385 253 3420 vera
273 3369 358 3418 oratio
378 3367 427 3418 illa
444 3376 550 3419 vetusta
569 3376 595 3418 et
613 3368 828 3436 prudentissima,
847 3367 893 3418 ubi
912 3363 1053 3416 consilium
1076 3362 1173 3414 bonum
1193 3361 1243 3411 ad-

149 3439 189 3501 sit,
207 3437 244 3487 ibi
263 3437 331 3487 nibil
353 3452 412 3488 esse
432 3438 625 3505 impedimenti,
642 3441 756 3490 maxime
774 3447 862 3490 autem
879 3453 971 3505 regem
985 3436 1084 3486 ceteris
1104 3430 1243 3483 excellere

149 3507 263 3560 divitiis:
290 3515 369 3574 atquc
392 3523 471 3558 nemo
496 3510 572 3560 novit
596 3525 710 3576 unquam
735 3525 884 3576 quenquam
914 3509 1006 3559 borum
1036 3520 1167 3572 egenum:
1195 3503 1243 3553 sed

153 3585 272 3645 quantum
293 3575 484 3628 exhauriuntur
511 3578 544 3628 ab
564 3593 595 3628 eo
614 3579 725 3642 disitiae
753 3579 895 3630 beneficiis
921 3588 948 3629 et
969 3578 1066 3628 officiis
1084 3573 1242 3633 solvendis,

135 3657 244 3700 tontum
264 3663 363 3714 aroge
383 3661 480 3713 supero
500 3647 643 3712 praebetur
660 3647 723 3698 huic
744 3649 804 3699 fons
824 3656 851 3697 et
868 3648 966 3699 fluvius
983 3647 1040 3696 auri
1060 3643 1244 3695 inexhaustus.

153 3734 214 3771 vera
233 3720 302 3770 enim
321 3719 384 3770 ritis
406 3726 446 3770 est
463 3717 596 3785 benignae
615 3718 766 3786 largitionis
785 3719 916 3782 dominus,
935 3722 1245 3779 tantumauctus‚quan.

152 3799 200 3841 tum
221 3790 417 3843 circumscribit
435 3790 552 3852 divitias,
573 3798 600 3842 et
618 3790 719 3856 spargit
743 3796 853 3856 propter
877 3790 1010 3840 virtutem.

247 3879 299 3930 Sed
318 3878 351 3928 de
372 3879 492 3944 sapiente
510 3893 576 3946 rege
598 3893 646 3928 suo
666 3884 787 3944 tempore
807 3877 910 3929 dicetur
928 3883 1031 3943 postea,
1052 3874 1154 3943 qnando
1176 3871 1246 3922 hune

153 3951 210 4002 urbs
228 3949 368 4017 splendida
383 3949 520 4014 splendide
532 3950 649 4016 excipiet
668 3957 694 3999 et
708 3948 945 4001 innumerabilibus
963 3947 1104 3998 honorabit
1122 3942 1244 3995 laudibus

152 4029 176 4072 et
192 4022 277 4074 lestis.
298 4022 324 4071 in
348 4020 558 4072 occidentalibus
577 4029 663 4071 autem
685 4021 803 4086 partibus
825 4020 931 4086 lugiens
951 4019 1033 4070 frater
1046 4016 1243 4083 Bryenuiicum

154 4093 212 4158 suis,
231 4092 363 4145 llaedesto
383 4093 609 4158 appropinquarit
628 4099 654 4142 et
673 4092 740 4144 bane
764 4090 856 4141 urbem
880 4091 998 4142 intravit.
1035 4088 1170 4142 Patninaoi
1194 4099 1244 4134 au-

155 4171 202 4215 tem
219 4163 392 4218 blacedonum
411 4163 568 4216 seditionem
588 4178 661 4216 suam
681 4162 836 4214 felicitatem
857 4171 884 4214 et
907 4161 1121 4213 benevolentiam
1147 4164 1244 4224 putau-

158 4241 193 4288 tes
214 4251 272 4290 cum
294 4234 464 4288 multitudine
483 4249 537 4287 non
556 4237 663 4292 minima
676 4232 853 4302 Adrianopoli
872 4235 1114 4302 appropinquarunt
1132 4236 1160 4280 et
1177 4225 1245 4278 haue
