3017 4892
252 306 328 385 tt·
426 399 428 405 ¹
548 306 768 385 rotmanus
797 301 1057 383 λπλιιστλσ

207 541 210 547 .
252 480 374 565 ἐκείνην
395 476 586 564 προήρχετο.
628 474 684 543 καί
703 470 743 562 ἦν
764 478 943 562 ἐπικρατῶν
969 468 1064 563 ἄχρις
1087 474 1216 561 ἦμεριόν
1229 492 1374 545 ‘reona-

253 579 400 665 ρόιιοντα.
955 604 959 609 ·
1040 644 1044 653 .

347 679 429 747 ’Aut
455 683 490 747 δὲ
517 680 616 766 μηνός
640 681 814 765 ὅνταβρίου
837 678 925 755 νόσος
958 680 1142 763 ἐνσνὴψοσα
1163 682 1208 768 τῷ
1228 684 1375 761 βασιλεῖ

128 823 136 835 ·
252 775 332 868 όχρι
352 782 407 849 τοό
428 784 567 859 ἐπιόντος
586 784 686 865 μαΐου
707 780 809 867 μηνός
828 783 1040 867 κατέτρυχεν·
1083 782 1116 846 ἐν
1136 780 1224 869 adep]
1238 783 1274 845 ἐέ
1294 805 1367 847 να-
1397 802 1404 811 ·

251 884 442 967 τειρχόσατο
465 886 577 952 τοῦτον
606 886 663 951 καί
692 889 748 967 τῆς
781 883 924 949 ἐνταῦθα
955 885 1037 967 ζωῆς
1069 882 1291 967 ἀπεστέρησεν.
1337 881 1392 965 ἤ5

250 988 289 1051 δέ
309 979 383 1051 όσία
402 983 516 1051 τοότου
539 986 599 1050 οέιι
618 982 756 1069 ἔνθαπερ
780 979 993 1069 προσεδόκησε
1018 987 1152 1069 γέγονεν,
1174 982 1255 1050 ortt
1278 988 1364 1049 dra-

251 1085 377 1162 πόντιος
404 1087 519 1169 α’χθτίς
547 1084 603 1153 ἐπί
621 1089 685 1154 τοόν
713 1086 855 1152 decreto
879 1088 933 1169 τῆς
967 1086 1092 1170 χρυσῆς
1119 1081 1360 1170 repercuterer,

251 1190 328 1270 περί
345 1210 378 1251 τι
397 1185 641 1274 φροντιστήριον
672 1189 720 1254 ἐπ’
752 1186 883 1271 ἐνόμοιι
907 1189 963 1252 τοῦ
995 1186 1088 1269 ἁγίου
1109 1185 1270 1253 Νικολάου
1293 1213 1361 1251 τια-

252 1286 464 1371 θιόρυμένον,
485 1285 531 1363 εἴς
554 1313 625 1355 τινα
650 1286 748 1373 σορόν
769 1292 1128 1373 προκατεσκευασμένην
1158 1278 1253 1376 ἐτέριρ
1278 1289 1360 1353 ἐνα-

117 1387 380 1473 ι1067.τιετέθη,
406 1386 504 1472 ζήσας
525 1392 560 1455 ἐν
583 1394 624 1480 τῇ
645 1394 793 1478 βασιλείρ
810 1386 947 1473 χρόνους
968 1384 1046 1455 eard
1070 1391 1125 1453 καί
1144 1390 1247 1474 μῆνας
1268 1386 1310 1468 ἐξ.
1369 1402 1409 1457 10

143 1470 244 1529 ⁵⁶¹⁸¹¹⁸3
352 1491 425 1555 Κατ’
443 1490 595 1575 κατίσχον
621 1490 660 1557 τό
682 1494 828 1576 σκῆπτρα
860 1494 914 1575 τῆς
932 1494 1097 1573 βασιλείοις
1121 1483 1140 1576 ἢ
1163 1514 1195 1555 τε
1217 1490 1359 1573 σόμβιος

251 1589 352 1657 ου’τοῠ
372 1592 514 1658 Ετίδοιτιλτ
531 1595 586 1661 καί
606 1590 636 1659 ot
652 1595 775 1669 παῖδες.
826 1592 1133 1679 πρυκατησφσλίσθη
1153 1592 1215 1676 γὰρ
1238 1593 1258 1677 ἦ
1278 1593 1358 1659 Ao’-

250 1692 369 1779 χοόστα
388 1690 434 1778 μή
458 1694 618 1781 όευτόροις
649 1680 763 1778 νόμοις
796 1695 1033 1778 προσομιλῆσαι
1065 1695 1275 1782 α’ρχιερατιιιῇ
1300 1694 1358 1761 καί

250 1796 443 1883 συχνλητιιιῇ
474 1796 667 1869 συνελεόσει.
720 1786 760 1877 ἧν
800 1793 860 1879 γὰρ
893 1800 946 1879 τῆς
978 1792 1115 1861 συνόδου
1146 1790 1355 1880 προεξόρχοον

249 1900 307 1962 καί
325 1892 384 1981 τήν
405 1897 622 1981 πατριαρχίαν
643 1898 770 1979 κόσμιόν
786 1894 968 1983 ’ίωόννηςό
993 1898 1233 1981 ἐπικεκλημένος
1251 1892 1355 1984 Erpe—
1365 1921 1396 1974 15

249 2002 353 2077 λίνος,
381 1998 416 2061 ἐν
451 1998 688 2081 Τραπεζοῦντος
718 2001 779 2077 μὲν
802 1997 1005 2082 ὁρμημένος,
1027 1995 1107 2081 ἀνὴρ
1129 1999 1165 2060 δὲ
1184 1994 1285 2082 σοφός
1299 2000 1356 2063 καί

249 2094 447 2173 παιδεύσεως
479 2098 525 2171 εἰς
555 2090 652 2183 ἄκρον
684 2095 844 2179 ἐληλακιός
874 2099 933 2162 κυῖν
964 2108 1028 2177 τοῖς
1060 2102 1228 2176 πολιτικοῖς
1261 2104 1353 2182 περί-

247 2201 380 2281 βλεπτος
410 2194 547 2281 χενονιός
575 2197 631 2262 καί
655 2199 773 2284 αρετῆς
795 2195 964 2287 εὐφρόνας.
990 2194 1249 2282 ἐπιμελούμενος,
1270 2196 1351 2265 ιόστε

248 2306 312 2374 τοῖς
332 2303 506 2381 βασιλείοις
527 2296 576 2365 ἔτι
597 2302 832 2387 ἐμφιλοχωροῖν
852 2301 907 2367 καί
926 2302 1039 2387 προότα
1065 2302 1173 2387 φόρεον
1194 2297 1281 2385 need
1307 2304 1352 2389 τῷ

248 2402 382 2482 βασιλεῖ
398 2397 457 2483 τὴν
476 2397 655 2485 μονοχικὴν
675 2402 836 2467 πολιτείαν
861 2398 895 2467 ἐν
915 2399 1003 2488 deperi
1026 2402 1082 2485 τῆς
1105 2396 1277 2484 τέημεριλις
1296 2402 1393 2477 καίοι)

249 2500 303 2585 τῆς
325 2497 447 2583 ἡλικίας
470 2498 690 2568 ἐστόσοσθαι.
711 2500 767 2567 καί
794 2501 848 2568 τόν
867 2498 1106 2588 όναχσορητικόν
1124 2500 1194 2583 βίον
1217 2504 1290 2586 περὶ
1312 2500 1346 2565 τό
1377 2510 1381 2514 ’

246 2597 420 2683 Ὀλόμπιον
446 2591 521 2689 όρσς
548 2597 705 2686 ἐλόμενος,
724 2600 839 2691 χρόνον
865 2602 920 2671 ἐπί
947 2602 1068 2688 συχνόν
1096 2594 1141 2687 ἦν.
1162 2598 1348 2683 ἐιαλόμτιοιν

248 2703 297 2771 ἐπ’
322 2703 423 2791 α’ρττῇ
451 2705 507 2769 καί
523 2702 614 2796 φόβῳ
643 2708 733 2774 θεοῦ.
785 2703 841 2773 aar*
869 2705 924 2772 διὰ
944 2708 1037 2773 τοῦτο
1068 2706 1126 2772 τοό
1146 2701 1346 2792 πατριάρχου

180 3014 184 3021 ’
252 3014 339 3061 antem
359 3008 449 3062 radroe
466 3014 497 3062 nt
513 3008 547 3062 ad
564 3009 717 3062 orientemr
736 2978 805 3061 etat
816 3008 849 3062 ad
866 3007 941 3063 illum
959 3006 1195 3077 progrediebaturr
1215 3016 1242 3063 et
1259 2994 1344 3068 domi.

248 3080 361 3133 nubatur
380 3096 429 3149 per
455 3081 513 3135 dier
534 3080 718 3150 quadraginta.

348 3169 414 3221 Inde
440 3185 456 3221 a
481 3184 575 3222 merrae
599 3168 710 3221 octobre
728 3168 836 3222 morbus
855 3169 977 3223 incident
994 3171 1053 3239 regi
1072 3186 1158 3239 nequa
1176 3171 1210 3223 ad
1228 3185 1345 3240 aequen-

251 3250 305 3294 tem
322 3242 419 3291 maium
437 3256 556 3293 mensem
576 3256 634 3292 enm
655 3240 800 3294 cruciabat.
826 3240 878 3293 hoc
903 3250 991 3294 autem
1015 3258 1107 3295 menae
1133 3242 1252 3294 confecit
1277 3242 1344 3294 hunc

251 3319 278 3363 et
294 3320 403 3363 terrena
421 3311 477 3362 vita
502 3312 628 3378 privavit.
647 3313 717 3364 iusta
735 3322 823 3365 autem
843 3315 900 3366 eiua
920 3328 973 3365 non
993 3314 1038 3365 ubi
1057 3322 1260 3381 exspectaverat
1278 3314 1344 3365 facta

250 3390 327 3446 aunt,
346 3382 394 3434 aed
410 3388 483 3433 trane
501 3398 574 3435 mare
594 3382 663 3436 latua
682 3382 807 3437 lintribus
828 3392 903 3437 extra
921 3401 1029 3438 auream
1047 3394 1168 3453 portam,
1196 3386 1269 3437 circa
1286 3400 1343 3435 mo.

249 3454 393 3506 narterium
417 3454 547 3521 quoddam
573 3455 622 3507 cub
648 3457 757 3509 nomine
776 3458 859 3511 sancti
878 3457 983 3511 Nicolai
1004 3458 1137 3509 conditum
1156 3459 1184 3509 in
1203 3455 1342 3525 sepulchro

250 3524 321 3593 quod
340 3524 387 3591 alii
407 3532 485 3577 antea
506 3526 604 3579 factum
625 3535 690 3592 erat,
702 3530 846 3597 ‚depositus
868 3539 917 3598 eet,
937 3538 1076 3600 postquam
1095 3530 1164 3581 vixit
1182 3530 1209 3581 in
1234 3530 1342 3597 imperio

224 3612 334 3651 ,τασαν
353 3605 455 3664 reptem
475 3604 502 3649 et
527 3616 632 3653 menses
658 3615 715 3651 aex.

349 3669 382 3722 Et
400 3669 573 3724 obtinuerunt
592 3680 724 3741 sceptrum
745 3674 823 3743 regni
842 3690 909 3727 uxor
928 3675 986 3725 eiua
999 3672 1118 3725 Eudocia
1138 3680 1164 3724 et
1182 3672 1241 3725 filii.
1281 3686 1343 3723 con.
1383 3725 1394 3743 ρ

250 3742 352 3794 firmata
371 3744 440 3794 enirn
459 3751 516 3795 erat
534 3753 656 3814 augusta,
675 3762 710 3797 ne
728 3746 816 3798 altero
836 3746 1002 3798 matrimonio
1023 3746 1250 3813 coniungerem,
1277 3759 1342 3811 pon.

250 3814 330 3866 tidcia
349 3816 457 3865 maximi
476 3824 504 3866 et
522 3817 670 3870 consiliarii
688 3819 897 3871 necessitudine.
937 3824 994 3869 erat
1015 3817 1085 3867 enim
1104 3824 1252 3869 conventus
1272 3815 1344 3882 prin-

187 3936 200 3953 Ι
250 3900 314 3950 cepe
334 3893 360 3936 ct
378 3887 571 3952 patriarchatus
590 3890 671 3941 decue
690 3891 804 3942 loannes
823 3890 982 3962 cognomine
1001 3880 1087 3940 dictus
1107 3886 1271 3955 Xiphilinur,
1284 3888 1343 3939 Tra.

154 4021 158 4026 Ι
249 3963 366 4023 perunte
384 3958 522 4024 oriundus,
541 3960 620 4013 homo
638 3963 745 4028 eapiena
766 3969 793 4011 et
810 3960 1003 4011 institutionem
1028 3975 1153 4011 summam
1171 3959 1302 4026 adeptus:
1321 3964 1344 4011 et

248 4028 276 4077 in
304 4025 384 4078 rebua
413 4028 538 4083 civilibus
562 4031 675 4084 illustria
702 4040 730 4082 ct
758 4033 884 4082 virtutem
911 4032 1055 4097 prudenter
1082 4046 1193 4095 curans,
1219 4032 1256 4081 ita
1275 4038 1303 4080 ut
1320 4030 1344 4078 iu

249 4098 325 4165 regit
345 4098 479 4149 etiamtum
498 4118 609 4155 versane
628 4111 655 4153 et
672 4104 771 4168 primos
791 4101 906 4153 honores
926 4110 1064 4168 reportans
1084 4104 1153 4169 apud
1163 4118 1265 4170 regem,
1289 4114 1342 4151 nro-

249 4168 387 4221 nachicam
407 4170 487 4224 vitant
506 4174 534 4224 in
552 4173 620 4225 flore
646 4174 768 4225 fortunae
788 4176 927 4227 etaetatis
954 4175 1176 4243 amplecteretur:
1204 4182 1229 4225 ot
1253 4170 1343 4225 solita-

224 4242 314 4308 lriam
342 4242 424 4299 vitam
458 4244 530 4297 circa
557 4243 725 4312 Olympicum
755 4252 871 4301 mentem
898 4245 1001 4316 eligent
1030 4261 1078 4313 per
1108 4244 1218 4300 multum
1247 4253 1345 4313 temput
