3017 4892
512 373 515 387 '
608 365 815 438 HISTORIA.
841 381 844 388 '
934 370 939 379 '
1186 363 1260 435 2⁰1

158 546 268 629 μάτων
290 546 367 629 ου’χί
384 547 519 628 μικρῶν.
541 536 581 627 ἦν
597 538 658 625 γάρ
680 543 760 623 μετά
785 544 846 607 τῶν
867 535 969 608 άλλων
991 542 1094 606 κακῶν
1116 542 1170 605 καί
1190 536 1265 621 περὶ

160 652 417 735 φιλοχρηματίαν
448 648 619 727 δαιμονίως
638 640 842 724 σπουδάζων,
865 642 920 707 κατ’
945 638 1085 727 κτήσεων
1106 640 1263 738 ιίκινητων

154 744 278 831 χανδόν
297 743 486 826 ποιούμενος
505 741 560 829 την
580 744 747 823 ἐπίκτησιν.
781 735 826 807 ῶν
838 743 1017 828 άκορέστως
1028 738 1177 824 ἐχόμενος
1192 742 1264 805 κόν-

160 868 235 927 τρον
252 845 307 911 καί
326 855 454 927 ταμεῖον
467 848 522 931 τῆς
535 847 598 908 τῶν
615 848 733 908 λοιπῶν
752 844 855 908 αδτοῶ
875 843 1013 927 κτήσεων
1034 838 1263 925 ἒπισοναθροί-

130 946 240 1021 5σεως
253 943 310 1031 τήν
325 951 383 1010 τοῦ
396 945 551 1027 Ἕβδόμου
562 942 670 1029 μονήν.
693 944 814 1029 ταύτην
832 946 892 1030 γάρ
908 940 1015 1026 λοβῶν
1030 940 1107 1007 κατά
1126 940 1260 1025 δωρεάν,

160 1046 376 1130 παρεσκεύαζε
395 1046 449 1113 τόν
469 1050 603 1129 βασιλέα
619 1043 717 1111 πολλά
743 1050 806 1110 τῶν
831 1047 992 1130 κτημάτων
1013 1046 1100 1133 stirp]
1120 1068 1263 1127 προσκν-

159 1148 237 1231 ροῶν
258 1146 414 1231 ὁσημέραι
445 1148 501 1213 καί
529 1144 705 1231 προσόδους
728 1147 898 1231 άφθόρονς
928 1155 1115 1231 περιποιεῖν,
1136 1144 1178 1219 ῶς
1199 1138 1291 1212 ari-r.
1310 1157 1399 1215 ator.

160 1248 218 1311 τοῦ
238 1246 322 1329 τάχα
344 1250 610 1331 διαγωνιζομένου
637 1250 768 1331 ποιῆσαι
790 1257 883 1313 τοῦτο
903 1244 986 1329 μετά
1009 1250 1198 1331 παρέλευσιν
1217 1251 1260 1337 τῷ
1293 1308 1305 1315 .

155 1350 287 1427 βασιλεῖ
303 1348 478 1431 πολύολβον
502 1348 699 1431 ἐνδιαίτημα,
723 1346 939 1430 σκεπτόμενος·
955 1352 990 1413 ἐκ
1002 1348 1190 1432 ’μοχθηρίας
1212 1350 1262 1414 οί-
1344 1416 1347 1421 ,

110 1458 147 1511 10
158 1448 327 1511 κενοῦσθαι
351 1452 405 1511 καί
426 1446 693 1531 παροικερδαίνειν
721 1446 761 1511 τά
792 1451 850 1512 νῦν
870 1449 1115 1532 προσφερόμενα
1145 1453 1201 1513 καί
1218 1450 1261 1535 τῷ

78 1536 83 1548 ’
157 1544 287 1626 όνόματι
311 1551 367 1631 τῆς
384 1533 486 1631 ’μονῆς
510 1550 644 1616 πλοῦτον
665 1551 857 1613 ἐπικτᾶσθαι
878 1546 1039 1631 ὑπερφυῆ,
1059 1552 1115 1609 τοῦ
1136 1549 1260 1629 septt-

154 1652 261 1722 λοντος
283 1642 366 1713 εἶναι
386 1649 442 1713 τὸν
466 1646 556 1729 λόγον
579 1648 769 1732 ἀπόρρητον.
823 1649 856 1710 ἐν
877 1645 997 1721 τούτοις
1020 1651 1056 1711 δὲ
1085 1649 1182 1712 πᾶσιν
1200 1649 1260 1711 ου’-
1353 1667 1360 1686 ’

157 1744 234 1811 δέκα
253 1746 347 1830 κόρον
370 1748 551 1829 λαμβάνων,
574 1750 676 1811 καίτοι
702 1752 758 1812 καί
778 1745 863 1831 παρά
886 1746 1014 1812 πάντων
1036 1752 1099 1813 τῶν
1120 1750 1156 1812 ἐν
1175 1750 1256 1814 τέλει

156 1847 212 1907 καί
228 1848 290 1909 τῶν
310 1849 513 1930 στρατιωτῶν
537 1851 592 1911 καί
612 1852 758 1913 τελωνῶν
780 1852 834 1911 καί
853 1849 1038 1932 πρακτόρων
1057 1846 1259 1932 δωροδοκοό-
1332 1928 1336 1933 ,

113 1953 250 2028 15μενος
287 1949 343 2011 καί
372 1947 509 2033 κτήσεων
547 1948 674 2012 είδιίῶν
712 1952 768 2012 καί
800 1946 892 2013 οἴκων
927 1949 961 2013 όν
998 1946 1168 2033 περιλὴψιι
1199 1972 1260 2031 με-

155 2038 261 2133 γάλων
289 2052 343 2112 καί
374 2050 497 2112 πολλῶν
524 2046 776 2130 καθιστάμενος,
810 2051 887 2113 ον’δὲ
916 2052 973 2114 τοῦ
1000 2051 1176 2134 κερδαίνειν
1206 2056 1260 2117 καί

156 2152 191 2214 ἑκ
232 2147 522 2237 συκοφαντημάτων
554 2150 723 2233 ἀπείχετο,
761 2152 834 2216 ου’δὲ
870 2154 927 2214 ταῶ
967 2151 1186 2233 ε’πιβουλεόειν
1218 2155 1259 2240 τῇ

156 2249 290 2339 εόθηνίρ
325 2254 379 2315 καί
414 2247 471 2334 την
501 2249 652 2334 κοσμικην
687 2251 864 2339 α’δημονίαν
895 2254 952 2316 καί
985 2250 1109 2317 ἔνδειαν
1139 2254 1259 2318 οἰκείαν

156 2354 318 2415 ποιεῖσθαι
340 2354 558 2437 φιλοκερδείας
586 2348 757 2417 ὑπόθεσιν·
801 2352 845 2441 τῷ
869 2376 919 2417 τοι
948 2356 1002 2417 καί
1027 2353 1145 2435 μαθοόν
1163 2350 1206 2430 ῶς
1226 2351 1260 2419 όν

112 2431 351 2539 λδτρῖκάστρηι
373 2456 412 2537 τῇ
428 2451 599 2539 Ῥαιδεστρῖ
627 2453 817 2535 κατάγουσιν
847 2447 967 2536 ἅμαξαι
994 2452 1048 2549 τόν
1072 2460 1160 2519 σίτον
1180 2460 1259 2517 πολ-

144 2552 218 2629 λαί,
241 2554 295 2615 καί
310 2549 580 2635 διαπιπράσκονσι
596 2549 901 2642 διασκεδαννόμιναι
917 2552 961 2629 εἴς
972 2578 1006 2619 τε
1018 2550 1057 2619 τά
1078 2559 1139 2619 τῶν
1156 2577 1259 2635 μονα-

158 2654 297 2733 στηρίων
318 2654 498 2734 ξενοδοχεῖα
520 2650 575 2715 καί
590 2651 764 2717 κατατόπια
781 2652 836 2717 καί
856 2654 954 2738 αότῆς
976 2659 1031 2737 τῆς
1043 2655 1182 2740 μεγάλης
1204 2656 1258 2719 ἐκ.

24 2737 28 2753 ’
76 2757 81 2767 ‘
156 2754 285 2834 κληοιάς
308 2752 362 2813 καί
383 2755 506 2817 πολλῶν
523 2755 695 2838 ἐγχωρίων,
712 2757 766 2819 καί
785 2746 895 2819 άνεεον
908 2760 1071 2821 ποιοῦνται
1093 2753 1149 2839 τὴν
1172 2759 1257 2841 προῖ-

226 2911 252 2962 5.
273 2903 378 2983 μονὴν]
398 2928 431 2964 an
453 2905 547 2987 μονὴν
566 2912 713 2970 ἐποιεῖτολ
783 2914 810 2967 8.
831 2914 1137 2988 taetram-interpres.
1213 2919 1254 2973 13.

225 2982 383 3063 λαμβάνειη
401 2984 430 3039 G.
528 2986 571 3038 23.
594 2986 735 3043 ποιοόντα
755 2986 785 3041 G.

157 3132 285 3182 avaritiae
304 3132 369 3199 mire
388 3132 508 3199 deditus,
528 3141 554 3185 et
578 3137 778 3202 possessionum
808 3137 973 3188 immoturum
993 3138 1089 3204 cupide
1108 3137 1159 3189 sibi
1178 3152 1253 3189 com.

154 3202 263 3267 parabat
280 3205 472 3269 accessionem,
493 3222 603 3274 quarum
621 3208 765 3259 insatiabili
791 3210 869 3260 modo
899 3216 978 3259 tenax
996 3208 1130 3262 stimulum
1149 3216 1176 3260 et
1194 3210 1254 3260 cel.

154 3273 205 3325 lam
223 3274 443 3328 accumulatiouis
471 3286 618 3329 ceterarum
646 3282 846 3345 possessionum
871 3279 985 3332 habebat
1003 3280 1132 3333 Hebdomi
1157 3296 1252 3333 mona.

153 3347 276 3397 sterium:
301 3346 352 3397 hoo
378 3348 447 3399 enirn
473 3357 610 3417 postquam
638 3351 707 3401 dono
728 3354 833 3419 accepit
856 3352 1007 3417 efficiebat,
1036 3361 1065 3404 ut
1091 3368 1139 3405 rex
1157 3352 1252 3406 multas

153 3418 337 3481 possessiones
360 3420 384 3468 ei
397 3417 520 3471 'ssrmaret
538 3423 657 3488 quotidie
677 3430 704 3473 et
730 3425 863 3475 redituum
882 3425 981 3486 affatim
1004 3425 1144 3490 tribueret,
1164 3427 1252 3476 ita·ut

146 3500 187 3536 eo
206 3486 283 3536 brevi
311 3488 363 3537 hoo
393 3491 536 3541 evincente
566 3491 616 3542 hoo
640 3494 764 3545 redderet
792 3510 876 3561 prope
904 3510 995 3564 regem
1014 3498 1127 3547 maxime
1145 3496 1251 3547 beatum
1290 3510 1293 3518 ·

132 3555 332 3619 domicilium,
357 3560 465 3611 studens
494 3563 625 3625 pravitate
652 3564 676 3611 oi
696 3565 835 3616 conciliari
863 3576 889 3617 et
909 3566 1008 3619 lucrari
1028 3584 1096 3634 quae
1116 3584 1186 3620 nuno
1204 3584 1252 3619 re-

155 3626 235 3677 deunt
259 3634 286 3676 et
313 3629 421 3677 nomine
445 3632 600 3681 monasterii
622 3632 728 3684 divitias
757 3636 807 3685 sibi
828 3651 981 3701 comparare
1006 3640 1156 3690 immensas.
1194 3654 1252 3689 cum

154 3696 198 3748 hio
215 3696 277 3747 talis
298 3712 357 3749 esse
378 3698 463 3749 vellet
482 3700 592 3760 ratione
605 3702 698 3764 vetita,
718 3704 745 3754 in
771 3702 812 3756 his
832 3714 919 3756 autem
939 3708 1060 3759 omnibus
1085 3708 1185 3759 nullam
1205 3724 1253 3760 ea.

154 3784 219 3835 pere
238 3770 397 3832 satietatem,
416 3768 482 3820 licet
501 3777 528 3820 et
544 3769 577 3821 ab
593 3771 713 3826 omuibus
739 3776 936 3844 magistratibus
962 3787 989 3828 et
1008 3778 1137 3831 militibus
1157 3788 1184 3831 et
1201 3796 1253 3847 pu.
1313 3841 1320 3846 ,

154 3839 267 3892 blicauis
288 3848 314 3890 et
336 3841 509 3906 portitoribus
532 3844 646 3908 pecunia
665 3856 805 3915 corruptus
830 3856 857 3898 et
874 3851 1072 3916 possessionum
1091 3851 1253 3917 privatarum

155 3920 180 3963 et
197 3912 378 3963 aedificiorum
399 3912 511 3964 circuitu
529 3928 685 3982 magnorum
714 3918 908 3987 multorumque
928 3921 1077 3991 (domiuus)
1098 3922 1199 3989 iactus,
1218 3942 1252 3977 ne

154 3985 191 4035 sic
211 3983 316 4051 quidem
329 3998 344 4034 a
358 3983 433 4035 lucro
454 3985 497 4037 vel
519 3985 657 4040 calumniis
676 3989 786 4055 destitit,
805 4007 894 4059 aeque
913 3993 1020 4044 studere
1030 3993 1205 4047 abundantiae
1226 4006 1252 4049 et

153 4063 284 4107 terrenam
305 4055 480 4107 calamitatem
501 4065 580 4126 atquo
598 4060 713 4127 inopiam
733 4065 869 4131 proprium
889 4064 1000 4116 reddere
1020 4065 1087 4117 lucri
1106 4082 1250 4135 argumen.
1325 4071 1328 4080 '

152 4134 214 4177 tum.
253 4134 306 4177 tum
327 4142 392 4194 ergo
407 4129 512 4193 audito,
532 4130 564 4180 ad
584 4132 722 4184 castellum
743 4136 895 4187 Raidestum
914 4136 1048 4188 deducere
1068 4154 1160 4191 currus
1191 4140 1250 4191 lru.

152 4206 266 4249 mentum
285 4198 382 4251 multos
402 4207 428 4250 et
448 4202 574 4266 vendere,
594 4219 700 4270 sparsos
720 4200 769 4274 por
787 4209 1008 4260 monasteriorum
1036 4211 1192 4263 deversoria
1223 4218 1250 4261 et

152 4270 276 4338 regiones
296 4279 323 4322 et
343 4268 426 4339 ipsius
445 4288 557 4343 magnae
577 4276 709 4331 ecelesiae
729 4287 755 4330 et
774 4278 915 4333 multorum
935 4282 1035 4348 patriae
1066 4280 1204 4349 locorum,
1225 4286 1251 4332 et
1323 4307 1328 4320 ι
