3017 4892
606 335 835 427 merome
929 368 937 386 =
1183 350 1258 427 ooo
1334 294 1337 303 ’

157 520 215 584 τοῦ
236 518 406 602 λογοθίτου
426 516 530 603 ἀρχῆς
560 504 617 581 καί
636 519 824 583 ἰδιωτεῦσαι
847 520 902 582 καί
934 514 1043 583 οἴκαδε
1064 523 1279 603 καταστῆναι,
1335 542 1340 549 ·

157 621 202 695 ω“ς
228 614 387 702 ἄπρακτον
410 615 509 707 πάντη
532 620 587 684 καί
607 621 705 684 πᾶσιν
729 618 918 706 ἀπόβλητον,
940 622 991 685 ἴνα
1011 624 1066 685 καί
1088 624 1184 685 τοῦτο
1197 621 1259 705 ἀρ-

155 725 232 786 notia
253 717 445 805 ἡγησάμενοι
467 718 547 804 πρὸς
566 722 723 803 τιμωρίαν
748 721 850 784 αὐτοῦ
869 718 899 786 οἱ
920 725 1066 802 πολέμιοι
1087 725 1141 804 τῆς
1160 746 1258 805 στρα.

156 824 319 895 τοπεδείας
342 819 558 905 ἀπόσχωνται.
602 819 672 886 ἐπεὶ
694 822 728 884 δὲ
751 822 820 884 ov’d’
846 825 890 900 εἰς
911 826 1003 887 τοῦτο
1031 821 1218 909 κατανεάων
1240 823 1259 887 ἀ

127 920 306 1006 5βασιλεύς
324 921 502 1008 ἐτύγχανεν,
526 924 594 987 oo’d’
611 917 681 998 ἓνάς
702 920 820 1006 ἀνδρός
842 924 1001 1010 ἀπραξίας
1020 924 1178 1011 σωτηρίαν
1199 927 1258 991 τοῦ

157 1026 268 1109 γένους
296 1020 412 1098 παντὸς
433 1026 495 1089 τάν
521 1025 689 1106 Ῥωμαίων
720 1024 980 1105 ἀνταλλάξασθαι
1012 1028 1177 1112 πρόθυμος
1208 1018 1257 1109 ήν,

106 1207 110 1217 Ι
154 1132 273 1212 βοηθεῖ
290 1122 412 1202 τούτοις
430 1117 556 1191 ἀνωθεν
580 1125 691 1209 ήθεία
714 1124 882 1212 ἀντίληψις
904 1136 974 1204 ταῖς
996 1129 1136 1193 ἀκλινίοι
1157 1152 1258 1214 πρεσ-

154 1232 257 1309 βείαις
277 1228 331 1310 τῆς
355 1223 579 1311 παναχράντου
611 1227 778 1314 δεσποίνης
809 1226 899 1311 ήμάν
928 1229 1089 1294 θεοτάκου.
1144 1228 1175 1291 οἱ
1194 1226 1255 1315 γάρ

153 1327 384 1406 ἀποσταλέντες
407 1331 557 1412 πρέσβεις
578 1325 663 1415 παρά
684 1327 974 1409 τάνΠατζινάκων
993 1332 1256 1416 ἀναπεμφθέντες

109 1426 248 1496 1οπἀλιν
267 1430 314 1504 εἷς
339 1425 457 1507 οιάτοάς
484 1425 743 1515 δπωπτεάθησαν
773 1427 807 1509 ἔκ
828 1454 912 1507 τινος
942 1421 1122 1515 ἀπροόπτου
1151 1431 1256 1505 αἰτίας

152 1530 196 1607 ἀς
216 1531 322 1619 λάθρρι
343 1533 610 1615 διαχειρίσασθαι
621 1531 789 1610 μέλλοντες
807 1527 864 1593 τὸν
878 1528 1171 1615 πρωτοσάμβουλον
1193 1532 1255 1593 od-

150 1635 214 1699 τῶν
238 1632 294 1696 καί
319 1629 538 1714 συστράτηγον
568 1632 738 1713 Νέστορα·
793 1631 849 1693 καί
879 1623 1035 1715 φοβηθείς
1065 1632 1181 1705 ε’κεῖνος
1199 1626 1255 1695 τάν

152 1731 215 1796 ἀπὸ
237 1734 382 1815 μηχανῆς
402 1732 557 1811 κίνδυνον,
579 1730 700 1811 ταχέως
724 1726 847 1797 ἐκεῖθεν
868 1726 1049 1814 ἀναστήσας
1070 1730 1127 1815 τήν
1151 1756 1253 1815 στρα-

152 1829 224 1896 τιάν
245 1824 479 1914 ἀπισθόρμητος
511 1820 638 1913 ἤλαυνε.
690 1835 746 1895 καί
765 1831 902 1896 διελθών
928 1830 985 1915 τήν
1018 1833 1252 1919 Μακεδονικήν,

108 1934 207 2002 15κοί
227 1938 292 2007 τοῖς
314 1920 420 2005 ἀλλοις
443 1930 662 2010 Πατζινάκοις
682 1934 862 2015 συμμίξας,
884 1929 918 1995 οἳ
937 1929 994 2016 τήν
1015 1930 1126 2015 χώραν
1148 1934 1253 1997 πᾶσαν

153 2038 344 2118 κατέτρεχον
376 2031 431 2095 καί
451 2034 684 2115 κατεληίζοντο,
710 2026 817 2109 Ιοὕτως
839 2033 883 2109 εἰς
904 2029 943 2097 rol
961 2035 1038 2116 περί
1058 2031 1113 2096 τὸν
1126 2024 1252 2119 Ἴστρον

150 2141 256 2221 χωρία
276 2132 330 2197 καί
355 2128 411 2207 τάς
443 2129 591 2207 ἐπαύλεις
613 2132 787 2219 ἀνέδραμε,
809 2131 927 2218 πολλήν
951 2134 1251 2217 ε’παγὸμενσςλείαν
1311 2162 1314 2167 ·

149 2234 330 2319 ἀνθρώπων
351 2256 383 2298 τι
404 2236 460 2298 καί
481 2235 602 2315 κτηνῶν
625 2232 679 2298 καί
699 2235 755 2317 τής
780 2227 877 2319 ἀλλης
900 2228 1087 2317 ἀποσκευῆς.
1129 2237 1249 2299 ε’κείνου

149 2341 184 2404 δὲ
207 2340 328 2419 ταχέως
358 2333 622 2419 ἀναχωρήσαντος
654 2332 824 2419 ἀνακωχήν
852 2333 892 2400 τά
923 2333 1092 2418 πράγματα
1122 2331 1249 2418 ἔλαβον,

103 2440 204 2516 κθκαί
233 2442 294 2504 τῶν
323 2432 567 2522 γεωργημάτων
586 2438 641 2503 καί
672 2439 734 2503 τῶν
755 2429 860 2503 ἀλλων
888 2436 1122 2523 χορτασμάτων
1146 2437 1248 2517 ἀδεάς

142 2545 275 2627 Ιἐποίουν
296 2538 325 2615 οἱ
347 2535 427 2621 πρὸς
448 2538 550 2603 ταῦτα
564 2540 746 2629 τεταγμένοι
766 2537 824 2621 τήν
837 2534 971 2616 εἴσοδον,
994 2541 1050 2603 καί
1068 2535 1125 2621 τήν
1141 2542 1248 2604 ἀπαλ-

148 2640 248 2727 λαγήν
270 2638 299 2705 οῖ
322 2645 461 2704 πλεῖστοι
485 2643 676 2723 θαυμασίως
699 2634 868 2721 ἕάρταζον,
890 2644 935 2727 τῷ
955 2643 1021 2727 θεῷ
1041 2636 1096 2704 καί
1113 2639 1247 2726 τήτοά.

146 2768 202 2813 του
223 2744 450 2829 πανυπερτίμρι
470 2742 569 2825 μητρί
590 2737 629 2805 τοὶ
653 2738 848 2826 χαριστήρια
872 2744 1027 2823 νέμοντες.
1135 2795 1140 2799 .

147 3066 271 3141 quamdiu
290 3063 443 3120 solveretur
462 3060 626 3131 logothetae·
638 3062 762 3130 imperio,
791 3070 818 3115 et
836 3061 970 3114 borninem
994 3062 1126 3130 privatum
1151 3075 1245 3134 ageret

148 3151 174 3195 et
192 3140 262 3195 domi
280 3154 311 3192 ae
329 3145 446 3201 teneret,
464 3144 588 3204 tanquam
605 3133 673 3186 nihil
702 3150 785 3203 agene
813 3135 920 3185 omnino
947 3143 974 3186 et
997 3135 1117 3187 omnibus
1145 3136 1243 3204 negle.

147 3223 213 3279 etue,
233 3208 319 3264 nivel
338 3209 390 3260 hoc
409 3208 536 3260 auiliccre
554 3208 605 3259 rati
625 3207 656 3258 ad
669 3204 800 3258 ultionem
819 3208 877 3257 eiua
889 3206 982 3260 lroatea
1001 3207 1172 3273 expeditione
1191 3208 1241 3260 ab.

146 3286 284 3338 atiuerent.
323 3298 380 3333 cum
400 3282 487 3332 autem
506 3296 541 3331 ne
561 3278 611 3331 hoc
631 3278 736 3347 quidem
755 3285 886 3330 annueret
904 3294 952 3329 rex
977 3292 1066 3345 neque
1092 3279 1171 3331 uniua
1189 3278 1242 3331 ho.

145 3354 222 3409 minio
243 3353 345 3406 desidia
367 3350 479 3404 salutem
498 3353 580 3403 totius
599 3352 687 3421 gentio
707 3348 868 3403 Graecorum
886 3357 989 3401 mutare
1007 3349 1112 3415 vellet,
1140 3350 1241 3403 auxilio

147 3426 221 3478 venit
239 3424 280 3474 hia
299 3438 414 3489 superne
433 3423 552 3474 divinum
570 3423 730 3489 praesidium
750 3422 832 3473 firmia
855 3423 956 3475 nuntiie
981 3423 1095 3473 maxime
1118 3422 1242 3491 integrae

146 3485 269 3549 dominae
286 3501 404 3556 nostrae,
424 3493 466 3543 dei
487 3495 586 3545 matria.
624 3492 707 3561 legati
734 3496 822 3555 enim,
842 3494 888 3561 qni
916 3509 931 3545 a
955 3492 1105 3545 Patainacie
1129 3494 1244 3563 allegati

148 3573 232 3628 erant,
251 3564 355 3615 remissi
374 3577 465 3614 rureua
485 3564 517 3613 ad
536 3578 594 3626 eoa,
613 3566 730 3629 suspecti
750 3571 826 3614 erant
851 3580 930 3616 cauea
959 3566 1069 3631 quadam
1096 3566 1243 3631 improvida

147 3638 221 3706 quasi
241 3635 308 3686 clam
329 3632 428 3684 tollere
447 3632 551 3684 vellent
569 3634 717 3699 principem
736 3633 844 3685 consilii
864 3636 905 3686 aui
925 3640 952 3683 et
974 3635 1082 3700 imperii
1109 3635 1243 3704 collegam

145 3712 303 3763 lieetorem:
325 3713 352 3755 et
372 3704 430 3768 ille,
450 3705 495 3771 qui
514 3710 646 3754 metueret
664 3703 819 3753 insidiosum
841 3702 1000 3769 periculum,
1027 3703 1154 3755 celeriter
1180 3708 1243 3757 inde

146 3780 282 3849 proiectus
301 3777 446 3828 exercitum
464 3783 537 3827 retro
557 3774 645 3825 duxit:
661 3782 688 3824 et
706 3787 865 3840 percurrent
884 3772 1064 3826 blacedoniarn
1083 3782 1120 3841 ‚et
1144 3778 1242 3829 ceteris

145 3850 294 3905 Petrinacia
313 3863 343 3901 ae
362 3849 539 3914 coniungens,
559 3846 603 3914 qui
623 3860 725 3896 omnem
744 3852 841 3896 terram
860 3844 1051 3912 percutiebant
1078 3853 1105 3897 et
1128 3846 1241 3914 diripie-

144 3924 226 3989 bant,
246 3921 286 3974 eic
303 3922 332 3972 in
350 3919 410 3971 letri
436 3919 496 3970 loca
524 3926 551 3970 ct
578 3917 686 3984 praedia
717 3931 821 3968 rursum
849 3915 995 3989 migrabat,
1023 3916 1131 3969 multam
1155 3934 1240 3987 agene

145 3995 268 4064 praedam
287 3992 427 4052 hominum]
442 3998 469 4042 et
487 3990 616 4057 pecudum
641 3995 721 4057 atque
748 3986 847 4057 reliqui
873 3996 1025 4055 apparatae.
1075 3987 1124 4040 illo
1151 3999 1240 4042 antem
1308 4034 1312 4047 ,

146 4066 270 4119 celeriter
288 4063 419 4117 redeunte
440 4062 560 4114 inducias
579 4061 719 4127 imperium
737 4058 870 4111 habebat:
891 4067 918 4110 et
937 4059 1041 4128 frugum
1060 4066 1139 4129 atque
1161 4070 1239 4115 cete.

145 4154 232 4190 rorum
251 4137 436 4189 alimentorum
454 4140 512 4185 tuto
533 4132 676 4196 iaciebant,
696 4132 741 4199 qui
760 4132 793 4183 ad
812 4130 878 4183 baec
897 4132 1012 4184 instituti
1039 4141 1131 4198 erant,
1157 4136 1238 4185 inve-

145 4210 276 4262 ctionem:
297 4214 325 4260 et
342 4204 529 4257 liberationem
546 4204 654 4271 plurimi
673 4204 739 4254 mire
759 4202 941 4269 celebrabant,
960 4203 1011 4256 deo
1031 4212 1060 4255 et
1076 4204 1154 4257 boine
1184 4204 1237 4256 ho.

143 4280 324 4334 uoratiaaimae
343 4276 421 4329 matri
439 4282 528 4347 grates
546 4274 702 4328 tribuentes]

156 4387 159 4395 ’
214 4374 298 4430 utet.
317 4372 401 4429 auat.
422 4372 492 4429 llt'at.
938 4378 941 4383 '
1015 4373 1049 4465 ll
