3017 4892
217 383 222 390 ,
266 321 316 400 ολ
412 261 414 268 ¹
572 322 792 394 urculuns
821 282 1083 394 omnmomn

266 495 443 576 καθήμενος
468 474 671 573 ,α’κρόπόλεοις
697 481 788 572 ἤλγει
818 483 876 568 τη“ν
908 484 1025 550 οἰκείαν
1052 483 1255 570 ἐπικράτειαν
1285 481 1383 550 σάτον

266 595 432 658 λυττοῖσαν
452 589 507 654 κοί
518 593 723 674 μαινομένην,
735 585 811 655 ,ἔστι
830 590 859 650 δ’
878 580 926 663 οἷς
947 586 1001 650 καί
1019 584 1060 652 τά
1076 585 1200 670 ἔσχατα
1221 587 1383 669 πάσχου-

216 696 221 708 '
266 717 326 758 σαν
350 693 506 776 καθοριόν.
560 689 630 756 ἐπεί
657 692 693 755 dd
712 697 778 763 τοῖς
799 689 916 771 τείχεσι
947 686 1157 771 προσεγγίσας
1181 687 1199 752 ό
1219 686 1380 771 τάραννος

266 795 310 882 tq?
331 793 446 876 πλήθει
461 793 516 858 καί
537 799 606 868 ταῖς
628 792 804 870 δυνάμεσιν
817 787 1015 873 ε’νηβράνετο,
1036 789 1209 870 βασιλικαῖς
1229 790 1284 853 καί
1294 791 1381 871 α’γό-

156 921 160 926 ·
201 928 225 947 ·.
266 915 372 976 ρωχος
395 893 619 975 ἐμπεριπατῶν
640 895 695 954 καί
717 888 777 974 πρὸ
801 891 865 953 τεόν
879 891 993 972 τειχῶν
1015 885 1266 974 εὐφημούμενος,
1288 892 1408 966 τινὲςό

266 999 431 1074 προπετεῖς
464 991 519 1055 καί
544 991 722 1080 άτάσθπλορ
752 998 818 1064 τοῖς
848 991 1034 1072 α’νακτόροις
1064 991 1241 1071 ἐγγίσαντος
1261 982 1377 1071 ὕβρεις

266 1093 420 1174 ἀπρεπεῖς
446 1097 504 1156 τοῦ
536 1095 677 1176 α’ληθοός
699 1096 857 1174 βασιλέως
878 1093 1049 1172 κατέχεον,
1071 1093 1127 1152 καί
1148 1084 1248 1166 οότοος
1268 1092 1377 1174 α’πηλ-

168 1211 172 1220 “
266 1191 407 1276 λάγησαν
436 1195 624 1276 ου’χήμοιτος
658 1191 741 1273 όμοιῖ
769 1195 825 1257 ιιαιΙ
848 1189 1047 1286 φρονήματος
1081 1195 1233 1275 γέμοντες.
1277 1185 1377 1268 ἄλλος

267 1293 304 1356 δέ
317 1316 364 1366 τις
385 1294 475 1371 τόξον
497 1295 592 1380 α’φείς
613 1294 666 1358 διά
690 1297 752 1358 τοόν
776 1295 945 1379 κιγκλίόφν
965 1293 1083 1379 μικροό
1107 1294 1213 1378 ἐδέησε
1233 1288 1289 1358 τόν
1310 1297 1376 1374 βα-

267 1397 358 1458 σιλέα
378 1399 504 1476 βαλεῖν·
547 1390 671 1479 ἥρπασε
695 1398 731 1460 δὲ
751 1391 947 1479 τηνπληγην
964 1398 1026 1459 τοῖν
1049 1393 1288 1478 θαλαμηπόλων
1310 1393 1377 1456 αὖ·
1387 1411 1424 1463 10

266 1497 326 1558 τοῦ
337 1493 364 1558 ό
386 1497 558 1580 ἐγγότερος.
602 1495 647 1570 εἰς
670 1497 704 1558 δὲ
727 1491 783 1577 τη’ν
816 1494 986 1579 όστεραίαν
1009 1494 1157 1580 (κυριακη
1181 1497 1218 1558 dd
1239 1487 1293 1579 ἧν)
1316 1518 1374 1558 πε-

267 1595 495 1680 ριαλγήσαντίς
518 1619 600 1672 τινες
631 1599 694 1659 τοῖν
722 1594 939 1661 εὐνουστάτων
965 1599 1008 1682 τῷ
1028 1600 1160 1676 βασιλεῖ
1175 1595 1300 1680 γνώμην
1322 1597 1375 1658 δι-

269 1699 367 1760 πλοῖσιν
389 1695 428 1760 ἵν’
460 1700 492 1762 ἐν
523 1700 564 1784 τῷ
592 1693 823 1784 προεκκειμένφ
855 1696 983 1786 γηλόφῳ
1011 1694 1136 1786 κόφινοι
1164 1693 1298 1783 τάφρον,
1316 1700 1376 1762 καί

111 1816 150 1870 ·i.
171 1782 426 1880 171π.οἷνόράσιν
454 1797 553 1862 ον’τόν
575 1803 771 1878 πολεμικοῖς,
797 1792 867 1860 ὅσοι
888 1800 1072 1883 τηνικαότα-
1089 1800 1128 1884 τῇ
1146 1803 1298 1887 βασιλικῇ
1318 1802 1375 1865 do-

269 1901 411 1986 ρυφορίᾳ
433 1900 631 1982 παρέτυχον,
657 1895 877 1980 περιλάβοιεν,
908 1902 962 1962 κατ’
988 1900 1030 1984 τῷ
1050 1895 1142 1982 μήκει
1163 1901 1221 1962 τοῦ
1244 1898 1376 1985 διαστη.
1385 1927 1421 1980 15

267 2021 370 2078 ματος
392 1997 448 2072 τάς
469 1995 653 2082 όβριστιιιὰς
676 1999 787 2084 φωνάς
811 1999 1086 2083 α’ποκροάσωνται,
1109 1997 1164 2065 καί
1180 1999 1224 2083 μὴ
1249 2003 1293 2088 τρῖ
1312 2006 1376 2084 βα-

267 2103 352 2162 σιλεῖ
368 2099 513 2182 κατήκοοι
537 2104 694 2180 γίνωνται.
744 2095 839 2177 δόξαν
860 2092 918 2163 σόν
940 2095 1042 2176 οὕτως
1069 2095 1087 2162 ό
1107 2123 1142 2164 τε
1171 2102 1267 2175 τόπος
1286 2093 1376 2184 περι.Δ

268 2192 521 2284 τεταφρευμένος
551 2201 728 2282 ἐδείκνυτο,
760 2203 816 2264 καί
847 2194 885 2287 τῇ
920 2201 1074 2284 όπαάριον
1104 2205 1292 2287 στρατιῶται
1318 2208 1375 2288 τῆς

267 2303 473 2384 παρεμβολῆς
488 2303 696 2385 περιείχοντο.
737 2302 923 2386 Ἀγαρηνιόν
940 2304 976 2366 δέ
988 2327 1035 2378 τις
1056 2305 1301 2387 ξυμμορίαίοόν
1321 2305 1375 2370 ἕπτ’

268 2399 324 2480 τῆς
348 2405 494 2486 φρουράς
519 2398 717 2484 ,ἐκβληθεῖσα
740 2402 794 2465 καί
821 2399 996 2489 όέξιοόσεοον
1021 2407 1167 2486 τυχοῦσαι
1189 2409 1419 2486 §actitandum

269 2498 433 2581 ε’γκόρσιος
461 2499 534 2586 ἔστη
561 2507 598 2590 τῇ
619 2503 730 2590 τάφρῳ
757 2507 832 2586 περί
853 2502 911 2578 τός
942 2499 1045 2586 ὄχθας
1066 2509 1123 2587 τῆς
1143 2505 1373 2590 περιζωννυοό.

267 2623 325 2685 σης
343 2584 454 2684 ἑτέρας
476 2599 604 2686 τάφρον
625 2600 684 2686 την
702 2607 857 2686 βασιλίδα
876 2608 941 2668 τοῖν
963 2605 1094 2669 πόλεων.
1138 2601 1181 2680 τός
1203 2609 1238 2670 δὲ
1260 2607 1371 2689 ἠγγέλ-

238 2735 242 2742 ·
269 2707 337 2768 λετο
361 2699 448 2784 παρά
471 2705 534 2768 τάν
553 2711 677 2770 σκοπεῖν
697 2703 820 2793 μεγάλη
843 2703 1019 2788 παρατάξει
1047 2702 1299 2790 καταλαμβάνειν
1319 2704 1372 2772 τόν

293 2887 366 2964 ,8.
387 2889 534 2964 αὐχήματα
553 2891 583 2945 G.
693 2895 867 2969 φρονήματα
888 2895 918 2948 (λ.
991 2895 1017 2947 9.
1036 2890 1243 2971 μικροιῖόόεήοε
1261 2895 1291 2950 G.

269 3087 415 3156 potentiam
442 3087 479 3138 ita
503 3087 635 3140 furentem
658 3098 689 3146 ει
712 3091 904 3144 insanientem:
931 3093 956 3144 in
985 3095 1123 3148 nonnullis
1149 3098 1228 3148 etiam
1254 3104 1369 3150 extrema

270 3159 415 3226 patientem
440 3159 551 3222 videns;
572 3177 629 3211 curn
654 3169 740 3212 autem
760 3163 898 3215 moenibus
910 3169 1133 3235 'appropinquans
1152 3177 1280 3235 tyrannus
1300 3170 1367 3221 mul-

267 3231 409 3294 titudinem
428 3238 462 3279 'et
482 3231 554 3282 vires
574 3233 693 3294 iactaret,
714 3236 790 3301 regie
811 3243 837 3286 et
855 3239 971 3302 superbe
990 3241 1146 3306 ingrediens
1166 3249 1193 3292 et
1211 3249 1273 3292 ante
1292 3257 1367 3292 moe.

269 3302 315 3367 niu
333 3299 494 3362 celebratus,
515 3303 619 3367 quidam
646 3306 770 3370 prompti
787 3316 814 3358 et
838 3311 913 3374 pravi
940 3311 1032 3378 regiae
1060 3314 1302 3379 appropinquantes
1321 3329 1367 3363 su.

206 3416 210 3422 .
269 3370 388 3438 perbium
408 3372 558 3422 indecoram
578 3375 605 3423 in
631 3391 723 3425 verum
749 3393 839 3444 regern
866 3380 1043 3432 effundebant.
1091 3391 1172 3450 atque
1190 3388 1230 3436 sic
1249 3384 1369 3445 abierunt

268 3443 413 3494 iactatione
433 3442 566 3496 simulet
592 3446 717 3511 superbia
744 3448 827 3514 pleni.
866 3452 935 3503 alius
963 3461 1050 3504 autem
1069 3469 1159 3505 arcum
1179 3457 1302 3507 emittens
1322 3471 1368 3521 per

270 3511 406 3564 cancellos
426 3528 511 3579 paene
531 3531 622 3584 regem
640 3517 701 3582 icit3
723 3524 829 3587 excepit
846 3531 932 3574 antem
961 3525 1041 3575 ictum
1059 3524 1208 3576 aulicorum
1228 3529 1285 3578 eius
1304 3536 1370 3593 pro:
1432 3578 1444 3601 η

269 3585 343 3652 pior,
370 3586 489 3663 proximo
513 3595 600 3637 autem
626 3587 686 3653 die,
712 3591 843 3644 dominice
863 3605 932 3659 erat,
961 3596 1021 3646 irati
1041 3597 1146 3663 quidam
1164 3597 1368 3651 benevolentis.

268 3656 394 3710 simorum
413 3657 471 3724 regi
492 3657 632 3709 consilium
651 3661 773 3728 reddunt,
793 3666 861 3715 utin
874 3669 994 3732 proiecto
1015 3666 1087 3718 colle
1106 3677 1208 3719 struant
1228 3669 1326 3722 fossum
1345 3678 1370 3722 et

268 3742 317 3794 per
336 3727 408 3778 viros
430 3743 486 3778 earn
505 3729 634 3782 militares
654 3742 784 3802 quotquot
802 3744 856 3786 tum
882 3738 908 3788 in
928 3740 1004 3806 regio
1024 3740 1157 3805 praesidio
1176 3740 1295 3803 aderant,
1316 3743 1368 3794 cir-

243 3824 246 3829 ·
269 3799 400 3861 cumdem,
422 3807 448 3849 et
464 3799 631 3869 longitudine
657 3807 734 3870 spatii
754 3806 881 3872 superbas
896 3825 977 3861 voces
994 3819 1101 3862 arceant
1113 3828 1183 3863 neve
1202 3813 1259 3879 regi
1279 3814 1368 3880 prodi-

268 3878 341 3918 tores
361 3869 433 3920 fiant.
478 3874 548 3940 quod
574 3889 631 3924 cum
658 3877 690 3928 iis
710 3879 796 3929 visum
816 3888 902 3943 esset,
924 3890 949 3932 et
968 3882 1044 3932 locus
1071 3884 1258 3934 circumfossus
1277 3883 1374 3934 osten:

268 3938 378 3990 debatur
400 3947 426 3990 et
444 3952 551 4006 postero
577 3945 620 3995 die
640 3947 738 4000 milites
764 3951 796 4000 ad
816 3959 901 4002 castra
921 3953 1045 4017 ponenda
1070 3971 1100 4005 se
1119 3955 1256 4006 dederunt.
1294 3957 1368 4022 Aga.

268 4023 391 4060 renerum
411 4019 498 4064 autem
519 4017 645 4082 quaedam
665 4019 759 4070 elassis
779 4035 869 4071 eorum
889 4024 933 4089 qui
954 4025 980 4073 in
1001 4027 1134 4089 praesidio
1155 4035 1239 4089 erant,
1260 4026 1369 4093 expulsa

269 4089 295 4130 et
313 4079 444 4133 beneficia
469 4087 564 4152 adepta
592 4091 666 4156 regia
692 4091 793 4140 adstitit
818 4092 906 4142 lossae
936 4094 1046 4160 obliqua
1072 4099 1143 4147 cirea
1168 4101 1239 4164 ripas
1259 4098 1368 4149 alterius

269 4153 357 4204 fossae
377 4155 509 4221 cingentis
535 4159 654 4226 reginum
680 4159 792 4211 urbium.
823 4164 967 4230 quodcum
986 4169 1188 4220 nuntiaretura
1214 4167 1368 4222 custodibus

267 4237 362 4292 magna
381 4242 439 4278 curn
458 4229 587 4284 instructa
613 4231 670 4284 acie
697 4247 829 4301 occupare
855 4236 928 4289 velle
948 4245 1106 4307 tyrannum,
1133 4241 1276 4296 densentes
1293 4247 1368 4297 scuta

1054 4323 1062 4343 Ι
