3017 4892
270 385 308 435 vl
473 368 711 436 WLADlMlRl
742 320 920 434 saunari
949 369 1018 434 DE'
1032 372 1182 437 PRESLE

290 443 304 475 ,b

370 533 533 636 Ἱστορία
565 526 901 631 ἐκτεθεῖσαπαρὰ
926 539 1087 635 Μιχαὴλ
1122 535 1378 634 αἰδεσιμωτά-

272 689 341 732 του
372 669 499 760 κριτοῦ
521 661 581 732 ἐπὶ
606 668 676 732 τοῦ
711 657 944 760 ἱπποδρόμου
976 663 1039 732 καὶ
1065 670 1135 734 τοῦ
1160 665 1274 761 βήλου
1306 675 1378 738 τοῦ

273 787 556 877 Ἀτταλειάτορ.
593 788 777 872 ,Ριοοῆια
804 803 857 860 est
888 791 1040 886 epistola
1067 790 1293 863 dedicatoria
1327 793 1376 864 ad

272 915 532 1012 imperatorem
559 915 806 1012 Nicephorum
829 916 1067 988 Botaniatem.
1105 919 1192 990 ·Res
1218 935 1374 1014 quarum

275 1040 353 1136 ipse
375 1041 476 1111 testis
500 1041 628 1134 extitit,
653 1041 753 1113 brevi
782 1039 945 1136 quodam
973 1042 1149 1112 orationis
1173 1068 1307 1140 genere
1333 1070 1377 1116 ac

273 1165 429 1262 simplici
454 1185 598 1237 narrare
616 1190 654 1237 se
680 1165 873 1261 profitetur
887 1168 911 1253 ¹)
937 1165 1019 1264 περὶ
1045 1159 1091 1237 ὧν
1117 1167 1182 1236 οὐκ
1207 1167 1299 1265 α’κοῇ
1311 1167 1375 1239 καὶ
1400 1146 1404 1150 .

273 1289 406 1378 periboea
427 1289 557 1384 ἑτέρων
584 1287 796 1387 παρέλαβον
823 1290 910 1358 ἀλλ’
924 1283 970 1360 ὧν
997 1290 1186 1372 αὐτόπτης
1208 1291 1270 1360 καὶ
1282 1295 1376 1361 θεα-

274 1414 338 1494 τὴς
365 1414 615 1510 ἐχρημάτισα.
669 1412 863 1485 Exorditur
886 1440 905 1485 a
931 1415 1106 1486 Michaele
1128 1417 1374 1514 Paphlagone‚

279 1539 343 1635 qui
371 1563 468 1610 anno
496 1536 628 1608 Christi
659 1541 753 1612 1034
788 1540 989 1634 imperator
1019 1539 1223 1610 factus‘est.
1281 1539 1373 1612 lude

274 1664 444 1760 quinque
469 1663 701 1758 sequentium
714 1667 961 1771 Augustorum
983 1665 1074 1735 ritas
1101 1665 1259 1741 breviter
1283 1689 1371 1760 per-

149 1879 154 1889 ,
276 1789 458 1883 sequitur3
494 1813 575 1859 cnm
605 1803 725 1860 autem
762 1787 807 1860 ad
839 1790 992 1862 Romani
1021 1791 1193 1886 Diogenis
1231 1803 1267 1860 et
1300 1791 1374 1864 Mi-

275 1907 409 1982 chaelis
430 1914 550 1983 Dusae
572 1927 741 2009 tempora
763 1916 944 2010 pervenit,
972 1940 1131 2012 quorum
1159 1915 1262 1986 sub
1254 1939 1374 2011 impe-

277 2036 332 2106 rio
357 2036 463 2107 variis
489 2035 632 2106 iunctus
659 2050 711 2107 est
736 2039 1099 2133 magrstratrbus,1am
1126 2041 1228 2111 aulae
1256 2055 1376 2111 muta-

274 2160 365 2231 biles
390 2173 516 2252 status,
530 2145 750 2256 bellicasque
773 2161 1025 2256 expeditiones
1048 2164 1182 2256 quibus
1200 2163 1376 2255 interluit,

276 2285 387 2357 fusius
414 2309 559 2357 narrare
585 2283 717 2382 coepit.
770 2285 978 2380 Nicephoro
1003 2263 1164 2381 denique
1185 2287 1375 2358 botaniate

276 2409 401 2482 omnia
426 2433 520 2507 quae
546 2411 817 2505 perbiennium
842 2424 939 2506 gesta
963 2423 1047 2481 sunt
1068 2412 1222 2481 summis
1245 2436 1375 2482 cumu-

274 2536 324 2607 lat
348 2533 535 2620 laudibus,
563 2549 703 2606 caetera
730 2533 906 2640 deinceps
931 2561 968 2606 se
996 2540 1192 2621 relaturum
1219 2537 1376 2633 promit-

273 2669 409 2744 tensa.
437 2661 643 2732 Bolaniates
669 2685 755 2732 vero
785 2675 869 2757 post
893 2661 1036 2757 aliquot
1061 2687 1204 2733 menses
1222 2663 1268 2732 ab
1292 2661 1375 2732 Ale-

275 2781 337 2857 xio
363 2762 555 2857 Comneno
580 2787 716 2882 pulatio
745 2788 917 2882 expulsus,
950 2787 987 2875 in
1020 2787 1282 2857 monasterium
1317 2809 1375 2856 se-

279 2910 400 2983 cessit.
423 2908 522 2981 unde
551 2912 734 2984 coniicere
767 2911 884 3007 possis
919 2911 958 2981 in
987 2924 1061 2981 tam
1098 2893 1217 2982 subita
1252 2935 1374 2982 rerum

277 3036 483 3107 mutatione
512 3032 697 3131 nostrum,
734 3037 763 3108 si
791 3034 905 3106 modo
927 3037 1074 3133 patroni
1099 3036 1226 3107 ruinae
1248 3059 1375 3130 super-

276 3161 347 3232 luit
372 3132 497 3247 cliens,
525 3186 570 3231 ne
596 3162 730 3258 prioris
744 3161 888 3232 domini
904 3159 1030 3233 laudes
1044 3161 1189 3233 crimini
1212 3162 1280 3232 sibi
1295 3185 1375 3231 rer-

188 3284 208 3347 ·‘
271 3297 454 3380 serentur,
483 3285 574 3356 nihil
602 3287 714 3383 magis
741 3300 885 3382 optasse
902 3311 1013 3381 quam
1041 3288 1134 3356 utrn
1150 3286 1373 3357 oblivionem

278 3411 430 3482 veniret.
485 3409 597 3500 Quod
624 3411 657 3482 ei
684 3410 748 3482 diu
784 3423 820 3480 et
845 3410 965 3481 forsan
998 3412 1092 3481 ultra
1123 3434 1225 3505 spem
1257 3411 1376 3481 conti-

275 3538 369 3649 gisse
390 3534 542 3608 videtur.
568 3529 708 3608 Nullam
737 3536 835 3606 enirn
864 3536 940 3606 eius
967 3535 1064 3631 apud
1091 3507 1286 3633 scriptores
1312 3538 1375 3631 qui

280 3660 408 3734 eadem
438 3674 554 3734 aetate
580 3662 797 3754 floruerunt,
815 3659 1042 3731 mentionem
1067 3660 1225 3732 invenio.
1279 3657 1376 3730 Con·

279 3799 375 3856 stant
400 3799 523 3856 tamen
550 3786 609 3858 illa
637 3785 682 3857 de
710 3787 825 3858 nostri
853 3787 954 3857 libris
980 3788 1135 3880 scrita,
1167 3784 1300 3883 partim
1335 3810 1375 3855 ex

281 3909 358 3980 eius
385 3907 493 4009 dese
519 3911 598 4005 ipso
624 3913 864 3982 testimoniis
887 3916 890 3919 ‘
919 3913 997 3982 Fuit
1021 3910 1173 3982 Michael
1195 3909 1376 3981 Attaliates

383 4171 412 4239 1)
433 4167 482 4220 rol.
505 4169 555 4222 168
572 4177 657 4222 recto.

380 4267 411 4336 2)
433 4264 481 4318 lol.
500 4263 555 4320 239
572 4281 661 4318 verso.
