<?xml version="1.0" encoding="UTF-8"?>
<!DOCTYPE html PUBLIC "-//W3C//DTD XHTML 1.0 Transitional//EN"
    "http://www.w3.org/TR/xhtml1/DTD/xhtml1-transitional.dtd">
<html xmlns="http://www.w3.org/1999/xhtml" xml:lang="en" lang="en">
 <head>
  <title>
</title>
<meta http-equiv="Content-Type" content="text/html;charset=utf-8" />
  <meta name='ocr-system' content='tesseract 3.04.00' />
  <meta name='ocr-capabilities' content='ocr_page ocr_carea ocr_par ocr_line ocrx_word'/>
</head>
<body>
  <div class='ocr_page' id='page_1' title='image "./corpusscriptoru06theogoog/corpusscriptoru06theogoog_0316.png"; bbox 0 0 3017 4892; ppageno 0'>
   <div class='ocr_carea' id='block_1_1' title="bbox 295 297 1091 381">
    <p class='ocr_par' dir='ltr' id='par_1_1' title="bbox 295 297 1091 381">
     <span class='ocr_line' id='line_1_1' title="bbox 295 297 1091 381; baseline -0.009 0"><span class='ocrx_word' id='word_1_1' title='bbox 295 302 371 381; x_wconf 77' lang='lat'><strong><em>266</em></strong></span> <span class='ocrx_word' id='word_1_2' title='bbox 585 299 804 374; x_wconf 71' lang='lat' dir='ltr'>mommo</span> <span class='ocrx_word' id='word_1_3' title='bbox 833 297 1091 374; x_wconf 75' lang='lat' dir='ltr'>Arrluorln</span> 
     </span>
    </p>
   </div>
   <div class='ocr_carea' id='block_1_2' title="bbox 202 465 1474 2567">
    <p class='ocr_par' dir='ltr' id='par_1_2' title="bbox 211 465 1455 1265">
     <span class='ocr_line' id='line_1_2' title="bbox 295 465 1446 554; baseline -0.008 -10"><span class='ocrx_word' id='word_1_4' title='bbox 295 478 414 545; x_wconf 87' lang='grc' dir='ltr'><strong><em>τύντιυν</em></strong></span> <span class='ocrx_word' id='word_1_5' title='bbox 441 473 483 540; x_wconf 86' lang='grc' dir='ltr'><strong><em>τύ</em></strong></span> <span class='ocrx_word' id='word_1_6' title='bbox 513 470 672 554; x_wconf 90' lang='grc' dir='ltr'><strong><em>σύμβολα,</em></strong></span> <span class='ocrx_word' id='word_1_7' title='bbox 694 469 738 546; x_wconf 72' lang='grc' dir='ltr'><strong><em>ὥς</em></strong></span> <span class='ocrx_word' id='word_1_8' title='bbox 758 472 814 535; x_wconf 81' lang='grc' dir='ltr'><strong><em>καί</em></strong></span> <span class='ocrx_word' id='word_1_9' title='bbox 834 466 952 545; x_wconf 83' lang='grc' dir='ltr'><strong><em>αύτούς</em></strong></span> <span class='ocrx_word' id='word_1_10' title='bbox 983 470 1180 554; x_wconf 78' lang='grc' dir='ltr'><strong><em>ἐκπλαγῆναι</em></strong></span> <span class='ocrx_word' id='word_1_11' title='bbox 1202 465 1295 547; x_wconf 89' lang='grc' dir='ltr'><strong><em>τούς</em></strong></span> <span class='ocrx_word' id='word_1_12' title='bbox 1321 477 1446 536; x_wconf 80' lang='grc' dir='ltr'><strong><em>πολε-</em></strong></span> 
     </span>
     <span class='ocr_line' id='line_1_3' title="bbox 294 568 1443 662; baseline -0.004 -19"><span class='ocrx_word' id='word_1_13' title='bbox 294 582 390 662; x_wconf 84' lang='grc' dir='ltr'><strong><em>μίους</em></strong></span> <span class='ocrx_word' id='word_1_14' title='bbox 417 577 473 642; x_wconf 84' lang='grc' dir='ltr'><strong><em>καί</em></strong></span> <span class='ocrx_word' id='word_1_15' title='bbox 502 574 573 640; x_wconf 86' lang='grc' dir='ltr'><strong><em>τύτε</em></strong></span> <span class='ocrx_word' id='word_1_16' title='bbox 599 574 810 656; x_wconf 74' lang='grc' dir='ltr'><strong><em>βεβαιοτέραν</em></strong></span> <span class='ocrx_word' id='word_1_17' title='bbox 838 568 894 657; x_wconf 76' lang='grc' dir='ltr'><strong><em>την</em></strong></span> <span class='ocrx_word' id='word_1_18' title='bbox 922 570 1093 654; x_wconf 72' lang='grc' dir='ltr'><strong><em>ὁμολογίαν</em></strong></span> <span class='ocrx_word' id='word_1_19' title='bbox 1121 573 1443 650; x_wconf 78' lang='grc' dir='ltr'><strong><em>ἐπισυντᾰξττσθαι</em></strong></span> 
     </span>
     <span class='ocr_line' id='line_1_4' title="bbox 293 665 1441 764; baseline -0.009 -20"><span class='ocrx_word' id='word_1_20' title='bbox 293 681 352 764; x_wconf 81' lang='grc' dir='ltr'><strong><em>τῆς</em></strong></span> <span class='ocrx_word' id='word_1_21' title='bbox 373 673 569 750; x_wconf 82' lang='grc' dir='ltr'><strong><em>δουλύσευς.</em></strong></span> <span class='ocrx_word' id='word_1_22' title='bbox 612 673 669 737; x_wconf 88' lang='grc' dir='ltr'><strong><em>καί</em></strong></span> <span class='ocrx_word' id='word_1_23' title='bbox 685 669 747 754; x_wconf 76' lang='grc' dir='ltr'><strong><em>γὰρ</em></strong></span> <span class='ocrx_word' id='word_1_24' title='bbox 769 665 937 755; x_wconf 86' lang='grc' dir='ltr'><strong><em>ἐπιβύντος</em></strong></span> <span class='ocrx_word' id='word_1_25' title='bbox 959 671 1063 735; x_wconf 83' lang='grc' dir='ltr'><strong><em>αύτού</em></strong></span> <span class='ocrx_word' id='word_1_26' title='bbox 1083 674 1135 754; x_wconf 77' lang='grc' dir='ltr'><strong><em>τῆς</em></strong></span> <span class='ocrx_word' id='word_1_27' title='bbox 1157 670 1345 756; x_wconf 73' lang='grc' dir='ltr'><strong><em>τοιαύτης</em></strong></span> <span class='ocrx_word' id='word_1_28' title='bbox 1370 674 1441 736; x_wconf 84' lang='grc' dir='ltr'><strong><em>πό-</em></strong></span> 
     </span>
     <span class='ocr_line' id='line_1_5' title="bbox 296 769 1438 861; baseline -0.006 -17"><span class='ocrx_word' id='word_1_29' title='bbox 296 785 375 855; x_wconf 83' lang='grc' dir='ltr'><strong><em>λεας</em></strong></span> <span class='ocrx_word' id='word_1_30' title='bbox 397 776 480 860; x_wconf 78' lang='grc' dir='ltr'><strong><em>μετα</em></strong></span> <span class='ocrx_word' id='word_1_31' title='bbox 500 777 557 861; x_wconf 79' lang='grc' dir='ltr'><strong><em>τῆς</em></strong></span> <span class='ocrx_word' id='word_1_32' title='bbox 577 776 694 850; x_wconf 79' lang='grc' dir='ltr'><strong><em>αἰκείας</em></strong></span> <span class='ocrx_word' id='word_1_33' title='bbox 716 771 897 855; x_wconf 76' lang='grc' dir='ltr'><strong><em>δυνάμεως,</em></strong></span> <span class='ocrx_word' id='word_1_34' title='bbox 918 774 975 837; x_wconf 84' lang='grc' dir='ltr'><strong><em>καί</em></strong></span> <span class='ocrx_word' id='word_1_35' title='bbox 1001 771 1061 848; x_wconf 84' lang='grc' dir='ltr'><strong><em>τοὶς</em></strong></span> <span class='ocrx_word' id='word_1_36' title='bbox 1079 769 1258 860; x_wconf 74' lang='grc' dir='ltr'><strong><em>βασιλικᾲς</em></strong></span> <span class='ocrx_word' id='word_1_37' title='bbox 1282 774 1438 856; x_wconf 78' lang='grc' dir='ltr'><strong><em>εύεργε-</em></strong></span> 
     </span>
     <span class='ocr_line' id='line_1_6' title="bbox 211 874 1455 961; baseline -0.006 -17"><span class='ocrx_word' id='word_1_38' title='bbox 211 891 216 896; x_wconf 88' lang='grc'><strong>’</strong></span> <span class='ocrx_word' id='word_1_39' title='bbox 296 884 369 954; x_wconf 87' lang='grc' dir='ltr'><strong><em>σίας</em></strong></span> <span class='ocrx_word' id='word_1_40' title='bbox 389 883 445 943; x_wconf 86' lang='grc' dir='ltr'><strong><em>καί</em></strong></span> <span class='ocrx_word' id='word_1_41' title='bbox 461 883 652 961; x_wconf 75' lang='grc' dir='ltr'><strong><em>στρατηγίας</em></strong></span> <span class='ocrx_word' id='word_1_42' title='bbox 681 876 795 960; x_wconf 76' lang='grc' dir='ltr'><strong><em>σαφεῖς</em></strong></span> <span class='ocrx_word' id='word_1_43' title='bbox 826 876 1049 955; x_wconf 74' lang='grc' dir='ltr'><strong><em>διατιθεμένου</em></strong></span> <span class='ocrx_word' id='word_1_44' title='bbox 1078 879 1135 939; x_wconf 89' lang='grc' dir='ltr'><strong><em>καί</em></strong></span> <span class='ocrx_word' id='word_1_45' title='bbox 1164 874 1455 956; x_wconf 80' lang='grc' dir='ltr'><strong><em>διατύττοπυς,5</em></strong></span> 
     </span>
     <span class='ocr_line' id='line_1_7' title="bbox 295 972 1435 1062; baseline -0.004 -18"><span class='ocrx_word' id='word_1_46' title='bbox 295 983 351 1045; x_wconf 89' lang='grc' dir='ltr'><strong><em>καί</em></strong></span> <span class='ocrx_word' id='word_1_47' title='bbox 359 986 468 1061; x_wconf 76' lang='grc' dir='ltr'><strong><em>τιμαῖς</em></strong></span> <span class='ocrx_word' id='word_1_48' title='bbox 483 981 701 1062; x_wconf 77' lang='grc' dir='ltr'><strong><em>περιβλέπτοις</em></strong></span> <span class='ocrx_word' id='word_1_49' title='bbox 720 975 1004 1059; x_wconf 77' lang='grc' dir='ltr'><strong><em>καταγεραιροντος</em></strong></span> <span class='ocrx_word' id='word_1_50' title='bbox 1027 973 1102 1052; x_wconf 85' lang='grc' dir='ltr'><strong><em>τούς</em></strong></span> <span class='ocrx_word' id='word_1_51' title='bbox 1124 972 1289 1049; x_wconf 84' lang='grc' dir='ltr'><strong><em>α’στικούς</em></strong></span> <span class='ocrx_word' id='word_1_52' title='bbox 1308 998 1353 1038; x_wconf 85' lang='grc' dir='ltr'><strong><em>τε</em></strong></span> <span class='ocrx_word' id='word_1_53' title='bbox 1374 976 1435 1039; x_wconf 80' lang='grc' dir='ltr'><strong><em>καί</em></strong></span> 
     </span>
     <span class='ocr_line' id='line_1_8' title="bbox 296 1069 1428 1167; baseline -0.005 -23"><span class='ocrx_word' id='word_1_54' title='bbox 296 1080 435 1167; x_wconf 74' lang='grc' dir='ltr'><strong><em>ξενικούς</em></strong></span> <span class='ocrx_word' id='word_1_55' title='bbox 458 1082 513 1144; x_wconf 90' lang='grc' dir='ltr'><strong><em>καί</em></strong></span> <span class='ocrx_word' id='word_1_56' title='bbox 534 1071 603 1144; x_wconf 78' lang='grc' dir='ltr'><strong><em>ὅσοι</em></strong></span> <span class='ocrx_word' id='word_1_57' title='bbox 623 1079 681 1160; x_wconf 78' lang='grc' dir='ltr'><strong><em>τῆς</em></strong></span> <span class='ocrx_word' id='word_1_58' title='bbox 701 1079 854 1159; x_wconf 80' lang='grc' dir='ltr'><strong><em>στρατιᾶς</em></strong></span> <span class='ocrx_word' id='word_1_59' title='bbox 882 1073 937 1140; x_wconf 92' lang='grc' dir='ltr'><strong><em>καί</em></strong></span> <span class='ocrx_word' id='word_1_60' title='bbox 953 1079 1009 1158; x_wconf 76' lang='grc' dir='ltr'><strong><em>τῆς</em></strong></span> <span class='ocrx_word' id='word_1_61' title='bbox 1037 1069 1135 1159; x_wconf 76' lang='grc' dir='ltr'><strong><em>ἄλλης</em></strong></span> <span class='ocrx_word' id='word_1_62' title='bbox 1158 1075 1338 1158; x_wconf 77' lang='grc' dir='ltr'><strong><em>διαμονῆς</em></strong></span> <span class='ocrx_word' id='word_1_63' title='bbox 1362 1102 1428 1139; x_wconf 84' lang='grc' dir='ltr'><strong><em>πυ-</em></strong></span> 
     </span>
     <span class='ocr_line' id='line_1_9' title="bbox 295 1174 1426 1265; baseline -0.006 -20"><span class='ocrx_word' id='word_1_64' title='bbox 295 1179 488 1265; x_wconf 83' lang='grc' dir='ltr'><strong><em>ρετύγχανον</em></strong></span> <span class='ocrx_word' id='word_1_65' title='bbox 509 1176 584 1260; x_wconf 92' lang='grc' dir='ltr'><strong><em>περί</em></strong></span> <span class='ocrx_word' id='word_1_66' title='bbox 603 1175 659 1242; x_wconf 76' lang='grc' dir='ltr'><strong><em>τὸν</em></strong></span> <span class='ocrx_word' id='word_1_67' title='bbox 678 1179 732 1261; x_wconf 81' lang='grc' dir='ltr'><strong><em>τῆς</em></strong></span> <span class='ocrx_word' id='word_1_68' title='bbox 749 1178 888 1251; x_wconf 79' lang='grc' dir='ltr'><strong><em>Νικαίας</em></strong></span> <span class='ocrx_word' id='word_1_69' title='bbox 902 1181 1079 1259; x_wconf 90' lang='grc' dir='ltr'><strong><em>περίβολον,</em></strong></span> <span class='ocrx_word' id='word_1_70' title='bbox 1101 1174 1133 1238; x_wconf 77' lang='grc' dir='ltr'><strong><em>οἱ</em></strong></span> <span class='ocrx_word' id='word_1_71' title='bbox 1156 1179 1314 1258; x_wconf 83' lang='grc' dir='ltr'><strong><em>Τούρκυι</em></strong></span> <span class='ocrx_word' id='word_1_72' title='bbox 1341 1178 1426 1239; x_wconf 89' lang='grc' dir='ltr'><strong><em>δου-</em></strong></span> 
     </span>
    </p>

    <p class='ocr_par' dir='ltr' id='par_1_3' title="bbox 202 1266 1474 2567">
     <span class='ocr_line' id='line_1_10' title="bbox 202 1266 1423 1361; baseline -0.004 -17"><span class='ocrx_word' id='word_1_73' title='bbox 202 1347 207 1360; x_wconf 18' lang='lat'><em>*</em></span> <span class='ocrx_word' id='word_1_74' title='bbox 292 1266 389 1355; x_wconf 80' lang='grc' dir='ltr'><strong><em>λικοῐς</em></strong></span> <span class='ocrx_word' id='word_1_75' title='bbox 421 1274 774 1361; x_wconf 84' lang='grc' dir='ltr'><strong><em>ἐστρατοπεδεύσαντο,</em></strong></span> <span class='ocrx_word' id='word_1_76' title='bbox 806 1279 864 1340; x_wconf 90' lang='grc' dir='ltr'><strong><em>καί</em></strong></span> <span class='ocrx_word' id='word_1_77' title='bbox 888 1274 946 1360; x_wconf 75' lang='grc' dir='ltr'><strong><em>τὴν</em></strong></span> <span class='ocrx_word' id='word_1_78' title='bbox 976 1279 1023 1350; x_wconf 87' lang='grc' dir='ltr'><strong><em>είς</em></strong></span> <span class='ocrx_word' id='word_1_79' title='bbox 1050 1272 1148 1340; x_wconf 80' lang='grc' dir='ltr'><strong><em>αύτέν</em></strong></span> <span class='ocrx_word' id='word_1_80' title='bbox 1170 1271 1423 1356; x_wconf 70' lang='grc' dir='ltr'><strong><em>ἐπιταχθέντες</em></strong></span> 
     </span>
     <span class='ocr_line' id='line_1_11' title="bbox 295 1374 1449 1468; baseline -0.006 -21"><span class='ocrx_word' id='word_1_81' title='bbox 295 1379 420 1447; x_wconf 85' lang='grc' dir='ltr'><strong><em>εἴσοδον</em></strong></span> <span class='ocrx_word' id='word_1_82' title='bbox 440 1382 484 1468; x_wconf 73' lang='lat' dir='ltr'><strong><em>roi</em></strong></span> <span class='ocrx_word' id='word_1_83' title='bbox 504 1376 616 1461; x_wconf 74' lang='grc' dir='ltr'><strong><em>σπη’θει</em></strong></span> <span class='ocrx_word' id='word_1_84' title='bbox 638 1377 695 1454; x_wconf 87' lang='grc' dir='ltr'><strong><em>τύς</em></strong></span> <span class='ocrx_word' id='word_1_85' title='bbox 712 1386 827 1460; x_wconf 80' lang='grc' dir='ltr'><strong><em>χεῖρας</em></strong></span> <span class='ocrx_word' id='word_1_86' title='bbox 847 1381 1049 1455; x_wconf 78' lang='grc' dir='ltr'><strong><em>συνέκλειον,</em></strong></span> <span class='ocrx_word' id='word_1_87' title='bbox 1067 1377 1125 1439; x_wconf 86' lang='grc' dir='ltr'><strong><em>καί</em></strong></span> <span class='ocrx_word' id='word_1_88' title='bbox 1141 1374 1200 1459; x_wconf 77' lang='grc' dir='ltr'><strong><em>τη“ν</em></strong></span> <span class='ocrx_word' id='word_1_89' title='bbox 1222 1377 1321 1440; x_wconf 82' lang='grc' dir='ltr'><strong><em>θέαν</em></strong></span> <span class='ocrx_word' id='word_1_90' title='bbox 1342 1376 1449 1440; x_wconf 73' lang='grc' dir='ltr'><strong><em>τού-1]</em></strong></span> 
     </span>
     <span class='ocr_line' id='line_1_12' title="bbox 295 1474 1419 1564; baseline -0.006 -17"><span class='ocrx_word' id='word_1_91' title='bbox 295 1505 350 1548; x_wconf 91' lang='grc' dir='ltr'><strong><em>του</em></strong></span> <span class='ocrx_word' id='word_1_92' title='bbox 370 1479 520 1564; x_wconf 72' lang='grc' dir='ltr'><strong><em>μεγίστην</em></strong></span> <span class='ocrx_word' id='word_1_93' title='bbox 551 1480 736 1563; x_wconf 85' lang='grc' dir='ltr'><strong><em>εύεργεσιάν</em></strong></span> <span class='ocrx_word' id='word_1_94' title='bbox 758 1475 921 1555; x_wconf 79' lang='grc' dir='ltr'><strong><em>ἐτίθεντο,</em></strong></span> <span class='ocrx_word' id='word_1_95' title='bbox 952 1477 1009 1542; x_wconf 90' lang='grc' dir='ltr'><strong><em>καί</em></strong></span> <span class='ocrx_word' id='word_1_96' title='bbox 1033 1485 1204 1559; x_wconf 83' lang='grc' dir='ltr'><strong><em>συμπονεῖν</em></strong></span> <span class='ocrx_word' id='word_1_97' title='bbox 1235 1474 1342 1564; x_wconf 72' lang='grc' dir='ltr'><strong><em>αύτῷ</em></strong></span> <span class='ocrx_word' id='word_1_98' title='bbox 1361 1483 1419 1541; x_wconf 81' lang='grc' dir='ltr'><strong><em>καί</em></strong></span> 
     </span>
     <span class='ocr_line' id='line_1_13' title="bbox 295 1575 1474 1665; baseline -0.008 -18"><span class='ocrx_word' id='word_1_99' title='bbox 295 1578 510 1664; x_wconf 74' lang='grc' dir='ltr'><strong><em>συμπράττειν</em></strong></span> <span class='ocrx_word' id='word_1_100' title='bbox 530 1580 571 1644; x_wconf 76' lang='grc' dir='ltr'><strong><em>τύ</em></strong></span> <span class='ocrx_word' id='word_1_101' title='bbox 593 1579 727 1665; x_wconf 78' lang='grc' dir='ltr'><strong><em>θυμὴρη</em></strong></span> <span class='ocrx_word' id='word_1_102' title='bbox 747 1578 1040 1661; x_wconf 86' lang='grc' dir='ltr'><strong><em>κατεπηγγέλλοντο.</em></strong></span> <span class='ocrx_word' id='word_1_103' title='bbox 1083 1575 1133 1640; x_wconf 82' lang='grc' dir='ltr'><strong><em>διὸ</em></strong></span> <span class='ocrx_word' id='word_1_104' title='bbox 1156 1578 1217 1640; x_wconf 88' lang='grc' dir='ltr'><strong><em>καί</em></strong></span> <span class='ocrx_word' id='word_1_105' title='bbox 1235 1599 1332 1651; x_wconf 80' lang='grc' dir='ltr'><strong><em>τινες</em></strong></span> <span class='ocrx_word' id='word_1_106' title='bbox 1350 1581 1415 1642; x_wconf 76' lang='grc' dir='ltr'><strong><em>τοῖν</em></strong></span> <span class='ocrx_word' id='word_1_107' title='bbox 1472 1601 1474 1604; x_wconf 60' lang='grc'>’</span> 
     </span>
     <span class='ocr_line' id='line_1_14' title="bbox 296 1675 1411 1768; baseline -0.006 -22"><span class='ocrx_word' id='word_1_108' title='bbox 296 1683 498 1764; x_wconf 78' lang='grc' dir='ltr'><strong><em>εύπατριδύν</em></strong></span> <span class='ocrx_word' id='word_1_109' title='bbox 523 1683 580 1763; x_wconf 81' lang='grc' dir='ltr'><strong><em>τῆς</em></strong></span> <span class='ocrx_word' id='word_1_110' title='bbox 602 1683 784 1764; x_wconf 87' lang='grc' dir='ltr'><strong><em>Περσίδος,</em></strong></span> <span class='ocrx_word' id='word_1_111' title='bbox 815 1680 952 1764; x_wconf 75' lang='grc' dir='ltr'><strong><em>ἀδελφοί</em></strong></span> <span class='ocrx_word' id='word_1_112' title='bbox 980 1676 1060 1768; x_wconf 81' lang='grc' dir='ltr'><strong><em>κατύ</em></strong></span> <span class='ocrx_word' id='word_1_113' title='bbox 1084 1676 1189 1762; x_wconf 86' lang='grc' dir='ltr'><strong><em>σύρκα</em></strong></span> <span class='ocrx_word' id='word_1_114' title='bbox 1219 1675 1288 1741; x_wconf 81' lang='grc' dir='ltr'><strong><em>καί</em></strong></span> <span class='ocrx_word' id='word_1_115' title='bbox 1310 1679 1411 1763; x_wconf 85' lang='grc' dir='ltr'><strong><em>φύσιν</em></strong></span> 
     </span>
     <span class='ocr_line' id='line_1_15' title="bbox 295 1777 1408 1864; baseline -0.006 -18"><span class='ocrx_word' id='word_1_116' title='bbox 295 1780 514 1864; x_wconf 85' lang='grc' dir='ltr'><strong><em>ύπύρχοντες,</em></strong></span> <span class='ocrx_word' id='word_1_117' title='bbox 543 1777 677 1864; x_wconf 73' lang='grc' dir='ltr'><strong><em>κοίτην</em></strong></span> <span class='ocrx_word' id='word_1_118' title='bbox 707 1782 763 1844; x_wconf 84' lang='grc' dir='ltr'><strong><em>τού</em></strong></span> <span class='ocrx_word' id='word_1_119' title='bbox 786 1778 1043 1863; x_wconf 89' lang='grc' dir='ltr'><strong><em>Κουτλουμούση</em></strong></span> <span class='ocrx_word' id='word_1_120' title='bbox 1071 1780 1261 1858; x_wconf 78' lang='grc' dir='ltr'><strong><em>ἐπωνυμίαν</em></strong></span> <span class='ocrx_word' id='word_1_121' title='bbox 1281 1779 1325 1840; x_wconf 86' lang='grc' dir='ltr'><strong><em>ἐκ</em></strong></span> <span class='ocrx_word' id='word_1_122' title='bbox 1344 1801 1408 1840; x_wconf 88' lang='grc' dir='ltr'><strong><em>πα-</em></strong></span> 
     </span>
     <span class='ocr_line' id='line_1_16' title="bbox 295 1877 1438 1966; baseline -0.007 -21"><span class='ocrx_word' id='word_1_123' title='bbox 295 1877 401 1966; x_wconf 75' lang='grc' dir='ltr'><strong><em>τρῴας</em></strong></span> <span class='ocrx_word' id='word_1_124' title='bbox 422 1882 636 1964; x_wconf 78' lang='grc' dir='ltr'><strong><em>προσηγορίας</em></strong></span> <span class='ocrx_word' id='word_1_125' title='bbox 658 1881 866 1965; x_wconf 76' lang='grc' dir='ltr'><strong><em>ἐφέλκοντες,</em></strong></span> <span class='ocrx_word' id='word_1_126' title='bbox 896 1881 953 1962; x_wconf 80' lang='grc' dir='ltr'><strong><em>τῆς</em></strong></span> <span class='ocrx_word' id='word_1_127' title='bbox 984 1879 1189 1959; x_wconf 81' lang='grc' dir='ltr'><strong><em>σουλτανικῆς</em></strong></span> <span class='ocrx_word' id='word_1_128' title='bbox 1207 1878 1247 1940; x_wconf 76' lang='grc' dir='ltr'><strong><em>δὲ</em></strong></span> <span class='ocrx_word' id='word_1_129' title='bbox 1267 1880 1438 1960; x_wconf 75' lang='grc' dir='ltr'><strong><em>μερίδυςλῖι</em></strong></span> 
     </span>
     <span class='ocr_line' id='line_1_17' title="bbox 295 1969 1406 2066; baseline -0.004 -22"><span class='ocrx_word' id='word_1_130' title='bbox 295 1983 350 2044; x_wconf 87' lang='grc' dir='ltr'><strong><em>καί</em></strong></span> <span class='ocrx_word' id='word_1_131' title='bbox 369 1983 516 2058; x_wconf 85' lang='grc' dir='ltr'><strong><em>ἐξουσίας</em></strong></span> <span class='ocrx_word' id='word_1_132' title='bbox 529 1981 784 2063; x_wconf 73' lang='grc' dir='ltr'><strong><em>ἀντιποιούμενοι</em></strong></span> <span class='ocrx_word' id='word_1_133' title='bbox 803 1982 860 2044; x_wconf 87' lang='grc' dir='ltr'><strong><em>καί</em></strong></span> <span class='ocrx_word' id='word_1_134' title='bbox 878 1982 924 2066; x_wconf 72' lang='grc' dir='ltr'><strong><em>τῷ</em></strong></span> <span class='ocrx_word' id='word_1_135' title='bbox 943 1979 1087 2066; x_wconf 74' lang='grc' dir='ltr'><strong><em>ἐθνάρχῃ</em></strong></span> <span class='ocrx_word' id='word_1_136' title='bbox 1106 1979 1171 2042; x_wconf 68' lang='lat' dir='ltr'><strong><em>cais</em></strong></span> <span class='ocrx_word' id='word_1_137' title='bbox 1186 1969 1327 2042; x_wconf 73' lang='grc' dir='ltr'><strong><em>θύννον</em></strong></span> <span class='ocrx_word' id='word_1_138' title='bbox 1348 1977 1406 2040; x_wconf 83' lang='grc' dir='ltr'><strong><em>α’ν-</em></strong></span> 
     </span>
     <span class='ocr_line' id='line_1_18' title="bbox 294 2077 1404 2168; baseline -0.001 -24"><span class='ocrx_word' id='word_1_139' title='bbox 294 2078 523 2163; x_wconf 86' lang='grc' dir='ltr'><strong><em>τιταττύμενοι,</em></strong></span> <span class='ocrx_word' id='word_1_140' title='bbox 543 2086 600 2146; x_wconf 90' lang='grc' dir='ltr'><strong><em>καί</em></strong></span> <span class='ocrx_word' id='word_1_141' title='bbox 623 2081 704 2146; x_wconf 77' lang='grc' dir='ltr'><strong><em>κατὰ</em></strong></span> <span class='ocrx_word' id='word_1_142' title='bbox 727 2084 822 2145; x_wconf 86' lang='grc' dir='ltr'><strong><em>τούτο</em></strong></span> <span class='ocrx_word' id='word_1_143' title='bbox 851 2083 890 2168; x_wconf 77' lang='grc' dir='ltr'><strong><em>ιη’</em></strong></span> <span class='ocrx_word' id='word_1_144' title='bbox 905 2079 1073 2163; x_wconf 83' lang='grc' dir='ltr'><strong><em>Ῥωμαίων</em></strong></span> <span class='ocrx_word' id='word_1_145' title='bbox 1103 2077 1404 2164; x_wconf 75' lang='grc' dir='ltr'><strong><em>προσφοιτήσαντες</em></strong></span> 
     </span>
     <span class='ocr_line' id='line_1_19' title="bbox 293 2175 1400 2270; baseline 0.001 -28"><span class='ocrx_word' id='word_1_146' title='bbox 293 2182 344 2268; x_wconf 81' lang='grc' dir='ltr'><strong><em>γῇ,</em></strong></span> <span class='ocrx_word' id='word_1_147' title='bbox 365 2178 420 2243; x_wconf 90' lang='grc' dir='ltr'><strong><em>καί</em></strong></span> <span class='ocrx_word' id='word_1_148' title='bbox 440 2181 554 2264; x_wconf 78' lang='grc' dir='ltr'><strong><em>κρίτος</em></strong></span> <span class='ocrx_word' id='word_1_149' title='bbox 571 2175 697 2257; x_wconf 60' lang='lat' dir='ltr'>{aurore</span> <span class='ocrx_word' id='word_1_150' title='bbox 717 2181 882 2256; x_wconf 79' lang='grc' dir='ltr'><strong><em>α’ντιθετον</em></strong></span> <span class='ocrx_word' id='word_1_151' title='bbox 898 2184 1005 2270; x_wconf 72' lang='grc' dir='ltr'><strong><em>ἐκείνῳ</em></strong></span> <span class='ocrx_word' id='word_1_152' title='bbox 1025 2177 1301 2264; x_wconf 88' lang='grc' dir='ltr'><strong><em>περιποιούμενοι,</em></strong></span> <span class='ocrx_word' id='word_1_153' title='bbox 1323 2204 1400 2260; x_wconf 57' lang='grc' dir='ltr'><strong><em>πρε</em></strong></span> 
     </span>
     <span class='ocr_line' id='line_1_20' title="bbox 297 2275 1474 2387; baseline -0.002 -41"><span class='ocrx_word' id='word_1_154' title='bbox 297 2282 417 2364; x_wconf 78' lang='grc' dir='ltr'><strong><em>σῆλθον</em></strong></span> <span class='ocrx_word' id='word_1_155' title='bbox 439 2280 525 2369; x_wconf 74' lang='grc' dir='ltr'><strong><em>αύτῷ</em></strong></span> <span class='ocrx_word' id='word_1_156' title='bbox 549 2279 629 2346; x_wconf 74' lang='grc' dir='ltr'><strong><em>κατὰ</em></strong></span> <span class='ocrx_word' id='word_1_157' title='bbox 644 2285 794 2346; x_wconf 87' lang='grc' dir='ltr'><strong><em>Νίκαιαν.</em></strong></span> <span class='ocrx_word' id='word_1_158' title='bbox 824 2286 880 2346; x_wconf 91' lang='grc' dir='ltr'><strong><em>καί</em></strong></span> <span class='ocrx_word' id='word_1_159' title='bbox 900 2276 975 2366; x_wconf 77' lang='grc' dir='ltr'><strong><em>ὅπερ</em></strong></span> <span class='ocrx_word' id='word_1_160' title='bbox 998 2283 1033 2346; x_wconf 87' lang='grc' dir='ltr'><strong><em>ἐν</em></strong></span> <span class='ocrx_word' id='word_1_161' title='bbox 1053 2275 1163 2346; x_wconf 88' lang='grc' dir='ltr'><strong><em>ούδενί</em></strong></span> <span class='ocrx_word' id='word_1_162' title='bbox 1182 2285 1322 2362; x_wconf 77' lang='grc' dir='ltr'><strong><em>βασιλεῖ</em></strong></span> <span class='ocrx_word' id='word_1_163' title='bbox 1338 2282 1399 2345; x_wconf 68' lang='lat' dir='ltr'>scir</span> <span class='ocrx_word' id='word_1_164' title='bbox 1472 2298 1474 2387; x_wconf 57' lang='grc' dir='ltr'><strong><em>η</em></strong></span> 
     </span>
     <span class='ocr_line' id='line_1_21' title="bbox 296 2375 1430 2464; baseline -0.002 -18"><span class='ocrx_word' id='word_1_165' title='bbox 296 2383 437 2463; x_wconf 76' lang='grc' dir='ltr'><strong><em>Περσῶν</em></strong></span> <span class='ocrx_word' id='word_1_166' title='bbox 454 2384 564 2463; x_wconf 86' lang='grc' dir='ltr'><strong><em>γένους</em></strong></span> <span class='ocrx_word' id='word_1_167' title='bbox 593 2377 678 2458; x_wconf 84' lang='grc' dir='ltr'><strong><em>ύντες</em></strong></span> <span class='ocrx_word' id='word_1_168' title='bbox 699 2386 868 2464; x_wconf 76' lang='grc' dir='ltr'><strong><em>βασιλικοῦ</em></strong></span> <span class='ocrx_word' id='word_1_169' title='bbox 895 2375 969 2447; x_wconf 85' lang='grc' dir='ltr'><strong><em>ούτε</em></strong></span> <span class='ocrx_word' id='word_1_170' title='bbox 985 2381 1156 2462; x_wconf 70' lang='grc' dir='ltr'><strong><em>Ῥωμαιλον</em></strong></span> <span class='ocrx_word' id='word_1_171' title='bbox 1185 2383 1430 2458; x_wconf 74' lang='grc' dir='ltr'><strong><em>κατεδέξαντοκο</em></strong></span> 
     </span>
     <span class='ocr_line' id='line_1_22' title="bbox 295 2480 1394 2567; baseline 0.001 -23"><span class='ocrx_word' id='word_1_172' title='bbox 295 2483 434 2565; x_wconf 82' lang='grc' dir='ltr'><strong><em>πρᾶξαι,</em></strong></span> <span class='ocrx_word' id='word_1_173' title='bbox 464 2485 560 2548; x_wconf 88' lang='grc' dir='ltr'><strong><em>τούτο</em></strong></span> <span class='ocrx_word' id='word_1_174' title='bbox 586 2481 666 2567; x_wconf 81' lang='grc' dir='ltr'><strong><em>πρὸς</em></strong></span> <span class='ocrx_word' id='word_1_175' title='bbox 697 2481 794 2548; x_wconf 84' lang='grc' dir='ltr'><strong><em>αύτύν</em></strong></span> <span class='ocrx_word' id='word_1_176' title='bbox 820 2481 1011 2567; x_wconf 82' lang='grc' dir='ltr'><strong><em>παραδόξως</em></strong></span> <span class='ocrx_word' id='word_1_177' title='bbox 1040 2485 1230 2564; x_wconf 82' lang='grc' dir='ltr'><strong><em>α’πέδειξαν,</em></strong></span> <span class='ocrx_word' id='word_1_178' title='bbox 1260 2480 1341 2564; x_wconf 86' lang='grc' dir='ltr'><strong><em>γόνυ</em></strong></span> <span class='ocrx_word' id='word_1_179' title='bbox 1363 2506 1394 2546; x_wconf 88' lang='grc' dir='ltr'><strong><em>τε</em></strong></span> 
     </span>
    </p>
   </div>
   <div class='ocr_carea' id='block_1_3' title="bbox 226 2581 1395 2871">
    <p class='ocr_par' dir='ltr' id='par_1_4' title="bbox 226 2581 1395 2871">
     <span class='ocr_line' id='line_1_23' title="bbox 226 2581 1395 2672; baseline 0 -26"><span class='ocrx_word' id='word_1_180' title='bbox 226 2629 265 2646; x_wconf 60' lang='grc' dir='ltr'><strong><em>ι,</em></strong></span> <span class='ocrx_word' id='word_1_181' title='bbox 295 2585 457 2659; x_wconf 87' lang='grc' dir='ltr'><strong><em>κλίναντες</em></strong></span> <span class='ocrx_word' id='word_1_182' title='bbox 475 2586 531 2647; x_wconf 88' lang='grc' dir='ltr'><strong><em>καί</em></strong></span> <span class='ocrx_word' id='word_1_183' title='bbox 549 2587 770 2668; x_wconf 79' lang='grc' dir='ltr'><strong><em>προοδοποιεῖν</em></strong></span> <span class='ocrx_word' id='word_1_184' title='bbox 801 2585 888 2672; x_wconf 76' lang='grc' dir='ltr'><strong><em>αύτῷ</em></strong></span> <span class='ocrx_word' id='word_1_185' title='bbox 908 2581 966 2667; x_wconf 79' lang='grc' dir='ltr'><strong><em>τήν</em></strong></span> <span class='ocrx_word' id='word_1_186' title='bbox 995 2585 1040 2661; x_wconf 85' lang='grc' dir='ltr'><strong><em>είς</em></strong></span> <span class='ocrx_word' id='word_1_187' title='bbox 1056 2581 1111 2666; x_wconf 75' lang='grc' dir='ltr'><strong><em>τὴν</em></strong></span> <span class='ocrx_word' id='word_1_188' title='bbox 1130 2586 1286 2666; x_wconf 89' lang='grc' dir='ltr'><strong><em>βασιλίδα</em></strong></span> <span class='ocrx_word' id='word_1_189' title='bbox 1308 2583 1395 2647; x_wconf 74' lang='lat' dir='ltr'>iou-</span> 
     </span>
     <span class='ocr_line' id='line_1_24' title="bbox 294 2681 1393 2774; baseline 0.001 -27"><span class='ocrx_word' id='word_1_190' title='bbox 294 2684 410 2766; x_wconf 89' lang='grc' dir='ltr'><strong><em>πυρίαν</em></strong></span> <span class='ocrx_word' id='word_1_191' title='bbox 438 2681 498 2749; x_wconf 89' lang='grc' dir='ltr'><strong><em>σύν</em></strong></span> <span class='ocrx_word' id='word_1_192' title='bbox 528 2685 628 2774; x_wconf 76' lang='grc' dir='ltr'><strong><em>πολλῇ</em></strong></span> <span class='ocrx_word' id='word_1_193' title='bbox 655 2685 845 2769; x_wconf 74' lang='grc' dir='ltr'><strong><em>πεποιθήσει</em></strong></span> <span class='ocrx_word' id='word_1_194' title='bbox 872 2685 1141 2770; x_wconf 85' lang='grc' dir='ltr'><strong><em>διασημαίνοντες.</em></strong></span> <span class='ocrx_word' id='word_1_195' title='bbox 1193 2681 1248 2759; x_wconf 81' lang='grc' dir='ltr'><strong><em>ούς</em></strong></span> <span class='ocrx_word' id='word_1_196' title='bbox 1276 2682 1318 2769; x_wconf 76' lang='grc' dir='ltr'><strong><em>δη</em></strong></span> <span class='ocrx_word' id='word_1_197' title='bbox 1339 2688 1393 2748; x_wconf 84' lang='grc' dir='ltr'><strong><em>καί</em></strong></span> 
     </span>
     <span class='ocr_line' id='line_1_25' title="bbox 294 2780 1389 2871; baseline 0.003 -25"><span class='ocrx_word' id='word_1_198' title='bbox 294 2780 399 2864; x_wconf 87' lang='grc' dir='ltr'><strong><em>λύγοις</em></strong></span> <span class='ocrx_word' id='word_1_199' title='bbox 428 2783 484 2850; x_wconf 89' lang='grc' dir='ltr'><strong><em>καί</em></strong></span> <span class='ocrx_word' id='word_1_200' title='bbox 502 2784 631 2870; x_wconf 85' lang='grc' dir='ltr'><strong><em>τρόποις</em></strong></span> <span class='ocrx_word' id='word_1_201' title='bbox 660 2786 842 2862; x_wconf 86' lang='grc' dir='ltr'><strong><em>εύσυνέτοις</em></strong></span> <span class='ocrx_word' id='word_1_202' title='bbox 866 2787 1098 2871; x_wconf 73' lang='grc' dir='ltr'><strong><em>κοσμιωτέρους</em></strong></span> <span class='ocrx_word' id='word_1_203' title='bbox 1132 2787 1187 2850; x_wconf 88' lang='grc' dir='ltr'><strong><em>καί</em></strong></span> <span class='ocrx_word' id='word_1_204' title='bbox 1206 2784 1389 2851; x_wconf 81' lang='grc' dir='ltr'><strong><em>εύνοῖκατέ·</em></strong></span> 
     </span>
    </p>
   </div>
   <div class='ocr_carea' id='block_1_4' title="bbox 366 2959 553 3032">
    <p class='ocr_par' dir='ltr' id='par_1_5' title="bbox 366 2959 553 3032">
     <span class='ocr_line' id='line_1_26' title="bbox 366 2959 553 3032; baseline 0.011 -20"><span class='ocrx_word' id='word_1_205' title='bbox 366 2959 408 3014; x_wconf 84' lang='grc'><strong><em>19.</em></strong></span> <span class='ocrx_word' id='word_1_206' title='bbox 427 2961 470 3032; x_wconf 77' lang='grc' dir='ltr'><strong><em>ἐν]</em></strong></span> <span class='ocrx_word' id='word_1_207' title='bbox 493 2961 553 3020; x_wconf 54' lang='lat' dir='ltr'><strong><em>ur?</em></strong></span> 
     </span>
    </p>
   </div>
   <div class='ocr_carea' id='block_1_5' title="bbox 237 3127 1434 4125">
    <p class='ocr_par' dir='ltr' id='par_1_6' title="bbox 238 3127 1383 3197">
     <span class='ocr_line' id='line_1_27' title="bbox 238 3127 1383 3197; baseline -0.001 -17"><span class='ocrx_word' id='word_1_208' title='bbox 238 3152 242 3164; x_wconf 74' lang='lat'><em>·</em></span> <span class='ocrx_word' id='word_1_209' title='bbox 293 3127 393 3180; x_wconf 85' lang='lat' dir='ltr'>firmius</span> <span class='ocrx_word' id='word_1_210' title='bbox 411 3134 517 3195; x_wconf 87' lang='lat' dir='ltr'>pactum</span> <span class='ocrx_word' id='word_1_211' title='bbox 537 3135 728 3197; x_wconf 79' lang='lat' dir='ltr'>componerent</span> <span class='ocrx_word' id='word_1_212' title='bbox 746 3127 900 3180; x_wconf 81' lang='lat' dir='ltr'>servitutis:</span> <span class='ocrx_word' id='word_1_213' title='bbox 921 3128 1020 3179; x_wconf 86' lang='lat' dir='ltr'>etenim</span> <span class='ocrx_word' id='word_1_214' title='bbox 1039 3142 1097 3178; x_wconf 88' lang='lat' dir='ltr'><strong><em>cnm</em></strong></span> <span class='ocrx_word' id='word_1_215' title='bbox 1115 3127 1303 3196; x_wconf 70' lang='lat' dir='ltr'><strong>ingrederetur</strong></span> <span class='ocrx_word' id='word_1_216' title='bbox 1316 3127 1383 3179; x_wconf 84' lang='lat' dir='ltr'>illan</span> 
     </span>
    </p>

    <p class='ocr_par' dir='ltr' id='par_1_7' title="bbox 237 3197 1434 3768">
     <span class='ocr_line' id='line_1_28' title="bbox 237 3197 1381 3267; baseline 0 -17"><span class='ocrx_word' id='word_1_217' title='bbox 237 3212 244 3237; x_wconf 71' lang='lat' dir='ltr'>t</span> <span class='ocrx_word' id='word_1_218' title='bbox 292 3199 385 3250; x_wconf 90' lang='lat' dir='ltr'>urbem</span> <span class='ocrx_word' id='word_1_219' title='bbox 404 3215 463 3250; x_wconf 89' lang='lat' dir='ltr'><strong><em>cum</em></strong></span> <span class='ocrx_word' id='word_1_220' title='bbox 483 3214 532 3252; x_wconf 91' lang='lat' dir='ltr'><strong><em>sno</em></strong></span> <span class='ocrx_word' id='word_1_221' title='bbox 552 3201 673 3251; x_wconf 87' lang='lat' dir='ltr'>exercitu</span> <span class='ocrx_word' id='word_1_222' title='bbox 692 3207 719 3250; x_wconf 87' lang='lat' dir='ltr'><strong><em>ct</em></strong></span> <span class='ocrx_word' id='word_1_223' title='bbox 738 3200 815 3266; x_wconf 75' lang='lat' dir='ltr'>regia</span> <span class='ocrx_word' id='word_1_224' title='bbox 832 3199 965 3250; x_wconf 81' lang='lat' dir='ltr'>beneficia</span> <span class='ocrx_word' id='word_1_225' title='bbox 983 3208 1010 3251; x_wconf 90' lang='lat' dir='ltr'><strong><em>et</em></strong></span> <span class='ocrx_word' id='word_1_226' title='bbox 1027 3198 1139 3267; x_wconf 86' lang='lat' dir='ltr'>imperia</span> <span class='ocrx_word' id='word_1_227' title='bbox 1159 3197 1234 3250; x_wconf 79' lang='lat' dir='ltr'>clarc</span> <span class='ocrx_word' id='word_1_228' title='bbox 1260 3199 1381 3266; x_wconf 82' lang='lat' dir='ltr'>dispone-</span> 
     </span>
     <span class='ocr_line' id='line_1_29' title="bbox 294 3269 1382 3338; baseline -0.001 -18"><span class='ocrx_word' id='word_1_229' title='bbox 294 3276 337 3320; x_wconf 87' lang='lat' dir='ltr'><strong><em>ret</em></strong></span> <span class='ocrx_word' id='word_1_230' title='bbox 357 3275 384 3318; x_wconf 88' lang='lat' dir='ltr'><strong><em>et</em></strong></span> <span class='ocrx_word' id='word_1_231' title='bbox 403 3270 547 3334; x_wconf 88' lang='lat' dir='ltr'>ordinaret,</span> <span class='ocrx_word' id='word_1_232' title='bbox 567 3279 647 3338; x_wconf 89' lang='lat' dir='ltr'>atque</span> <span class='ocrx_word' id='word_1_233' title='bbox 666 3269 812 3321; x_wconf 80' lang='lat' dir='ltr'><strong>honoribus</strong></span> <span class='ocrx_word' id='word_1_234' title='bbox 833 3269 982 3322; x_wconf 74' lang='lat' dir='ltr'>illustribus</span> <span class='ocrx_word' id='word_1_235' title='bbox 1002 3278 1110 3322; x_wconf 87' lang='lat' dir='ltr'>ornaret</span> <span class='ocrx_word' id='word_1_236' title='bbox 1134 3270 1208 3321; x_wconf 88' lang='lat' dir='ltr'>urbis</span> <span class='ocrx_word' id='word_1_237' title='bbox 1234 3271 1332 3322; x_wconf 81' lang='lat' dir='ltr'>incolas</span> <span class='ocrx_word' id='word_1_238' title='bbox 1357 3277 1382 3320; x_wconf 89' lang='lat' dir='ltr'><strong><em>ct</em></strong></span> 
     </span>
     <span class='ocr_line' id='line_1_30' title="bbox 292 3340 1380 3412; baseline 0.001 -23"><span class='ocrx_word' id='word_1_239' title='bbox 292 3340 452 3412; x_wconf 77' lang='lat' dir='ltr'>peregrinos</span> <span class='ocrx_word' id='word_1_240' title='bbox 472 3344 669 3410; x_wconf 85' lang='lat' dir='ltr'>etquicunque</span> <span class='ocrx_word' id='word_1_241' title='bbox 695 3357 728 3392; x_wconf 85' lang='lat' dir='ltr'><strong><em>ex</em></strong></span> <span class='ocrx_word' id='word_1_242' title='bbox 750 3344 872 3393; x_wconf 85' lang='lat' dir='ltr'>exercitu</span> <span class='ocrx_word' id='word_1_243' title='bbox 890 3347 916 3392; x_wconf 88' lang='lat' dir='ltr'><strong><em>et</em></strong></span> <span class='ocrx_word' id='word_1_244' title='bbox 941 3341 1046 3411; x_wconf 82' lang='lat' dir='ltr'>reliqua</span> <span class='ocrx_word' id='word_1_245' title='bbox 1070 3342 1133 3395; x_wconf 85' lang='lat' dir='ltr'>sede</span> <span class='ocrx_word' id='word_1_246' title='bbox 1157 3341 1268 3410; x_wconf 79' lang='lat' dir='ltr'>aderant</span> <span class='ocrx_word' id='word_1_247' title='bbox 1290 3343 1316 3392; x_wconf 83' lang='lat' dir='ltr'><strong><em>iu</em></strong></span> <span class='ocrx_word' id='word_1_248' title='bbox 1334 3341 1380 3394; x_wconf 80' lang='lat' dir='ltr'>lli.</span> 
     </span>
     <span class='ocr_line' id='line_1_31' title="bbox 293 3405 1378 3481; baseline -0.003 -17"><span class='ocrx_word' id='word_1_249' title='bbox 293 3423 375 3464; x_wconf 83' lang='lat' dir='ltr'>eaeae</span> <span class='ocrx_word' id='word_1_250' title='bbox 393 3411 517 3476; x_wconf 88' lang='lat' dir='ltr'>circuitu,</span> <span class='ocrx_word' id='word_1_251' title='bbox 535 3405 636 3464; x_wconf 75' lang='lat' dir='ltr'>Turca&#39;e</span> <span class='ocrx_word' id='word_1_252' title='bbox 654 3411 784 3465; x_wconf 86' lang='lat' dir='ltr'>servilem</span> <span class='ocrx_word' id='word_1_253' title='bbox 806 3413 833 3464; x_wconf 92' lang='lat' dir='ltr'><strong><em>in</em></strong></span> <span class='ocrx_word' id='word_1_254' title='bbox 851 3413 956 3465; x_wconf 83' lang='lat' dir='ltr'>modum</span> <span class='ocrx_word' id='word_1_255' title='bbox 976 3421 1063 3466; x_wconf 89' lang='lat' dir='ltr'>castra</span> <span class='ocrx_word' id='word_1_256' title='bbox 1082 3419 1230 3481; x_wconf 85' lang='lat' dir='ltr'>posuerunt</span> <span class='ocrx_word' id='word_1_257' title='bbox 1241 3420 1267 3463; x_wconf 90' lang='lat' dir='ltr'><strong><em>ct</em></strong></span> <span class='ocrx_word' id='word_1_258' title='bbox 1282 3413 1313 3464; x_wconf 76' lang='lat' dir='ltr'><strong><em>acl</em></strong></span> <span class='ocrx_word' id='word_1_259' title='bbox 1328 3413 1378 3462; x_wconf 87' lang='lat' dir='ltr'>eins</span> 
     </span>
     <span class='ocr_line' id='line_1_32' title="bbox 293 3477 1434 3553; baseline 0 -19"><span class='ocrx_word' id='word_1_260' title='bbox 293 3483 392 3534; x_wconf 87' lang='lat' dir='ltr'>aditum</span> <span class='ocrx_word' id='word_1_261' title='bbox 416 3484 538 3550; x_wconf 83' lang='lat' dir='ltr'>imperati</span> <span class='ocrx_word' id='word_1_262' title='bbox 556 3485 661 3553; x_wconf 81' lang='lat' dir='ltr'><strong>pectori</strong></span> <span class='ocrx_word' id='word_1_263' title='bbox 679 3499 772 3536; x_wconf 86' lang='lat' dir='ltr'>manns</span> <span class='ocrx_word' id='word_1_264' title='bbox 783 3477 972 3552; x_wconf 84' lang='lat' dir='ltr'>implicabant,</span> <span class='ocrx_word' id='word_1_265' title='bbox 992 3493 1019 3536; x_wconf 90' lang='lat' dir='ltr'><strong><em>et</em></strong></span> <span class='ocrx_word' id='word_1_266' title='bbox 1037 3487 1095 3538; x_wconf 88' lang='lat' dir='ltr'>eins</span> <span class='ocrx_word' id='word_1_267' title='bbox 1112 3490 1282 3551; x_wconf 82' lang='lat' dir='ltr'>conspectum</span> <span class='ocrx_word' id='word_1_268' title='bbox 1304 3483 1380 3535; x_wconf 82' lang='lat' dir='ltr'>naxi-</span> <span class='ocrx_word' id='word_1_269' title='bbox 1426 3507 1434 3524; x_wconf 90' lang='lat'><strong>·</strong></span> 
     </span>
     <span class='ocr_line' id='line_1_33' title="bbox 293 3553 1378 3624; baseline -0.002 -18"><span class='ocrx_word' id='word_1_270' title='bbox 293 3567 363 3606; x_wconf 85' lang='lat' dir='ltr'><strong><em>mum</em></strong></span> <span class='ocrx_word' id='word_1_271' title='bbox 381 3553 541 3606; x_wconf 81' lang='lat' dir='ltr'>beneficium</span> <span class='ocrx_word' id='word_1_272' title='bbox 559 3556 695 3624; x_wconf 86' lang='lat' dir='ltr'>ponebant</span> <span class='ocrx_word' id='word_1_273' title='bbox 714 3564 741 3607; x_wconf 92' lang='lat' dir='ltr'><strong><em>et</em></strong></span> <span class='ocrx_word' id='word_1_274' title='bbox 765 3573 794 3608; x_wconf 88' lang='lat' dir='ltr'><strong><em>se</em></strong></span> <span class='ocrx_word' id='word_1_275' title='bbox 814 3573 872 3607; x_wconf 87' lang='lat' dir='ltr'><strong><em>cum</em></strong></span> <span class='ocrx_word' id='word_1_276' title='bbox 892 3572 924 3607; x_wconf 89' lang='lat' dir='ltr'><strong><em>eo</em></strong></span> <span class='ocrx_word' id='word_1_277' title='bbox 943 3555 1065 3608; x_wconf 85' lang='lat' dir='ltr'>laborare</span> <span class='ocrx_word' id='word_1_278' title='bbox 1085 3564 1112 3607; x_wconf 89' lang='lat' dir='ltr'><strong><em>et</em></strong></span> <span class='ocrx_word' id='word_1_279' title='bbox 1129 3570 1212 3624; x_wconf 83' lang='lat' dir='ltr'>agere</span> <span class='ocrx_word' id='word_1_280' title='bbox 1228 3553 1378 3624; x_wconf 68' lang='lat' dir='ltr'>pratanella</span> 
     </span>
     <span class='ocr_line' id='line_1_34' title="bbox 291 3626 1376 3696; baseline 0 -19"><span class='ocrx_word' id='word_1_281' title='bbox 291 3626 490 3694; x_wconf 86' lang='lat' dir='ltr'>promittebant.</span> <span class='ocrx_word' id='word_1_282' title='bbox 512 3628 681 3696; x_wconf 88' lang='lat' dir='ltr'>quamobrem</span> <span class='ocrx_word' id='word_1_283' title='bbox 694 3629 774 3680; x_wconf 86' lang='lat' dir='ltr'>etiam</span> <span class='ocrx_word' id='word_1_284' title='bbox 785 3627 909 3679; x_wconf 86' lang='lat' dir='ltr'>nonnulli</span> <span class='ocrx_word' id='word_1_285' title='bbox 918 3627 1024 3681; x_wconf 88' lang='lat' dir='ltr'>nobiles</span> <span class='ocrx_word' id='word_1_286' title='bbox 1035 3627 1165 3692; x_wconf 75' lang='lat' dir='ltr'><strong><em>Persian,</em></strong></span> <span class='ocrx_word' id='word_1_287' title='bbox 1180 3627 1275 3679; x_wconf 82' lang='lat' dir='ltr'>fratres</span> <span class='ocrx_word' id='word_1_288' title='bbox 1292 3641 1376 3679; x_wconf 72' lang='lat' dir='ltr'>secun</span> 
     </span>
     <span class='ocr_line' id='line_1_35' title="bbox 292 3695 1376 3768; baseline 0 -19"><span class='ocrx_word' id='word_1_289' title='bbox 292 3699 352 3749; x_wconf 84' lang='lat' dir='ltr'><strong><em>dun</em></strong></span> <span class='ocrx_word' id='word_1_290' title='bbox 372 3695 479 3752; x_wconf 71' lang='lat' dir='ltr'>carnem</span> <span class='ocrx_word' id='word_1_291' title='bbox 499 3707 526 3750; x_wconf 90' lang='lat' dir='ltr'><strong><em>et</em></strong></span> <span class='ocrx_word' id='word_1_292' title='bbox 543 3709 679 3765; x_wconf 86' lang='lat' dir='ltr'>naturam,</span> <span class='ocrx_word' id='word_1_293' title='bbox 701 3708 728 3751; x_wconf 85' lang='lat' dir='ltr'><strong><em>et</em></strong></span> <span class='ocrx_word' id='word_1_294' title='bbox 747 3699 919 3752; x_wconf 85' lang='lat' dir='ltr'>Gutlnmusae</span> <span class='ocrx_word' id='word_1_295' title='bbox 938 3713 1087 3768; x_wconf 81' lang='lat' dir='ltr'>cognomen</span> <span class='ocrx_word' id='word_1_296' title='bbox 1106 3715 1139 3750; x_wconf 87' lang='lat' dir='ltr'><strong><em>ex</em></strong></span> <span class='ocrx_word' id='word_1_297' title='bbox 1156 3706 1267 3767; x_wconf 87' lang='lat' dir='ltr'>paterno</span> <span class='ocrx_word' id='word_1_298' title='bbox 1283 3700 1376 3750; x_wconf 87' lang='lat' dir='ltr'>noniue</span> 
     </span>
    </p>

    <p class='ocr_par' dir='ltr' id='par_1_8' title="bbox 270 3770 1374 4125">
     <span class='ocr_line' id='line_1_36' title="bbox 270 3770 1374 3840; baseline -0.003 -18"><span class='ocrx_word' id='word_1_299' title='bbox 270 3770 430 3836; x_wconf 64' lang='lat' dir='ltr'>nocentes,</span> <span class='ocrx_word' id='word_1_300' title='bbox 451 3778 477 3823; x_wconf 89' lang='lat' dir='ltr'><strong><em>et</em></strong></span> <span class='ocrx_word' id='word_1_301' title='bbox 496 3770 594 3824; x_wconf 88' lang='lat' dir='ltr'>sultani</span> <span class='ocrx_word' id='word_1_302' title='bbox 613 3781 702 3840; x_wconf 89' lang='lat' dir='ltr'>partes</span> <span class='ocrx_word' id='word_1_303' title='bbox 723 3778 749 3822; x_wconf 91' lang='lat' dir='ltr'><strong><em>et</em></strong></span> <span class='ocrx_word' id='word_1_304' title='bbox 768 3778 927 3837; x_wconf 88' lang='lat' dir='ltr'>potestatem</span> <span class='ocrx_word' id='word_1_305' title='bbox 941 3771 1107 3834; x_wconf 79' lang='lat' dir='ltr'>affectantes,</span> <span class='ocrx_word' id='word_1_306' title='bbox 1124 3778 1151 3821; x_wconf 93' lang='lat' dir='ltr'><strong><em>et</em></strong></span> <span class='ocrx_word' id='word_1_307' title='bbox 1163 3771 1226 3822; x_wconf 86' lang='lat' dir='ltr'>(luci</span> <span class='ocrx_word' id='word_1_308' title='bbox 1239 3770 1374 3821; x_wconf 87' lang='lat' dir='ltr'>lluunorun</span> 
     </span>
     <span class='ocr_line' id='line_1_37' title="bbox 291 3840 1373 3910; baseline 0 -21"><span class='ocrx_word' id='word_1_309' title='bbox 291 3843 408 3906; x_wconf 86' lang='lat' dir='ltr'>oppositi</span> <span class='ocrx_word' id='word_1_310' title='bbox 428 3849 455 3894; x_wconf 87' lang='lat' dir='ltr'><strong><em>et</em></strong></span> <span class='ocrx_word' id='word_1_311' title='bbox 473 3850 528 3893; x_wconf 86' lang='lat' dir='ltr'>turn</span> <span class='ocrx_word' id='word_1_312' title='bbox 540 3842 718 3894; x_wconf 83' lang='lat' dir='ltr'>Romanorum</span> <span class='ocrx_word' id='word_1_313' title='bbox 736 3843 848 3909; x_wconf 89' lang='lat' dir='ltr'>imperio</span> <span class='ocrx_word' id='word_1_314' title='bbox 868 3843 1112 3910; x_wconf 74' lang='lat' dir='ltr'>appropinquantes</span> <span class='ocrx_word' id='word_1_315' title='bbox 1132 3849 1160 3892; x_wconf 89' lang='lat' dir='ltr'><strong><em>et</em></strong></span> <span class='ocrx_word' id='word_1_316' title='bbox 1177 3844 1313 3910; x_wconf 86' lang='lat' dir='ltr'>potentian</span> <span class='ocrx_word' id='word_1_317' title='bbox 1329 3840 1373 3892; x_wconf 80' lang='lat' dir='ltr'>ribi</span> 
     </span>
     <span class='ocr_line' id='line_1_38' title="bbox 291 3911 1372 3982; baseline -0.001 -21"><span class='ocrx_word' id='word_1_318' title='bbox 291 3915 441 3976; x_wconf 84' lang='lat' dir='ltr'>oppositam</span> <span class='ocrx_word' id='word_1_319' title='bbox 460 3912 503 3964; x_wconf 89' lang='lat' dir='ltr'>illi</span> <span class='ocrx_word' id='word_1_320' title='bbox 522 3913 716 3977; x_wconf 73' lang='lat' dir='ltr'>conciliantes,</span> <span class='ocrx_word' id='word_1_321' title='bbox 736 3921 910 3966; x_wconf 85' lang='lat' dir='ltr'>accesserunt</span> <span class='ocrx_word' id='word_1_322' title='bbox 928 3915 960 3965; x_wconf 87' lang='lat' dir='ltr'><strong><em>ad</em></strong></span> <span class='ocrx_word' id='word_1_323' title='bbox 980 3928 1040 3964; x_wconf 87' lang='lat' dir='ltr'><strong><em>enm</em></strong></span> <span class='ocrx_word' id='word_1_324' title='bbox 1058 3913 1190 3966; x_wconf 78' lang='lat' dir='ltr'>Nicaeae:</span> <span class='ocrx_word' id='word_1_325' title='bbox 1218 3921 1292 3982; x_wconf 82' lang='lat' dir='ltr'>atquc</span> <span class='ocrx_word' id='word_1_326' title='bbox 1313 3911 1372 3978; x_wconf 83' lang='lat' dir='ltr'>qnod</span> 
     </span>
     <span class='ocr_line' id='line_1_39' title="bbox 290 3980 1372 4053; baseline 0 -20"><span class='ocrx_word' id='word_1_327' title='bbox 290 3981 360 4046; x_wconf 78' lang='lat' dir='ltr'>apud</span> <span class='ocrx_word' id='word_1_328' title='bbox 378 3983 481 4035; x_wconf 88' lang='lat' dir='ltr'>nullum</span> <span class='ocrx_word' id='word_1_329' title='bbox 499 4000 591 4052; x_wconf 83' lang='lat' dir='ltr'>regern</span> <span class='ocrx_word' id='word_1_330' title='bbox 609 3983 759 4050; x_wconf 86' lang='lat' dir='ltr'>Persarum,</span> <span class='ocrx_word' id='word_1_331' title='bbox 779 4001 838 4036; x_wconf 87' lang='lat' dir='ltr'><strong><em>cum</em></strong></span> <span class='ocrx_word' id='word_1_332' title='bbox 857 3992 947 4036; x_wconf 88' lang='lat' dir='ltr'>essent</span> <span class='ocrx_word' id='word_1_333' title='bbox 967 4001 982 4036; x_wconf 87' lang='lat' dir='ltr'><strong>e</strong></span> <span class='ocrx_word' id='word_1_334' title='bbox 1001 3998 1103 4053; x_wconf 77' lang='lat' dir='ltr'>genere</span> <span class='ocrx_word' id='word_1_335' title='bbox 1121 3984 1209 4052; x_wconf 74' lang='lat' dir='ltr'>regio,</span> <span class='ocrx_word' id='word_1_336' title='bbox 1228 3998 1307 4052; x_wconf 84' lang='lat' dir='ltr'>neque</span> <span class='ocrx_word' id='word_1_337' title='bbox 1322 3980 1372 4034; x_wconf 88' lang='lat' dir='ltr'>llo-</span> 
     </span>
     <span class='ocr_line' id='line_1_40' title="bbox 290 4054 1373 4125; baseline 0.002 -23"><span class='ocrx_word' id='word_1_338' title='bbox 290 4064 427 4102; x_wconf 84' lang='lat' dir='ltr'>manorum</span> <span class='ocrx_word' id='word_1_339' title='bbox 447 4058 631 4108; x_wconf 86' lang='lat' dir='ltr'>sustinuerunt</span> <span class='ocrx_word' id='word_1_340' title='bbox 649 4057 750 4119; x_wconf 85' lang='lat' dir='ltr'>lacere,</span> <span class='ocrx_word' id='word_1_341' title='bbox 771 4055 823 4107; x_wconf 89' lang='lat' dir='ltr'><strong><em>hoc</em></strong></span> <span class='ocrx_word' id='word_1_342' title='bbox 834 4071 898 4123; x_wconf 82' lang='lat' dir='ltr'>erga</span> <span class='ocrx_word' id='word_1_343' title='bbox 916 4071 975 4107; x_wconf 88' lang='lat' dir='ltr'><strong><em>eum</em></strong></span> <span class='ocrx_word' id='word_1_344' title='bbox 995 4066 1105 4125; x_wconf 85' lang='lat' dir='ltr'>practer.</span> <span class='ocrx_word' id='word_1_345' title='bbox 1118 4064 1192 4123; x_wconf 81' lang='lat' dir='ltr'>spem</span> <span class='ocrx_word' id='word_1_346' title='bbox 1211 4054 1373 4115; x_wconf 84' lang='lat' dir='ltr'>ostenderunt,</span> 
     </span>
    </p>
   </div>
   <div class='ocr_carea' id='block_1_6' title="bbox 181 4123 1373 4198">
    <p class='ocr_par' dir='ltr' id='par_1_9' title="bbox 181 4123 1373 4198">
     <span class='ocr_line' id='line_1_41' title="bbox 181 4123 1373 4198; baseline -0.003 -23"><span class='ocrx_word' id='word_1_347' title='bbox 181 4180 185 4185; x_wconf 63' lang='grc'><strong><em>,</em></strong></span> <span class='ocrx_word' id='word_1_348' title='bbox 295 4137 355 4174; x_wconf 88' lang='lat' dir='ltr'>curn</span> <span class='ocrx_word' id='word_1_349' title='bbox 375 4129 403 4173; x_wconf 89' lang='lat' dir='ltr'><strong><em>et</em></strong></span> <span class='ocrx_word' id='word_1_350' title='bbox 422 4137 493 4190; x_wconf 80' lang='lat' dir='ltr'>genu</span> <span class='ocrx_word' id='word_1_351' title='bbox 513 4125 654 4180; x_wconf 84' lang='lat' dir='ltr'>flecterent</span> <span class='ocrx_word' id='word_1_352' title='bbox 673 4136 700 4180; x_wconf 91' lang='lat' dir='ltr'><strong><em>et</em></strong></span> <span class='ocrx_word' id='word_1_353' title='bbox 715 4135 745 4179; x_wconf 91' lang='lat' dir='ltr'><strong><em>ut</em></strong></span> <span class='ocrx_word' id='word_1_354' title='bbox 770 4128 888 4196; x_wconf 88' lang='lat' dir='ltr'>praeiret</span> <span class='ocrx_word' id='word_1_355' title='bbox 913 4128 945 4178; x_wconf 84' lang='lat' dir='ltr'><strong><em>ad</em></strong></span> <span class='ocrx_word' id='word_1_356' title='bbox 967 4129 1069 4198; x_wconf 73' lang='lat' dir='ltr'>regiam</span> <span class='ocrx_word' id='word_1_357' title='bbox 1096 4130 1121 4179; x_wconf 93' lang='lat' dir='ltr'><strong><em>ei</em></strong></span> <span class='ocrx_word' id='word_1_358' title='bbox 1151 4143 1211 4178; x_wconf 87' lang='lat' dir='ltr'><strong><em>cum</em></strong></span> <span class='ocrx_word' id='word_1_359' title='bbox 1237 4125 1306 4178; x_wconf 82' lang='lat' dir='ltr'>multa</span> <span class='ocrx_word' id='word_1_360' title='bbox 1325 4123 1373 4174; x_wconf 81' lang='lat' dir='ltr'><strong><em>lde</em></strong></span> 
     </span>
    </p>
   </div>
   <div class='ocr_carea' id='block_1_7' title="bbox 292 4194 1373 4272">
    <p class='ocr_par' dir='ltr' id='par_1_10' title="bbox 292 4194 1373 4272">
     <span class='ocr_line' id='line_1_42' title="bbox 292 4194 1373 4272; baseline -0.002 -22"><span class='ocrx_word' id='word_1_361' title='bbox 292 4195 489 4265; x_wconf 67' lang='lat' dir='ltr'>significarent:</span> <span class='ocrx_word' id='word_1_362' title='bbox 524 4212 591 4265; x_wconf 87' lang='lat' dir='ltr'>qnos</span> <span class='ocrx_word' id='word_1_363' title='bbox 618 4201 724 4268; x_wconf 82' lang='lat' dir='ltr'>quidem</span> <span class='ocrx_word' id='word_1_364' title='bbox 743 4208 770 4254; x_wconf 87' lang='lat' dir='ltr'><strong><em>et</em></strong></span> <span class='ocrx_word' id='word_1_365' title='bbox 787 4199 877 4256; x_wconf 78' lang='lat' dir='ltr'>verbis</span> <span class='ocrx_word' id='word_1_366' title='bbox 904 4207 930 4251; x_wconf 88' lang='lat' dir='ltr'><strong><em>et</em></strong></span> <span class='ocrx_word' id='word_1_367' title='bbox 946 4201 1065 4258; x_wconf 79' lang='lat' dir='ltr'>moribus</span> <span class='ocrx_word' id='word_1_368' title='bbox 1081 4199 1255 4272; x_wconf 82' lang='lat' dir='ltr'>prudentibus</span> <span class='ocrx_word' id='word_1_369' title='bbox 1268 4194 1373 4251; x_wconf 73' lang='grc' dir='ltr'><strong><em>τελειο-</em></strong></span> 
     </span>
    </p>
   </div>
   <div class='ocr_carea' id='block_1_8' title="bbox 0 0 1514 4892">
    <p class='ocr_par' dir='ltr' id='par_1_11' title="bbox 0 0 1514 4892">
     <span class='ocr_line' id='line_1_43' title="bbox 0 0 1514 4892; baseline 0 2"><span class='ocrx_word' id='word_1_370' title='bbox 0 0 1514 4892; x_wconf 95' lang='lat' dir='ltr'><strong><em> </em></strong></span> 
     </span>
    </p>
   </div>
   <div class='ocr_carea' id='block_1_9' title="bbox 282 4888 1474 4892">
    <p class='ocr_par' dir='ltr' id='par_1_12' title="bbox 282 4888 1474 4892">
     <span class='ocr_line' id='line_1_44' title="bbox 282 4888 1474 4892; baseline 0 1"><span class='ocrx_word' id='word_1_371' title='bbox 282 4888 1474 4892; x_wconf 95' lang='lat' dir='ltr'><strong><em> </em></strong></span> 
     </span>
    </p>
   </div>
  </div>
 </body>
</html>
