3017 4892
603 346 858 418 molum,
1215 340 1270 421 99
1352 350 1354 355 ’

164 509 334 593 ρίσασδαι,
355 510 525 591 κατεκρίδη
548 503 662 594 φυγήν.
696 506 775 575 ἐἶτα
796 508 1072 594 χενομένηςαίτῷ
1089 512 1145 593 τῆς
1164 486 1269 573 καθά-

164 612 223 675 δου
245 602 405 695 α’πεστάλη
436 607 516 673 κατά
548 615 612 673 τάν
634 603 780 693 Otiosum,
801 614 863 677 τάν
888 608 1055 690 Ῥωμαίων
1076 606 1267 694 δπερμαχη-

164 737 239 792 σαν,
253 713 316 800 Ικαί
332 714 508 795 τηνικαῦτα
529 711 570 775 δι’
593 712 699 775 αἰτίαν
719 714 775 794 τῆς
796 715 861 776 τοῖν
882 713 1116 793 στρατιωτικῶν
1137 732 1271 796 σιτηρεφ

164 816 242 879 σίων
271 812 518 897 ὑποιρατησεως
541 814 584 898 τῷ
606 803 738 895 άρχοντι
768 810 950 897 προσερράη
979 814 1036 877 τοῦ
1059 811 1182 877 Χάλεπ.
1238 815 1270 879 εί

138 916 193 978 ὅδ’
214 912 377 999 εὐφρόνως
401 910 483 977 κατά
507 917 562 996 τῆς
584 915 702 988 οἰκείας
735 912 895 997 α’πεστάλη
916 915 1047 997 μερίδος
1073 915 1176 982 καίτοι
1206 938 1267 977 κα-

138 1017 281 1107 ‘nosrta
319 1011 337 1077 δ
369 1010 553 1100 βάρβαρος,
596 1014 649 1079 καί
673 1016 755 1099 μηδὲ
786 1017 910 1096 μέλλων
945 1017 1008 1079 τάν
1040 1014 1268 1100 ὑπεσχημένων

164 1116 333 1200 τυγχάνειν
347 1117 547 1201 σιτηρεσίων,
569 1124 645 1191 τοῖς
656 1114 925 1199 ἀναγινώσκουσιν
947 1112 1098 1194 ἐξετάζειν
1119 1117 1266 1199 παρίημι.

163 1211 324 1301 γενόμενοι
351 1216 457 1283 τοίνυν
485 1214 566 1284 κατά
590 1214 626 1282 τά
649 1215 762 1283 Χάλεπ
797 1214 828 1281 oi
853 1210 986 1294 Οδννοι,
1013 1214 1069 1281 καί
1100 1238 1269 1302 προσανα-

163 1321 331 1401 μιχδὲντες
353 1319 441 1408 αὐτῷ
461 1343 498 1385 τε
525 1323 570 1409 τῷ
601 1320 865 1409 συγκαλεσαμίκιρ
894 1322 949 1383 καί
970 1325 1048 1393 ’τοῖς
1068 1320 1267 1403 παρακειμί·

122 1418 227 1496 1(λνεις
246 1411 393 1504 Ἄραψι,
425 1417 483 1503 την
512 1423 547 1485 ἐν
569 1423 671 1507 Συρίη
684 1413 887 1502 Ἀντιόχειαν
915 1417 970 1484 καί
995 1416 1053 1496 τάς
1076 1426 1150 1503 παρ’
1182 1419 1267 1506 αὐτῇ
1279 1432 1282 1438 “

163 1520 269 1598 πόλεις
301 1524 357 1586 καί
387 1522 496 1602 κάμας
527 1522 752 1605 ἀπανθρώπως
783 1520 961 1601 ἐμάστιζον.
1016 1517 1071 1585 καί
1103 1516 1123 1603 ἦ
1151 1520 1267 1602 μάστιξ
1307 1532 1308 1535 ’

142 1624 290 1707 ’σφαγαί
327 1629 384 1689 καί
425 1621 642 1707 πυρπολήσεις
683 1620 738 1686 καί
778 1619 1035 1703 ἀνδραποδισμοί
1070 1622 1125 1685 καί
1157 1624 1266 1704 λαφυ-

164 1728 338 1806 ραγωγιαι,
368 1723 424 1788 καί
450 1721 512 1788 ὅσα
543 1730 612 1797 ταῖς
639 1726 852 1806 βαρβαρικαῖς
883 1722 1071 1805 ἐπιδρομαῖς
1096 1723 1265 1803 συμπαρέ-

164 1844 288 1887 πονται.
332 1824 403 1888 ἐπεί
422 1826 451 1889 δ’
472 1822 538 1889 ἔδει
560 1820 715 1908 στρατιάν
742 1825 776 1898 ἐς
796 1819 915 1897 αδτοδς
945 1824 1143 1907 πεμφθῆναι,
1165 1821 1265 1905 συνη-

121 1932 154 1985 15
163 1916 297 2007 δροιστό
316 1928 376 2006 μὲν
397 1923 560 2010 ἀξιόλογον
577 1922 760 2008 στράτευμα
780 1923 834 1988 καί
855 1922 1007 2008 ἦχτμάνες
1026 1924 1142 1989 τούτου
1163 1925 1266 2007 προί-
1339 1959 1343 1967 ,

162 2049 291 2112 στησαν,
314 2026 336 2111 ἦ
358 2030 395 2093 δὲ
415 2028 573 2114 φειδωλία
595 2024 692 2111 πάλιν
719 2017 868 2109 άπρακτα
897 2024 953 2089 καί
974 2027 1071 2111 deleri
1092 2023 1292 2112 rocroort-r.
1313 2040 1364 2097 186
1379 2059 1404 2099 r.

162 2153 251 2196 σατο.
294 2121 333 2204 οὗ
353 2128 421 2213 γάρ
438 2128 627 2213 ὁλοκληρίαν
651 2128 812 2212 ἠθέλησαν
835 2123 865 2190 οἱ
877 2130 1156 2213 κρατοῦντες-τοῦ,
1170 2130 1264 2211 ὀψων-
1285 2176 1286 2179 ,

162 2232 301 2312 νιασμοῦ
325 2238 506 2315 παρασχεῖν
528 2226 711 2313 ἀνθρώποις
732 2227 958 2311 πολεμίοιςιιαί
977 2226 1100 2313 μάχαις
1124 2254 1265 2296 κακοπαι·

160 2330 276 2415 θήσειν
299 2330 505 2417 ὄφειλουσιν,
535 2326 617 2398 oillei
644 2335 738 2418 μίρει
759 2328 824 2397 τινί
850 2324 979 2409 τούτους
1001 2334 1160 2422 ε’λαχιλττηι
1183 2328 1267 2415 πρδς.
1322 2373 1331 2391 .

120 2431 217 2499 sorte
239 2428 319 2517 riulp
337 2434 393 2517 τῆς
416 2434 527 2518 ψυχῆς
556 2426 664 2517 άχάνα
688 2436 903 2519 παρακινῆσαι
925 2428 1140 2499 ἐσπούδασαν.
1183 2434 1290 2499 α’πίι.
1363 2492 1365 2496 ,

164 2557 262 2616 τοχον
296 2536 332 2599 tt
364 2529 444 2600 ὅλων
471 2530 562 2617 ὁμοῦ.
611 2532 648 2600 τά
678 2537 738 2616 μὲν
777 2534 839 2619 γάρ
870 2532 1009 2617 σ’ψάνιον
1045 2533 1075 2601 οἱ
1107 2535 1265 2621 στρατιά-

163 2658 215 2699 ται
237 2632 402 2719 ἐδέξαντο,
432 2662 514 2703 κατα
544 2637 581 2701 δε
603 2663 666 2705 των
699 2642 848 2703 εναντίων
874 2638 1072 2722 πορευθῆναι
1102 2638 1144 2700 ον’
1169 2619 1278 2702 κατε-ο.

164 2736 314 2819 δέξαντο,
344 2741 440 2823 μέρος
468 2762 500 2805 τι
525 2741 588 2805 τάν
615 2733 922 2823 προάστερησάνεων
953 2737 1062 2814 adroic
1095 2733 1265 2821 lupensius-⁶

162 2859 211 2902 τοι
232 2844 337 2907 τοῦτο.
381 2844 437 2906 καί
456 2837 567 2927 φωνὴν
587 2837 763 2927 ἐγείραντες
793 2830 916 2925 άσημον
941 2840 986 2916 εἷς
1009 2836 1049 2926 τά
1074 2841 1172 2906 οἰκεῖα
1196 2841 1265 2905 διε-

235 3026 277 3080 15.
294 3030 383 3087 πάλιν
402 3027 533 3121 ἄπρακτα
549 3030 637 3088 πάλιν
654 3031 703 3084 καί
721 3027 751 3083 0.
843 3028 887 3081 21.
909 3028 939 3085 dl
957 3026 1033 3103 δμοῦ
1053 3024 1127 3084 ὅλων
1145 3026 1218 3103 δμοῦ
1230 3030 1262 3084 0.

162 3192 225 3251 tus,
250 3188 347 3241 missus
367 3191 417 3241 ‘est
444 3195 538 3241 contra
563 3187 697 3253 Hunnos,
724 3186 834 3240 Graecis
860 3195 1091 3256 propugnaturusr
1111 3195 1190 3257 atque
1208 3195 1263 3240 tum

162 3266 343 3327 surreptorum
360 3260 515 3314 militarium
533 3260 726 3328 stipendiorum
737 3261 874 3312 incusatus
888 3260 982 3311 ducem
1002 3260 1129 3311 convenit
1140 3258 1262 3325 Chalepi.

162 3346 224 3383 num
242 3341 330 3385 autem
350 3332 474 3385 consulto
496 3342 590 3385 contra
607 3349 681 3386 suam
708 3333 805 3385 missus
831 3333 866 3383 sit
886 3340 995 3399 partem·
1007 3332 1127 3400 quamvis
1146 3331 1263 3383 ollensus

162 3401 305 3467 burbams,
323 3420 411 3471 neque
431 3420 496 3456 vero
517 3405 622 3457 obiecta
641 3404 776 3471 stipendia
794 3404 953 3471 adepturus,
974 3404 1068 3472 peritis
1093 3403 1262 3471 investigari.

163 3473 224 3523 dum
241 3473 383 3542 relinquo:
403 3478 560 3544 congregati
579 3478 662 3545 igitur
682 3485 773 3529 contra
794 3474 940 3545 Chalepum
959 3476 1048 3528 Hunni
1075 3484 1101 3527 et
1128 3474 1263 3526 commixti

162 3544 213 3609 ipsi
234 3546 394 3595 convocanti
420 3553 447 3596 et
465 3545 629 3600 adstantibus
653 3547 786 3600 Arabibus
811 3547 981 3599 Antiochiam
1006 3546 1100 3613 Suriae
1124 3548 1217 3599 urbem
1237 3553 1264 3597 et

163 3614 267 3665 vicinas
290 3614 370 3665 urbes
398 3622 425 3663 et
442 3630 526 3681 pagos
552 3617 580 3666 iu
607 3616 765 3668 solitudines
785 3616 1003 3683 flagellabantur3
1025 3626 1105 3685 atque
1126 3618 1262 3686 flagellum

164 3692 222 3734 erat
239 3684 336 3737 caedes
359 3693 385 3735 et
404 3685 528 3735 incendia
547 3694 574 3735 et
593 3686 763 3751 captivitates
783 3695 810 3737 et
827 3689 1014 3752 praedationes
1034 3695 1062 3739 et
1086 3704 1261 3757 quaecunque

161 3754 289 3808 barbaros
309 3756 477 3808 incursiones
497 3764 653 3824 sequuntur.
692 3772 750 3805 cum
770 3763 858 3807 autern
876 3772 989 3809 necesse
1004 3765 1084 3823 esset,
1103 3767 1132 3810 ut
1145 3760 1217 3810 acies
1229 3760 1262 3811 ad

162 3840 209 3880 eos
227 3829 387 3893 mitteretur,
407 3836 515 3879 coactus
535 3835 576 3879 est
587 3826 768 3878 memorabilis
789 3829 921 3881 exereitus
942 3836 969 3879 et
986 3829 1067 3881 duces
1087 3830 1112 3880 ei
1132 3830 1261 3897 praclue-

160 3907 231 3963 runt‚
256 3900 418 3966 parsimonia
442 3908 530 3952 nutem
558 3914 649 3951 rursus
674 3898 783 3951 infectis
802 3898 882 3951 rebus
901 3916 960 3951 eum
980 3907 1007 3950 et
1024 3898 1173 3968 ingloriose
1192 3918 1260 3955 con.

139 3970 242 4024 ¹iecit:
270 3958 359 4039 neipue
380 3973 449 4024 euim
467 3972 600 4041 integrum
620 3970 765 4022 voluerunt
783 3970 914 4037 praelecti
935 3981 1108 4023 commeatum
1130 3974 1259 4043 praebere

161 4040 312 4096 hominibus
340 4041 503 4097 bellantibus
522 4052 549 4095 et
566 4044 663 4111 pugnis
688 4042 869 4109 laboraturis,
895 4044 943 4097 sed
968 4052 1043 4110 parte
1068 4047 1179 4113 quadam
1210 4046 1259 4099 hos

160 4115 268 4169 minima
286 4115 548 4168 odvitaeeertameu
567 4130 678 4167 movere
696 4114 871 4168 studuerunt:
892 4117 1064 4183 perdiderunt
1075 4127 1162 4171 autem
1180 4117 1259 4171 simul

161 4189 258 4253 omnin,
279 4196 453 4240 commeatum
469 4189 538 4239 enim
556 4188 657 4241 milites
670 4196 842 4255 acceperunt,
864 4197 956 4241 contra
975 4188 1067 4243 hostes
1087 4200 1174 4243 autem
1192 4204 1258 4257 pro.

161 4256 245 4315 ticisci
261 4276 317 4315 nou
334 4261 535 4327 sustinuemnt3
553 4275 617 4329 pars
641 4261 770 4331 quaedam
789 4260 986 4317 advenientium
1005 4263 1039 4317 iis
1058 4263 1259 4343 considerantes
