3017 4892
235 293 286 370 οο
471 256 480 264 ἐ
540 253 756 394 ntentans
786 300 1046 368 umentorum

147 484 149 490 ’
234 466 332 550 μόνον
350 467 426 534 αλλ’
450 457 512 549 ἤδη
527 467 582 530 καί
602 473 665 540 τοῖς
686 463 874 549 βαρβάροις,
896 466 939 543 ὥς
954 465 1044 553 μάχη
1059 464 1258 551 κεκρατηκιές
1278 452 1352 530 τοῦ

235 571 425 652 κρατοόντος
458 566 513 630 ’καί
546 565 697 656 φασγάνῳ
722 570 875 652 τοσαύτην
907 566 1012 651 α’ρχὴν
1033 566 1183 652 δυνηθείς
1200 567 1348 649 περιζώ-

235 672 366 735 οασθαι
409 675 674 753 στηλομραφεῖται
698 670 734 733 66
749 667 806 732 καί
823 670 1021 749 ἐσπασμένον
1043 666 1124 751 ἔχων
1147 669 1203 731 τὸν
1225 667 1345 733 οἷκινοί-

234 773 291 855 νην
312 773 356 859 τῷ
376 773 487 858 κὴνοφ,
507 765 607 834 καί
575 764 660 833 ου’τω
684 772 739 853 τῆς
759 773 924 851 βασιλείας
944 773 1073 834 καίνων
1092 771 1208 854 ταίτης
1231 771 1343 852 tinnip-

233 895 326 954 χεται
346 875 500 953 πράξεων
553 872 735 956 φιλοτίμοις
758 863 815 934 ota
837 868 912 946 τοές
939 875 1179 989 φαναρρμένοος
1201 874 1256 934 καί
1277 876 1376 934 σα-5

235 974 508 1054 superstantem
547 970 627 1070 πρὸς
655 968 693 1034 τὰ
732 968 926 1054 κατόρθωμα
958 970 1120 1052 κοσμήσας
1146 978 1253 1051 τιμαῖς
1285 975 1346 1034 κατ’

235 1070 427 1158 φροντιστὰς
447 1070 583 1146 πολλοὺς
604 1075 667 1136 τῶν
688 1070 849 1154 δημοσίων
870 1071 1041 1149 α’ποιλείξας
1063 1069 1237 1152 συλλόγων,
1258 1065 1341 1134 οὕτω

179 1161 182 1168 ’
235 1172 289 1238 καί
299 1197 332 1237 το
324 1170 569 1256 δημοτικὸν
532 1197 586 1255 της
599 1171 817 1292 προσηκούσης
827 1176 921 1256 τιμῆς
934 1175 1026 1250 α’ξιοῖ.
1040 1197 1100 1252 προ
1092 1171 1150 1234 66
1163 1195 1226 1234 των
1237 1161 1344 1237 ἄλλων

234 1275 315 1371 πολύ
337 1297 367 1338 τι
398 1276 500 1390 νέμων
522 1273 636 1349 αἰδοῦς
651 1276 693 1360 τῷ
723 1271 918 1392 πατριάρχη,
940 1270 995 1337 ι’σα
1016 1299 1068 1336 και
1065 1268 1245 1394 πατέρα’
1232 1271 1338 1352 ετίμα,

235 1364 289 1436 καί
316 1369 391 1447 τούς
419 1369 535 1437 τούτου
564 1371 716 1456 ἐνεφιούς
744 1382 813 1449 ταῖς
840 1373 980 1454 πρώταις
1006 1375 1108 1450 α’ξιάις
1132 1397 1183 1435 και
1180 1371 1338 1455 πραξεοι
1353 1382 1389 1435 10

236 1477 462 1558 περιβλέπτους
483 1472 708 1556 α’ποδεδειχώς.
764 1500 815 1538 και
851 1474 889 1538 τοὶ
911 1482 975 1550 τοῖς
990 1475 1172 1556 βασίλιιιοῖς
1204 1475 1339 1548 δικαίοις
1421 1517 1424 1522 -

236 1571 395 1658 προσόντα
417 1571 513 1660 παρὰ
527 1577 588 1638 τῶν
606 1574 775 1660 ἱερατικοῖν
791 1577 899 1639 δίκαια
920 1579 957 1663 τῇ
974 1574 1096 1661 μεγάλη
1117 1577 1263 1662 ἐκκλησίρι
1281 1599 1338 1638 κα·

235 1679 357 1759 erepet,
384 1681 439 1741 καί
467 1675 587 1741 τούτων
614 1676 779 1758 α’λλοιριοϊ
794 1677 979 1742 παντάπασι
1012 1674 1047 1742 ιὸ
1069 1674 1236 1757 παλοίτιον,
1257 1673 1337 1740 (ἐστε

235 1775 310 1860 μήτ’
328 1779 382 1841 ἐπὶ
403 1781 460 1861 τῆς
483 1777 660 1858 οἰκονομίας
679 1777 759 1863 μήτε
786 1781 842 1861 τῆς
863 1782 923 1842 τῶν
952 1775 1047 1864 ἱεροῦν
1069 1782 1238 1862 κειμηλίων
1260 1799 1338 1861 προ-

236 1879 323 1951 νοίας
352 1883 407 1942 καί
441 1879 634 1960 προστασίας
666 1876 753 1960 παροὶ
783 1884 940 1961 βασιλέως
966 1875 1035 1944 τινοὶ
1064 1880 1337 1965 προχειρίζεσθαι,
1350 1888 1383 1941 15

238 1973 319 2038 ἄλλα
340 1979 394 2059 τῆς
411 1983 466 2041 τοῦ
489 1979 690 2098 πατριάρχορ
706 1979 852 2054 ἐξουσίας
873 1982 1035 2062 ἠρτῆσθαι
1056 1982 1112 2042 καί
1129 1978 1186 2061 την
1206 1982 1338 2061 προχεί-

239 2097 324 2159 ρισιν
346 2099 408 2140 των
430 2074 606 2160 προσοίπων
627 2076 683 2140 καί
702 2103 757 2160 την
785 2104 848 2142 των
872 2076 1065 2203 πραγμάτων
1090 2081 1253 2162 διοίκησιν

237 2278 301 2342 τῶν
329 2275 546 2358 ἀναλωμάτων
582 2279 640 2359 τῆς
671 2280 838 2360 βασιλείας
870 2304 922 2343 και
959 2280 1017 2343 τοῦ
1059 2279 1250 2362 ὄψωνισμοιῖ
1278 2286 1339 2346 τῶν

238 2379 443 2461 στρατιωτῶν
465 2380 609 2459 μέγεθος,
632 2381 687 2442 καί
707 2377 749 2453 οἷς
772 2379 902 2459 πόλεμοι
924 2376 1025 2470 τούτῳ
1057 2382 1237 2465 πρόκεινται
1259 2388 1381 2445 πολ-20

240 2475 297 2562 tto
320 2478 464 2563 δαπάνην
485 2481 669 2562 ἐφέλκοντες
700 2478 752 2543 διαὶ
784 2478 818 2542 st
848 2476 923 2557 τούς
953 2483 1112 2556 ἐναντίους
1144 2486 1335 2566 κατισχῦσαι

238 2579 292 2643 καί
311 2576 513 2674 πανταχόθεν
529 2577 779 2664 κατεπαίροοθαι
795 2584 859 2646 τῶν
875 2577 1051 2663 Ῥωμαίων.
1096 2585 1150 2648 καί
1165 2583 1350 2668 χρημάτων·

240 2679 369 2744 δεῖσθαι
400 2677 570 2764 σκοπήοας,
603 2683 658 2744 καί
677 2678 735 2764 τὴν
756 2681 878 2746 τούτων
911 2681 1075 2768 εὐπορίαν
1095 2688 1243 2769 πλείστην
1264 2678 1338 2768 ὅσην

260 2885 264 2889 .
311 2832 351 2884 16·
371 2836 559 2906 προχείρησιν
579 2834 609 2889 (λ

244 3007 448 3075 imperatorem,
476 3017 502 3060 et
522 3007 611 3092 gladio
637 3015 736 3060 tantum
761 3009 899 3077 imperium
919 3010 1049 3079 potuisset
1066 3009 1117 3062 sibi
1135 3011 1292 3078 accingere:
1311 3012 1338 3062 in

241 3079 365 3131 columna
386 3080 538 3132 inscribitur
559 3081 635 3132 etiam
653 3080 778 3132 nudatum
796 3081 896 3134 babens
917 3083 1032 3165 gladium
1051 3099 1067 3134 a
1085 3098 1175 3145 censu,
1188 3091 1214 3133 et
1232 3084 1269 3134 ita
1287 3084 1338 3133 im.

240 3147 343 3218 perium
364 3159 390 3201 et
410 3155 466 3204 eius
485 3167 528 3202 res
548 3153 658 3219 insipit:
680 3153 773 3220 amplis
791 3155 873 3222 igitur
885 3170 950 3218 eos,
970 3156 1014 3222 qui
1034 3155 1059 3202 ei
1080 3153 1200 3204 auxiliati
1221 3163 1295 3204 erant
1314 3163 1340 3204 et

240 3239 299 3274 oum
322 3236 354 3272 eo
376 3231 543 3276 certaverant
563 3224 593 3274 ad
613 3239 667 3274 rem
686 3224 755 3276 beno
775 3227 918 3292 gerendam
938 3239 1033 3274 ornans
1053 3224 1208 3286 honoribus,
1229 3233 1256 3274 et
1274 3240 1338 3290 pro-

241 3302 377 3344 curatores
402 3293 468 3344 mul
458 3303 499 3345 os
525 3294 691 3359 publicorum
717 3299 859 3347 instituens
885 3303 1084 3355 conventuum,
1114 3295 1151 3342 ita
1177 3296 1255 3343 etiam
1284 3312 1339 3346 rem

239 3363 372 3431 publicam
398 3373 458 3430 apto
486 3365 587 3417 honore
613 3368 751 3435 dignatur:
771 3377 831 3419 anto
850 3376 953 3416 eeteros
973 3371 1060 3413 autem
1079 3363 1188 3414 multum
1209 3366 1270 3430 quid
1288 3369 1340 3416 tri.

162 3471 163 3474 λ
237 3436 322 3487 buens
341 3439 510 3488 reverentiae
529 3439 703 3505 patriarchae,
724 3453 859 3506 aequone
878 3443 978 3503 patrem
992 3433 1138 3486 honorabat
1158 3451 1225 3498 eum,
1237 3444 1264 3485 et
1283 3439 1339 3489 eius

239 3507 337 3560 aflines
359 3511 464 3560 summis
490 3511 661 3594 dignitatibus
688 3518 714 3560 et
731 3510 811 3560 rebus
837 3507 955 3559 illustres
980 3507 1111 3570 reddens,
1142 3514 1169 3557 et
1194 3523 1261 3574 quae
1281 3509 1337 3574 regi

240 3583 309 3631 iusta
329 3589 419 3632 essent
442 3597 474 3631 ex
493 3583 574 3632 saeris
594 3584 662 3633 iusta
682 3597 793 3648 magnae
814 3580 947 3632 ecclesiae
967 3580 1087 3642 dedicat,
1107 3587 1186 3646 atque
1208 3578 1248 3630 his
1268 3578 1337 3629 alie.

238 3659 283 3702 nat
302 3651 468 3718 palatiumt
448 3654 484 3704 ita
504 3663 533 3704 ut
551 3669 639 3721 neque
659 3655 686 3704 in
705 3655 934 3704 administratione
951 3669 1040 3736 neque
1059 3651 1227 3717 providentia
1246 3665 1337 3701 sacro.

240 3738 296 3774 rum
325 3723 509 3775 thesaurorum
539 3735 565 3775 et
589 3726 784 3793 gubernatione
810 3742 843 3776 ex
867 3726 950 3791 regiis
971 3726 1107 3792 quisquam
1128 3722 1178 3770 hoo
1196 3730 1335 3784 tractaret,

240 3795 287 3844 sed
307 3809 340 3844 ex
358 3797 525 3860 patriarchae
539 3803 672 3863 potestate
686 3799 815 3862 penderet
835 3804 862 3846 et
881 3797 981 3846 creatio
998 3806 1169 3881 personarum
1189 3794 1336 3862 etadmini-

239 3865 330 3914 stratio
350 3881 446 3918 rerum

346 3935 379 3987 Et
398 3947 535 4006 postquam
563 3941 700 3991 constituit
726 3940 864 4006 imperium
884 3943 986 4003 spectat
1000 3936 1079 3987 etiam
1097 3946 1197 3989 sumtus
1216 3937 1293 4005 regni
1312 3942 1338 3986 et

240 4005 431 4071 stipendiorum
450 4011 562 4061 militum
582 4010 798 4080 magnitudinem,
811 4017 838 4058 et
854 4007 926 4058 bella
946 4006 1118 4058 huicinstare
1136 4008 1246 4058 multum
1265 4023 1336 4059 snm-

239 4084 294 4126 tum
313 4079 465 4143 moventia,
487 4083 557 4150 quod
578 4082 668 4134 hostes
691 4081 774 4133 validi
794 4088 883 4131 essent
901 4080 1060 4146 standique
1079 4087 1252 4147 assurgerent
1271 4095 1335 4130 con-

241 4155 282 4197 tra
302 4147 435 4212 Graecos,
464 4169 563 4221 eosque
584 4153 752 4205 facultatibus
773 4166 865 4202 carere
884 4151 1096 4201 animadvertens
1117 4159 1144 4200 et
1164 4151 1283 4202 horum'
1276 4165 1334 4200 mo-
1412 4210 1416 4216 ,

245 4219 314 4285 piam
340 4221 475 4274 maximam
501 4224 683 4276 inevitabilem
708 4232 848 4293 reputans,
874 4223 965 4291 gravis
995 4223 1078 4274 laetus
1107 4231 1147 4273 est
1166 4222 1335 4291 vectigalium
