3017 4892
258 328 329 400 ιιε
479 368 482 371 -
545 328 767 401 uncrinus
796 328 1055 401 imminuis
1114 313 1120 327 ‘

252 496 320 559 σεόν
340 492 574 577 στρατιωτικῶν
592 496 798 578 παρατάξεων
821 488 876 577 (ήν
898 497 934 559 δὲ
946 498 1002 559 κατ’
1017 496 1110 569 τόπος
1132 472 1249 579 ρόακος
1272 495 1368 574 τόξιν

254 596 397 678 όιιὲχων,
420 598 454 673 ἐξ
477 587 629 680 ἑκατέρου
649 597 770 676 μόρους
791 580 917 677 βουνοῖς
939 594 1165 677 συνεχόμενος,
1187 596 1248 681 εἶφ’
1271 586 1320 661 ιδν
1344 596 1364 661 ὅ

256 692 424 779 α’ριστερός
458 692 536 769 τοός
564 697 734 775 πολεμίους
771 688 856 778 εἶχεν
884 698 934 759 ἐπ’
961 694 1140 787 α’κριρρεόας
1168 694 1364 778 ἱσταμένους

253 792 335 859 durni
354 792 390 859 τό
414 795 585 881 α’σφαλός),
609 798 667 859 τοῦ
674 819 707 859 τε
728 798 841 860 λοιποῦ
863 796 1007 880 πλήθους
1027 794 1101 879 περὶ
1121 796 1178 879 τήν
1200 794 1364 861 ἀπόθεσιν

253 898 316 962 τεόν
337 899 506 982 φορτηγῶν
531 896 620 975 ζώων
641 896 860 981 ήσχολημόνου
871 944 881 973 ,
914 898 1040 979 καὶτῆς
1070 895 1223 979 οόραγιάς
1242 900 1393 983 ἑφετο-5

253 1001 349 1081 μόνης
363 1000 426 1061 ’κατ’
446 993 713 1081 α’ντιπολιμοόσης
734 1006 799 1071 τοῖς
820 998 1048 1080 όαεμβαόνονσι
1067 998 1132 1061 τῶν
1154 1000 1364 1081 Εαρακηνοόν,

247 1093 388 1181 Ἀραβες
419 1094 478 1161 δύο
506 1098 661 1172 λαθόντες
681 1095 814 1161 κατόπιν
839 1100 894 1181 τής
916 1098 1111 1183 όκρωρειόις,
1134 1099 1189 1161 κατ’
1206 1095 1281 1175 τεός
1296 1097 1364 1178 ,ἴπ-

255 1221 334 1275 πους
356 1195 419 1261 dud
450 1194 598 1283 ῥυτήρων
629 1197 815 1283 ἐλάσαντες,
846 1200 895 1263 ἐπ’
936 1192 1036 1283 ἄκρου
1070 1202 1127 1282 εής
1154 1201 1364 1283 παρεμβολῆς

255 1296 423 1383 όφορμιόσι
435 1345 446 1375 ,
467 1296 523 1363 κατ’
545 1297 602 1361 δόο
624 1301 687 1361 ταῖν
709 1302 813 1377 πεζοόν
839 1306 909 1374 ταῖς
931 1298 1061 1381 λόγχαις
1082 1298 1273 1383 α’ναιροόσιν
1288 1297 1364 1363 Δειδ-

255 1398 327 1463 τιόν.
369 1393 426 1473 οός
455 1396 472 1461 ό
500 1397 652 1480 βασιλεός
685 1400 810 1479 πρῶτος
829 1402 892 1479 τοῖν
913 1402 1031 1464 λοιπιόν
1052 1397 1273 1479 θεασόμενος,
1307 1399 1366 1463 καί
1376 1418 1410 1471 10

256 1498 349 1586 φωνή
370 1495 596 1583 καταμηνόσας
624 1498 682 1580 τήν
705 1496 841 1583 ἔφοδον,
876 1502 1062 1585 διανόστησε
1080 1502 1140 1582 μὲν
1162 1495 1237 1573 τοός
1260 1524 1364 1581 στρα-

255 1596 371 1673 τιοότας
404 1601 451 1673 εἰς
473 1600 592 1679 δίωξιν,
615 1596 647 1661 οἳ
672 1600 707 1662 δὲ
730 1599 914 1683 φθάσαντες
931 1596 1069 1688 ’ἐξαισίῳ
1093 1598 1204 1688 δρόμῳ
1225 1599 1288 1663 τῶν
1309 1599 1365 1663 ἳπ-

256 1724 325 1764 πων
345 1702 393 1775 εἰς
412 1697 448 1763 τό
474 1696 588 1764 οῐκεῑον
607 1700 820 1783 στρατόπεδον
842 1698 1061 1785 ἀνεσώθησαν.

361 1798 439 1864 Τότε
469 1801 529 1879 μὲν
563 1792 625 1875 ου’ν,
642 1798 973 1885 διανυκτερεόσαντες,
990 1800 1047 1863 οὐκ
1075 1799 1221 1886 α’μοιχητό
1240 1808 1364 1887 (περιε.

256 1900 398 1983 βόμβουν
418 1896 479 1983 χόρ
500 1895 620 1976 ἔξωθεν
642 1896 777 1975 όλακαῖς
805 1898 940 1985 α’σήμοις
964 1898 994 1965 οἱ
1008 1893 1173 1989 Ἄραβες),
1195 1905 1236 1989 τῇ
1259 1903 1364 1967 ε’παό-
1374 1914 1408 1967 15

258 2022 327 2084 ριον
353 1993 486 2083 ἄραντες
513 2002 558 2073 εἰς
589 1999 645 2083 τήν
661 1996 840 2085 Ῥωμαϊκήν
873 1998 1069 2083 ἐπεβάλομεν
1088 2004 1170 2085 χήν,
1199 1998 1285 2068 οότω
1303 2006 1366 2083 μὲν

230 2092 459 2183 λτυιιουμόνην
492 2100 526 2161 ἐκ
544 2104 609 2163 τῶν
629 2097 747 2182 όρόων,
773 2106 1102 2186 προκατειργασμόνην
1135 2105 1171 2168 δό
1198 2102 1252 2167 κατ’
1280 2103 1364 2167 οἶνό-

258 2220 375 2265 στατον
396 2191 505 2275 οὖσαν,
528 2201 558 2262 εἰ
576 2199 661 2281 τόχα
683 2204 739 2264 κατ’
767 2200 926 2287 α’χαθότης
948 2196 986 2284 ήν
1016 2200 1072 2266 κατ’
1088 2204 1234 2285 χρήματι
1253 2205 1364 2267 καλλό..

167 2358 189 2389 a
258 2323 321 2389 στιρ
342 2296 398 2363 κατ’
418 2302 555 2389 μεχόστρι
589 2303 653 2363 τοῖν
675 2324 710 2364 τε
731 2294 836 2367 ἄλλων
846 2306 910 2379 ,καί
937 2302 1043 2366 ου’τοόν
1072 2306 1133 2365 τιόν
1156 2304 1271 2382 ἐλεινήν
1289 2306 1365 2385 βρό-

258 2407 388 2479 θουσα,
416 2401 498 2483 πλήν
529 2402 560 2465 εἰ
579 2402 688 2485 μήπου
710 2402 869 2487 προϊόντες
894 2400 1096 2489 κριχσφόχετό
1126 2424 1197 2467 τινα
1217 2402 1413 2486 εόρίσκο-νο

259 2526 336 2587 μιν,
357 2499 548 2587 βραχύτατοί
571 2528 644 2567 τινα
670 2507 885 2589 συντηροῦντοι
900 2507 955 2587 τῆς
978 2504 1085 2589 χιόρας
1107 2501 1225 2590 ἐκείνης
1250 2502 1367 2585 ἐπόμο-
1501 2498 1502 2521 ³

260 2628 301 2668 να
321 2607 470 2686 λείψανα.
515 2606 693 2679 διελθόντες
721 2598 781 2669 οόν
799 2606 962 2682 τοιούτους
985 2603 1100 2680 τόπους
1121 2604 1258 2681 πολλοὺς
1280 2602 1362 2669 sets*

260 2708 321 2768 coti
337 2704 459 2790 Ἀρτόχ
481 2707 680 2787 όβαδιζομεν.
724 2706 758 2775 τό
784 2708 819 2771 δὲ
850 2710 996 2771 τοιοῦτον
1020 2705 1153 2793 κόστρυν
1174 2704 1243 2773 ἐστι’
1263 2730 1364 2790 στρατ-

332 2857 359 2909 5.
381 2857 575 2931 suscepisse?
591 2860 725 2927 interpres
743 2860 933 2933 ἐφεπόμενος·
1054 2858 1098 2913 20.
1120 2858 1311 2934 εόρισιόμενα
1331 2859 1361 2925 0,

288 2994 295 2997 ᾖ
332 2926 503 3003 εὑρίσκομεν
518 2934 567 2985 καλ
584 2932 727 2998 interpres.
827 2932 871 2985 21.
890 2946 970 2991 τινας
989 2930 1019 2985 Ο.

745 3008 770 3051 Ι

260 3076 363 3129 tinebat
380 3084 469 3128 sutem
488 3079 567 3130 etiem
586 3078 662 3131 locus
680 3078 808 3129 torrentis
827 3056 950 3145 sentium,
970 3078 1003 3129 ab
1022 3085 1134 3145 utraque
1153 3085 1229 3145 purte
1248 3074 1363 3129 collibus

261 3148 447 3213 circumdatus,
466 3164 482 3200 a
501 3150 596 3217 quibus
614 3150 749 3203 sinistrum
770 3164 851 3202 cornu
871 3150 962 3202 hostes
982 3149 1097 3202 habebat
1117 3151 1145 3199 in
1164 3150 1268 3203 vertice
1289 3158 1363 3201 sten-

260 3228 302 3271 tcs
320 3220 348 3269 in
367 3226 424 3269 tuto
443 3252 477 3262 -
498 3230 525 3271 et
543 3222 604 3271 dum
622 3220 728 3288 reliqua
744 3220 884 3281 multitudo
905 3223 978 3273 circa
997 3220 1162 3289 expedienda
1180 3222 1299 3273 iumenta
1314 3236 1363 3271 oc.

232 3354 238 3361 Ι
261 3295 357 3355 cuneta
376 3297 417 3340 est
435 3298 462 3340 et
479 3290 567 3342 ultimi
586 3299 613 3341 et
631 3291 733 3343 bellant
751 3301 844 3343 contra
862 3294 1010 3345 incidentes
1022 3294 1181 3357 Saracenos,
1191 3292 1294 3345 Arabes
1311 3292 1363 3343 duo

261 3367 324 3425 post
341 3361 470 3411 verticem
489 3359 603 3433 latentes
624 3372 650 3413 et
676 3378 758 3431 equos
783 3366 901 3418 remissis
927 3366 1011 3417 irenis
1036 3365 1188 3415 incitantes¹
1206 3364 1238 3414 ad
1265 3378 1365 3414 summa

262 3438 350 3481 castra
367 3432 545 3484 contendunt:
565 3442 592 3484 et
611 3433 676 3487 duos
696 3437 799 3500 pedites
820 3436 922 3489 lanceis
950 3436 1115 3488 interficiunt
1146 3450 1252 3500 eornm,
1279 3449 1362 3502 quos.

262 3502 369 3568 quidem
385 3516 436 3554 rex
455 3505 555 3570 primus
572 3504 737 3573 reliquorum
757 3509 852 3561 videns
878 3517 905 3560 ct
922 3523 991 3560 voce
1011 3508 1132 3559 indicans
1150 3508 1292 3573 impetum,
1320 3506 1364 3556 di-

262 3573 329 3625 vidit
346 3572 446 3627 milites
469 3576 502 3626 sd
525 3579 750 3640 persecutionem.
794 3580 837 3631 illi
861 3588 950 3632 autem
975 3578 1134 3649 effugientes
1160 3576 1265 3645 ing‘enti
1284 3592 1363 3631 cursu

263 3660 392 3713 equorum
410 3646 443 3698 ad
461 3663 509 3700 sua
528 3655 615 3699 castra
642 3651 743 3703 servati
769 3659 838 3705 sunt.

361 3734 425 3786 Tum
454 3737 537 3805 igitur
554 3747 661 3790 noctem
685 3740 814 3809 degentes
841 3756 895 3793 non
918 3741 977 3793 sine
1000 3756 1099 3809 pugna,
1126 3772 1160 3782 -
1183 3740 1363 3792 circumsona-

207 3867 209 3870 ,
242 3808 326 3867 'bunt
353 3807 422 3857 enim
451 3810 616 3864 extrinsecus
645 3811 785 3865 latratibus
804 3812 913 3865 incertis
932 3813 1034 3865 Arabes
1068 3845 1102 3854 -
1137 3829 1215 3865 mane
1250 3811 1364 3879 proiecti

262 3880 291 3927 in
321 3877 447 3929 Graecam
474 3880 613 3935 incidimus
646 3892 743 3936 terram
769 3886 825 3935 ite-
838 3884 975 3936 formatam
1002 3885 1146 3938 secundum
1180 3886 1263 3947 lines,
1299 3897 1365 3933 con-

263 3949 362 3998 lectam
395 3956 589 4002 inclementes
620 3964 646 4006 et
675 3956 822 4017 desertam,
857 3955 935 4004 etiam
970 3958 992 4008 si
1024 3958 1095 4008 forte
1121 3957 1184 4008 boni
1218 3957 1280 4023 quid
1310 3960 1367 4004 emt

264 4026 292 4068 et
321 4032 351 4066 re
386 4019 565 4083 pulcherrima
595 4035 621 4076 ct
648 4029 760 4078 maxims
798 4034 824 4076 et
859 4033 1006 4079 ceterarum
1041 4037 1067 4078 et
1105 4028 1221 4095 ipsarum
1247 4026 1366 4077 olearum

264 4088 363 4155 plena,
388 4092 441 4141 nisi
469 4089 560 4158 quiid,
588 4097 663 4149 nullu
692 4099 753 4149 loco
781 4096 958 4163 procedentes
992 4099 1109 4151 latebras
1135 4100 1287 4151 invenimus·
1320 4093 1366 4146 vel

263 4160 384 4244 minimus
418 4171 556 4217 servantes
595 4177 684 4221 terrae
711 4168 784 4220 illius
805 4177 973 4223 remanentes
1007 4171 1146 4239 reliquias.
1200 4168 1366 4238 pervenien-

263 4240 305 4285 tes
327 4238 408 4299 igitur
427 4233 492 4288 tulin
514 4234 575 4289 loca
599 4241 681 4293 mults
706 4247 814 4293 eccntm
845 4240 991 4296 atdrusun
1022 4242 1266 4310 proficiscebamur.
1313 4238 1366 4291 lmc
