3017 4892
292 321 367 402 286
431 387 441 404 .
587 323 806 399 monimo
832 321 1091 400 immorata

288 494 438 570 α’πονοίας
458 494 624 579 σφαλῆναι
641 493 718 574 περί
736 490 774 555 τό
799 487 1009 572 καιριώτατα.
1058 482 1098 570 ἦν
1124 492 1164 556 δὲ
1192 487 1219 552 ὅ
1252 489 1442 572 Βρυέννισς

288 597 405 669 ἐκεῖνος
427 592 445 657 ό
468 592 642 678 poeniteri
665 591 854 675 μεγάλαυχα
876 591 932 656 καί
952 593 1080 676 κινῆσαι
1100 589 1161 672 τὴν
1187 593 1272 672 γῆν
1302 592 1366 651 καί
1385 589 1439 669 την

153 725 177 774 ’,
285 692 452 760 θάλασσαν
486 692 638 758 άπειλιύν.
698 693 809 774 άμὲλει
830 715 880 756 τοι
915 693 972 755 καί
1005 689 1432 774 καταστρατηγηθείςιιῇ

286 794 382 879 θυμῷ
404 795 459 876 τῆς
480 793 772 876 Ἀδριιινουπόλιως
794 789 891 868 ἔξεισι
903 788 965 862 σόν
985 794 1086 878 πολλῇ
1105 791 1146 877 τῇ
1158 795 1233 878 βοῇ
1250 790 1326 852 καί
1344 787 1431 864 ἐξάλ-

286 915 374 974 ματι,
397 896 453 958 καί
471 891 528 969 τάς
551 892 703 974 δυνάμεις
728 893 861 971 ἐκτάξας
880 891 961 958 κατά
984 895 1044 957 τού
1060 896 1235 974 βασιλέως
1268 864 1464 968 θυμομα-ᾶέ

287 995 355 1074 χιόν
383 988 561 1078 ἐπορεύετο.
617 989 755 1067 ἀκούσας
788 993 825 1056 dd
855 996 930 1078 περί
957 991 1078 1058 τούτων
1113 990 1133 1054 ό
1161 987 1353 1073 βασιλεύς
1378 992 1422 1070 τῆς
1462 966 1464 1053 ό

287 1086 440 1173 daonium
468 1091 564 1158 αὐτόν
594 1090 758 1171 ἐταλόνιζε
786 1092 841 1157 καί
863 1097 922 1157 τού
949 1091 1074 1167 πάθους
1104 1078 1252 1179 ᾤκτειρε
1265 1140 1278 1172 ,
1306 1091 1370 1152 καί
1383 1089 1417 1162 άς

285 1191 440 1278 μεμηνότι
463 1193 519 1259 καί
537 1197 783 1278 κορυβαντιῶντι
813 1197 928 1279 σοφάς
955 1193 1126 1279 φάρμακον
1148 1194 1262 1276 ἐπῆγε
1290 1194 1355 1274 τῆς
1373 1191 1418 1254 τό·

286 1315 345 1356 σου
370 1291 586 1378 άλεξητηρισν.
630 1297 665 1356 τί
683 1295 837 1358 δὲταῦτα
857 1287 914 1377 η’νς
936 1293 1026 1379 τρίτη
1038 1296 1196 1377 πρεσβεία
1218 1292 1296 1374 τὴν
1317 1289 1415 1374 ὄρμῆι
1453 1292 1454 1313 ’

246 1425 251 1434 =
288 1393 347 1456 τοῦ
368 1399 509 1474 πολέμου
532 1393 741 1478 ἀπείργουσα.
785 1400 933 1483 πέπομφε
951 1395 1013 1479 γάρ
1036 1393 1091 1458 ἕνα
1111 1397 1176 1459 τιόν
1201 1389 1436 1459 νιτστστάτσιιι
1451 1392 1455 1477 i

287 1495 393 1582 αύτῷ,
423 1495 478 1559 κατ’
497 1497 596 1568 εἰπεῖν
626 1499 682 1560 καί
702 1497 836 1561 duodone
869 1494 1130 1576 πεπαιδευμένον,
1153 1495 1213 1560 καί
1233 1496 1413 1576 πεῖρανέτ
1451 1502 1454 1571 i

286 1602 353 1671 τοῖς
374 1593 528 1672 τοιούτοις
554 1593 589 1660 ἐκ
618 1599 760 1672 πλείονος
786 1594 917 1679 ἔχοντα,
943 1594 1105 1677 Ῥαμανόν
1133 1591 1410 1680 πρωτσπρόεόρυι
1451 1602 1455 1669 i

242 1703 251 1728 s
286 1697 342 1764 ιιαί
358 1701 458 1780 μέγαν
477 1690 711 1781 ἐταιρειάρχην.
765 1693 802 1772 ὃς
824 1702 880 1763 κατ’
901 1699 1132 1785 ἀφικνούμενος
1159 1688 1251 1778 πρός
1277 1694 1341 1761 τόν
1359 1693 1406 1760 τό·
1450 1704 1453 1765 i

288 1819 401 1882 ρανιον
422 1796 480 1860 σύκ
501 1795 599 1873 εόθός
624 1802 742 1884 ἐδέχθη
764 1798 809 1874 σός
828 1801 863 1864 ἐκ
875 1802 1032 1882 βασιλέως
1048 1795 1341 1879 ἀποστελλόμενος
1361 1801 1406 1860 καί
1450 1804 1454 1875 i

285 1897 379 1981 λόγου
403 1898 525 1986 ἤξιιόθη
547 1897 629 1966 κατά
650 1899 685 1964 τό
698 1897 847 1985 σύνηθες
868 1909 933 1975 τοῖς
954 1903 1219 1984 προνοουμένοις
1242 1905 1331 1982 περιΙ
1351 1896 1426 1972 adeo
1450 1904 1451 1953 i

285 1995 467 2084 ύιιαίθρους
499 1999 636 2086 σκηνάς,
667 2002 736 2066 ἀλλ’
758 2004 793 2066 ἐκ
817 1999 1039 2085 διαστήματος
1055 1996 1178 2083 ἡμέρας
1203 2003 1274 2064 τοῦ
1297 1999 1401 2087 πρόσει

207 2145 209 2150 -
284 2103 429 2182 βαδίζειν
462 2100 617 2178 κωλυθείς
645 2104 718 2182 μεθ’
747 2101 868 2187 ἡμέρας
894 2099 982 2176 τινός
1001 2103 1216 2187 μετεπέμφθη
1247 2100 1335 2184 πρὸς
1352 2098 1401 2184 την

285 2197 448 2285 ἐρώτησιν.
492 2198 611 2277 ἔξωθεν
631 2204 666 2266 dd
689 2205 858 2283 δεξάμενος
879 2204 991 2268 τούτου
1017 2200 1156 2289 ἔφιππος
1177 2203 1196 2265 ό
1221 2206 1398 2287 Βρυέννιος

1223 2327 1305 2388 ινφ
1337 2327 1396 2368 ⁰2²·

235 2447 236 2452 ι
284 2397 339 2466 τόν
370 2401 686 2487 κατειρωνευόμενον.
740 2406 852 2490 μηκέτι
884 2408 920 2470 δέ
947 2404 1004 2481 τός
1037 2404 1201 2490 συνθήκας
1223 2402 1423 2486 δεξάμενοςτλ

286 2500 408 2583 ιίείμως
428 2506 538 2569 τοῦτον
560 2505 759 2588 α’πέπεμψεν,
781 2502 857 2587 όπερ
881 2510 950 2572 oo'd’
971 2509 1018 2582 εἰς
1042 2505 1204 2590 ἐθνάρχου
1223 2504 1292 2571 ταῖν
1312 2505 1393 2570 τότε·

284 2607 443 2690 λεστέριον
464 2609 722 2689 πρέσβυννόμος
743 2615 811 2683 τοῖς
830 2601 958 2694 άληθῶς
971 2611 1140 2691 βασιλεῦσι
1162 2617 1288 2672 ποιεῖν·
1308 2605 1392 2688 ἱερόν

283 2699 345 2788 γάρ
363 2707 457 2788 σῶμα
479 2706 496 2770 ό
519 2709 659 2792 πρέσβυς
681 2709 871 2795 λελόγισται,
892 2703 945 2776 σία
969 2718 1034 2785 τοῖς
1054 2709 1242 2794 ἀντιθέτοις,
1264 2712 1390 2792 μεσίτης

285 3017 339 3062 tem
358 3009 511 3078 Bryenniut
533 3012 583 3066 iilo
610 3015 654 3084 qui
673 3017 788 3084 spiraret
815 3017 930 3085 superba
956 3026 984 3069 et
1006 3030 1119 3072 movere
1147 3025 1245 3069 terram
1271 3025 1298 3069 et
1320 3031 1388 3069 mare

286 3083 450 3136 minaretur:
470 3089 558 3137 tamen
577 3087 666 3139 victua
691 3089 779 3140 animo
798 3089 972 3157 Adrianopoii
1000 3090 1135 3157 egreditur
1153 3103 1214 3140 curn
1232 3087 1314 3141 multo
1333 3089 1387 3140 ela.

286 3168 361 3205 more
381 3164 409 3207 et
426 3154 506 3222 saltn,
526 3165 606 3225 atque
625 3159 698 3211 vireo
717 3161 853 3213 instruent
877 3170 968 3213 eontra
990 3177 1082 3230 regem
1107 3161 1214 3213 fortiter
1233 3162 1385 3227 proficisce-

284 3224 377 3277 batur:
398 3228 508 3280 audiens
528 3238 615 3279 autem
635 3229 701 3280 baec
719 3245 769 3281 rex
797 3239 907 3298 propter
925 3233 1175 3284 inconsiderantiam
1207 3239 1234 3284 et
1249 3232 1383 3299 perturba-

284 3297 386 3345 tionem
407 3313 466 3348 eum
484 3299 661 3351 miserabatur
681 3308 761 3368 atque
780 3310 809 3353 ut
828 3304 927 3356 furenti
947 3313 974 3355 et
994 3312 1067 3355 certe
1086 3302 1381 3370 perturbatoGorybnn.

285 3373 340 3417 tnm
360 3367 443 3418 instar
462 3369 607 3420 remedium
626 3370 768 3422 adhibebat
786 3375 905 3426 morbum
924 3392 1027 3429 arcens.
1066 3376 1128 3443 quid
1148 3374 1200 3425 boe
1220 3373 1294 3426 erat?
1310 3375 1381 3426 tertir

284 3436 386 3506 legatio
406 3439 533 3506 impetum
551 3439 618 3492 beili
646 3444 776 3496 retinens.
814 3447 887 3498 misit
913 3449 981 3500 enim
1010 3446 1139 3516 quendam
1159 3447 1340 3500 fidissimorum
1357 3453 1379 3495 et

286 3509 318 3560 ad
335 3510 476 3563 dicendum
490 3511 701 3582 audiendumque
717 3516 857 3575 educatum
873 3526 899 3569 et
914 3520 1106 3586 experientiam
1123 3518 1151 3568 iu
1168 3517 1266 3570 talibus
1276 3518 1378 3569 maxine

285 3579 427 3633 habentem
447 3582 593 3636 Romanum
619 3587 731 3652 primum
755 3589 905 3654 praesidem
929 3599 956 3641 et
981 3605 1105 3657 magnum
1130 3589 1254 3641 factionis
1278 3589 1376 3640 ducem:

286 3651 332 3720 qui
351 3655 456 3721 qnidam
476 3654 622 3708 adveniens
638 3658 671 3710 nd
690 3666 841 3725 tyrannum,
860 3675 914 3712 non
929 3664 1015 3713 statim
1034 3667 1161 3727 acceptos
1174 3669 1224 3725 eet,
1243 3667 1272 3710 nt
1287 3676 1302 3711 τ
1318 3671 1376 3726 rege
1464 3682 1465 3687 =

284 3725 391 3792 mirans,
410 3741 500 3796 neque
521 3727 659 3796 colloquio
679 3732 775 3798 dignus
794 3741 834 3783 est
864 3731 969 3784 babitus
989 3749 1023 3784 ex
1041 3747 1114 3784 more
1133 3731 1297 3783 militantium
1312 3733 1376 3781 eirea

285 3803 377 3860 aperta
395 3799 520 3863 tentoria,
543 3800 588 3851 aed
608 3816 623 3850 e
642 3804 729 3868 spatio
747 3803 801 3854 diei
824 3806 964 3871 quominus
982 3805 1142 3871 procederet
1161 3804 1305 3870 impeditor,
1323 3802 1375 3852 die.

284 3863 333 3918 bae
354 3871 492 3922 nonnullis
512 3879 573 3938 post
591 3875 735 3924 arcessitus
755 3875 847 3925 estad
870 3876 1118 3943 interrogationem.
1156 3876 1314 3926 extrinsecus
1331 3887 1374 3922 aa.

284 3943 338 3986 tem
357 3943 493 4008 accipiens
513 3941 584 3993 hune
614 3958 695 4011 aquea
715 3943 868 4010 Brpeuniaa
893 3947 1008 4013 peditem
1037 3948 1106 3999 vidit
1132 3947 1159 3997 in
1179 3946 1373 3998 uentibueetm-

284 4013 362 4090 ‘im'
391 4019 418 4060 et
438 4014 469 4066 ab
490 4013 523 4065 iio
542 4014 587 4082 qui
607 4017 677 4066 circa
698 4029 758 4065 eum
778 4023 869 4081 erant,
889 4018 1026 4072 delusum:
1044 4033 1132 4085 neque
1152 4019 1204 4069 iam
1213 4024 1294 4086 pacta
1308 4015 1373 4066 arei-

285 4091 366 4146 prene
385 4085 498 4147 turpiter
526 4084 597 4136 hune
622 4086 736 4138 dimisit:
762 4089 789 4139 id
808 4088 879 4156 quod
906 4104 941 4139 ne
960 4090 988 4140 in
1015 4090 1122 4142 vilioria
1141 4089 1246 4157 quidem
1263 4087 1373 4155 principia

285 4147 404 4218 legatum
425 4155 606 4208 committendi
627 4173 684 4210 moe
705 4167 745 4210 eat
764 4175 829 4211 rere
848 4161 1037 4227 regnantibnra
1067 4169 1184 4214 ranetam
1208 4163 1273 4212 enim
1290 4169 1372 4224 eorpat

283 4217 393 4295 λεςιιιιιε
418 4221 549 4291 babetur,
570 4234 695 4298 tauquam
713 4231 815 4285 medina
834 4231 904 4283 inter
924 4235 1077 4300 oppositos,
1096 4240 1125 4285 et
1141 4245 1235 4302 paoem
1252 4230 1332 4284 forem
1349 4233 1373 4280 at
