3017 4892
434 367 488 382 -·
560 336 833 406 vammum·
906 278 964 292 '¹
1138 329 1218 456 tte

79 513 297 595 κομίσαντες
324 509 445 576 πλοῦν·
488 506 543 571 καί
573 502 607 567 τό
631 499 794 583 βασιλειον
815 499 958 590 διάδημα
986 507 1021 572 le
1040 512 1133 588 θείας
1152 514 1219 597 χό-

81 639 193 704 ριτος
217 609 442 696 ἀπεβραβεόδη
453 631 522 690 μοι,
546 608 601 669 ιιαί
621 603 641 688 ἦ
663 607 719 666 τοῦ
747 605 827 666 θεοῦ
846 611 949 686 κρίσις
971 601 1033 693 ἤδη
1053 610 1105 676 τόν
1127 610 1219 698 ἔλεγ-

81 741 160 803 χον
186 718 247 781 καί
265 711 302 778 τό
326 714 524 790 ἀποτέλεσμα
546 707 600 790 τῆς
622 701 815 790 ἀποφάσεως
844 709 970 774 δέδωκε.
1013 711 1054 776 σό
1080 715 1116 778 δὲ
1137 741 1217 799 πρυ.

87 815 206 902 σεχὴς
230 815 270 903 τῇ
290 811 504 896 βασιλευούσῃ
525 801 702 889 τυγχάνων,
725 802 781 868 καί
794 805 848 870 όιά
871 811 929 870 τοῦ
950 808 1035 876 ἰδίου
1057 814 1218 879 αῦταδόλ-

52 941 170 1006 5φου
197 914 352 996 δυνάμεις
381 904 610 995 στρατιωτικός
643 904 813 990 lucerinae
845 908 927 996 αὐτῇ
955 913 1012 975 ναί
1031 916 1131 978 πολλὰ
1151 920 1218 980 θυ-

93 1015 285 1102 ραολήσας,
304 1017 345 1079 ον’
365 1010 460 1096 μόνον
477 1006 603 1088 ἀνάξιος
624 1010 753 1093 όκρίθης
768 1010 825 1072 τοῦ
844 1010 1039 1096 σοόγματος,
1060 1012 1142 1078 ἀλλά
1161 1022 1219 1083 καί

91 1113 244 1204 ῦβρεσιν
264 1115 451 1201 ἤτιμάσδηςι
465 1117 597 1184 πολλαῖς
620 1112 677 1174 καί
696 1107 1036 1195 παροινιλιιςόβληθης.
1058 1113 1114 1178 καί
1135 1115 1215 1183 κατὰ

92 1221 203 1287 τοῦτο
231 1220 289 1282 ουίι
312 1213 377 1281 ἔδει
400 1237 436 1281 σε
461 1208 542 1294 μετόι
564 1208 621 1294 τὴν
653 1208 732 1294 ἀμην
762 1207 972 1293 ἀναγόρευσιν
1003 1211 1043 1278 τό
1076 1219 1216 1299 κρίματα

94 1323 160 1386 τοῦ
185 1321 266 1386 θεοῦ
289 1316 537 1398 ναταιδεσδῆναι
560 1315 615 1377 καί
631 1315 818 1394 συμβαλεῖν,
840 1314 896 1375 καί
916 1309 1154 1397 διανοήσασθαι
1174 1314 1215 1381 τά

41 1448 84 1502 10
95 1415 339 1508 συμβεβηκότα,
363 1411 413 1480 ότι
435 1414 514 1498 ῦπὲρ
539 1412 743 1494 ἀνθρωπίνην
761 1411 843 1475 εἰσίν
861 1411 977 1492 ἶσχόν,·
997 1412 1067 1476 ἀλλ’
1089 1411 1217 1499 όλόττη·

96 1547 162 1598 σοις
188 1524 246 1586 καί
265 1515 346 1584 κατὰ
361 1517 423 1582 τεόν
436 1515 632 1596 δεδογμένων
648 1511 733 1598 αάτῷ
753 1513 795 1596 τῷ
816 1513 882 1598 θεῷ
897 1510 951 1574 καί
970 1518 1038 1576 κατ’
1058 1517 1139 1594 ε’μοῦ
1161 1513 1218 1579 τοῦ

98 1627 183 1706 παρ’
206 1623 330 1703 ἐκείνου
348 1614 607 1699 προβεβλημένου
636 1608 691 1673 καί
710 1609 814 1693 πόσης
842 1608 923 1690 όμοῦ
945 1613 1001 1694 τῆς
1021 1613 1218 1691 βασιλευσό-

101 1746 175 1807 σης,
194 1724 251 1784 καί
272 1715 354 1782 όπλα
373 1712 552 1798 ἐτόλμησας
567 1703 657 1795 ἀραι,
679 1708 736 1774 καί
756 1705 968 1796 ἀνθρωπίνων
988 1717 1117 1797 σαρκοῦν
1137 1713 1217 1778 ἀπο-

104 1822 293 1907 γεύσασθαι
316 1818 490 1899 errantem,
512 1810 568 1876 ναί
587 1809 750 1895 θεόμαχος
779 1813 813 1874 ἀν
833 1809 973 1898 τοσοότρ
992 1817 1143 1897 γενέσθαι
1163 1821 1219 1883 ναί

56 1947 94 1999 15
103 1923 162 2006 τῆς
194 1918 285 2003 ’ἱεροῖς
315 1913 490 2000 συγκλήτου
523 1917 579 1979 καί
606 1913 659 1998 τῆς
680 1909 818 1978 συνόδου
846 1916 994 1995 πολέμιος
1013 1916 1070 1980 καί
1091 1912 1217 1982 πόντων

105 2021 173 2085 τοῖν
196 2013 482 2102 πειθαρχησάντων
503 2024 570 2091 τοῖς
593 2017 693 2088 θείοις
717 2010 826 2093 νόμοις
844 2011 901 2077 ιιαί
918 2018 1079 2096 κρίμασιν.
1111 2011 1138 2079 ἀ
1163 2019 1218 2100 τῆς

106 2120 222 2194 ἀνοίας
247 2120 302 2202 τῆς
332 2120 409 2200 σῆς,
434 2109 483 2181 ότι
513 2110 653 2208 μηόδρτό
679 2113 852 2197 πρόχειρον
883 2116 978 2179 τοῦτο
1005 2119 1142 2198 συνῆκας
1164 2119 1217 2181 καί

107 2219 322 2303 κατενόησας,
356 2217 400 2292 οῦς
435 2215 471 2283 τό
494 2216 648 2305 ᾀδόμενον
677 2222 835 2298 στοιχεῖον
856 2213 892 2278 τό
923 2218 957 2280 Ν
979 2214 1099 2280 ἁπλοῦν
1118 2213 1216 2297 μόνον

108 2325 162 2386 καὶ
183 2321 222 2384 ου’
239 2321 372 2384 διπλοῦν
402 2327 468 2394 τοῖς
501 2318 605 2384 ταῦτα
631 2318 884 2383 κατασκοποῦοιν
910 2315 1105 2400 εῦρίοκετο.”
1156 2319 1212 2380 ναί

65 2419 211 2507 ηηπολλό
247 2416 340 2502 ἕτερα
362 2419 587 2504 δημηγορήσας
604 2417 734 2502 εόφυιῦς
760 2411 776 2478 ό
798 2415 936 2502 κρατῶν,
961 2419 1018 2481 καί
1037 2419 1215 2501 καταγνοῦς
1304 2409 1307 2419 ’

111 2518 226 2587 τοῦτου
246 2517 379 2604 μακρόν
401 2517 456 2603 τὴν
476 2516 653 2602 eripietne,
675 2519 831 2583 ἀπέλυσεν
854 2516 952 2583 αάτόν
972 2520 1018 2592 είς
1037 2516 1094 2583 τόν
1115 2543 1216 2584 κοτα-

115 2625 265 2701 γόλαστον
285 2619 446 2702 θρίαμβον
465 2617 545 2699 μετὰ
566 2619 631 2682 τοῖν
653 2614 789 2701 πριόνων
810 2622 865 2703 τῆς
887 2620 1070 2701 συμμορίας
1092 2613 1214 2686 adsedi.

204 2712 334 2802 Ἕτερον
364 2722 400 2784 δὲ
424 2719 538 2785 ου’δένα
563 2723 626 2784 τιῦν
650 2711 825 2783 ιῖλλωνδί
847 2720 980 2800 αἳματος
1001 2717 1149 2802 ἠνέσχετο
1170 2745 1216 2784 τι·

117 2823 264 2907 μωρῆσαι
295 2819 312 2882 ό
333 2811 503 2901 βασιλεῦς,
528 2817 617 2905 ,ἀλλὰ
641 2822 837 2900 καὶμᾶλλον
859 2818 984 2886 ἰσόθεον
1004 2823 1135 2909 πρᾶγμα
1158 2845 1217 2887 πε-

121 3103 214 3158 dicium
232 3103 283 3154 iem
303 3103 490 3155 documentum
510 3108 538 3153 et
556 3108 680 3154 eventum
699 3101 850 3156 sententiae
868 3102 956 3166 dedit,
975 3109 1004 3157 tu
1023 3102 1216 3156 contreinten.

121 3185 161 3230 tus
179 3176 269 3245 regine
289 3183 316 3227 et
333 3189 382 3243 per
403 3173 510 3226 fratrem
529 3175 616 3242 ipsum
633 3189 725 3227 merrus
744 3173 875 3225 militares
893 3174 1032 3241 imponens
1053 3175 1078 3225 ei
1099 3181 1127 3225 et
1144 3174 1218 3226 mul.

122 3257 173 3301 tum
193 3247 240 3299 sub
260 3246 303 3298 dio
324 3254 464 3309 versetur,
491 3261 545 3299 non
571 3244 658 3299 solnm
676 3246 802 3314 indignus
823 3246 954 3298 iudicatus
975 3261 1003 3297 es
1022 3262 1053 3298 re
1071 3246 1119 3298 sed
1138 3247 1218 3297 etiem

123 3319 240 3386 superbie
268 3318 412 3386 neglectui
438 3334 466 3369 es
492 3317 590 3381 multe,
619 3327 646 3370 et
671 3319 777 3370 insanie
800 3317 871 3369 ictus
895 3333 942 3370 es:
968 3325 1049 3385 atque
1073 3325 1217 3384 propterea

123 3403 206 3441 nonne
225 3390 344 3455 oportuit
357 3396 384 3439 te
404 3396 465 3455 post
482 3405 567 3442 menm
585 3391 811 3441 renuntiationem
823 3390 922 3442 indicia
939 3390 983 3441 dei
1002 3392 1091 3442 vereri
1102 3397 1130 3440 et
1148 3404 1217 3457 cog.

124 3474 230 3512 noseere
250 3465 277 3509 et
295 3460 415 3525 cogitare
434 3459 503 3528 lecte
521 3475 601 3526 snpra
620 3460 755 3512 hominnm
775 3475 835 3513 esse
853 3462 1018 3528 potentiemt
1038 3463 1085 3514 sed
1113 3461 1218 3512 insani.

125 3531 182 3584 visti
200 3537 225 3580 et
243 3536 336 3580 eontra
356 3545 403 3593 ee,
428 3543 496 3596 quse
516 3538 618 3593 ,statute
646 3541 721 3582 erent
746 3532 779 3583 eb
800 3533 946 3599 ipsedeo,
966 3541 993 3584 et
1011 3541 1104 3585 centra
1122 3548 1164 3584 me
1183 3532 1216 3582 nb

126 3602 169 3656 ille
188 3607 301 3652 ereetum
321 3608 348 3651 et
370 3608 462 3651 contre
490 3607 571 3651 totam
599 3600 677 3652 simul
696 3603 816 3668 regiam,
836 3612 862 3653 et
881 3618 952 3654 erma
971 3619 1052 3655 ausus
1070 3619 1100 3655 es
1120 3618 1217 3669 cepere

128 3683 152 3726 et
166 3673 294 3724 hominum
320 3669 443 3724 carnibus
471 3670 523 3721 frui
551 3670 662 3722 voluisti
688 3678 715 3723 et
742 3671 793 3722 deo
821 3672 990 3725 adversarius
1018 3675 1085 3724 adeo
1112 3674 1171 3724 deri
1191 3680 1219 3725 et

127 3745 202 3798 saneti
215 3751 362 3796 cenventus
383 3751 410 3794 et
426 3741 535 3793 concilii
553 3740 638 3794 hostis
658 3752 685 3794 et
699 3744 825 3809 emnium,
845 3745 890 3812 qui
912 3752 1038 3810 peterent
1055 3743 1154 3797 divinis
1172 3745 1217 3796 le.

128 3815 204 3887 gibus'
214 3823 239 3866 et
257 3812 379 3867 iudiciis:
410 3813 464 3866 heu
483 3814 684 3880 imprudentiam
705 3822 797 3879 tuem,
817 3815 889 3884 quod
907 3830 942 3866 ne
960 3823 1090 3882 promtum
1111 3815 1217 3883 quidem

128 3889 173 3942 hec
188 3884 345 3939 intellexisti
364 3893 392 3937 et
409 3885 634 3950 animadvertisti,
654 3887 819 3938 decantatam
838 3887 980 3940 literemll
999 3884 1147 3953 simplicem
1168 3903 1216 3940 so.

129 3961 286 4026 iamneque
306 3956 439 4024 duplicem
450 3956 514 4007 telin
527 3957 715 4011 meditantibus
734 3959 860 4011 inveniri.
879 3967 959 4026 etque
978 3965 1116 4026 postquem
1134 3959 1217 4012 multe

130 4032 174 4084 elie
187 4030 289 4081 loeutus
309 4037 350 4079 est
366 4029 508 4096 ingeniose
522 4030 668 4096 imperator
685 4037 712 4081 et
728 4030 902 4096 reprehendit
920 4029 997 4082 huius
1009 4045 1130 4099 magnam
1149 4033 1216 4084 sim.

130 4103 272 4170 plicitum,
291 4100 390 4153 dimisit
409 4115 469 4152 eum
487 4100 520 4151 ed
539 4099 680 4154 ridiculum
699 4100 938 4172 triumphumcum
958 4101 1130 4169 principibus
1142 4102 1224 4155 cles.»

130 4189 161 4230 ιιι
177 4189 237 4226 etus.

207 4261 295 4316 dlinm
314 4267 400 4314 entem
411 4258 514 4314 nullum
533 4263 603 4316 inter
618 4271 724 4318 ceteros
735 4263 866 4332 sunguine
883 4261 1032 4317 snsdnebet
1048 4262 1143 4318 uleisei
1160 4275 1220 4328 rer,
