3017 4892
581 283 789 421 maroam
1193 344 1247 420 tt

135 514 299 596 Ἰσαάκοος
319 517 377 603 τήν
397 517 538 582 Νίκαιαν
566 515 657 580 πάλιν
687 517 741 600 ἐφ’
763 509 879 580 ἔαυτόν
910 509 1090 594 ἐπεισάγει,
1117 509 1174 578 καί
1191 514 1249 598 τής

143 619 267 700 ἑαυτοῦ
296 621 426 705 μερίδος
450 617 633 694 Ὶἀποδείξας
667 618 718 682 τὸν
755 609 862 698 ὄχλον
885 612 963 679 κατά
998 611 1099 679 νάιον
1129 610 1249 697 ταύτην

144 723 285 809 άφίησι,
307 723 361 787 καί
380 715 462 786 κατά
484 720 547 784 τῶν
569 720 720 785 ἐναντίων
743 721 936 804 προσωτίρω
965 723 1074 799 χωρεῖ.
1118 718 1248 797 συμβα-

145 823 254 898 λάντες
275 825 311 890 δὲ
325 823 433 906 μάχην
455 817 485 884 οἱ
505 820 760 902 ἀντιτεταγμένοι
781 819 842 901 πρά
864 819 942 884 δέκα
959 817 1169 898 σταδίοοντῆς
1190 812 1252 879 πά-

118 930 247 1003 5λεως,
279 926 313 989 ἐν
334 921 420 1009 τὸπιρ
449 916 556 1002 διττήν
584 916 719 984 ἔκπαλαι
742 916 957 1004 προσηγορίαν
985 920 1119 1002 φέροντι
1137 917 1194 998 τήν
1215 939 1250 981 τε
1334 994 1341 1009 x

146 1026 207 1090 τοῦ
221 1027 413 1105 Πολίμοονσς
427 1022 483 1088 καί
493 1024 551 1084 τοῦ
563 1014 694 1102 Ἅιδου,
716 1022 823 1104 α’γῶνα
841 1017 993 1103 καρτεράν
1007 1015 1251 1101 συνεστήσαντο.
1315 1013 1320 1019 ’
1348 1016 1351 1021 ⁴

149 1127 208 1190 καί
226 1121 261 1188 τὸ
279 1124 339 1203 μὲν
361 1121 463 1202 δεξιὸν
485 1125 579 1207 κίρας
599 1118 713 1203 ἔκαμνε
734 1129 801 1197 τοῖς
823 1119 911 1205 α’μφί
930 1117 982 1184 τὸν
998 1116 1177 1202 Κομνηκάν,
1199 1120 1254 1182 ὀπί

150 1226 188 1289 δὲ
210 1225 267 1289 τοῦ
289 1224 457 1306 άριστιροιλ
487 1224 654 1309 πυκνώσας
682 1222 741 1306 τήν
771 1220 923 1309 φάλαγγα
943 1219 998 1286 διά
1018 1221 1081 1284 τῶν
1101 1207 1140 1280 εὖ
1158 1240 1251 1302 γεγο-

150 1325 250 1392 νάτων
271 1324 397 1407 άνδράν
423 1321 519 1406 ὃμάοε
542 1330 606 1398 τοῖς
627 1320 779 1400 ἐναντίοις
798 1330 912 1406 χωρεῖ.
965 1323 1020 1385 καί
1040 1316 1251 1403 παλιντρόπου

105 1436 141 1490 10
149 1427 318 1512 γενομένης
337 1427 393 1510 τῆς
415 1429 501 1511 νίκης
519 1424 695 1510 φεύγουσιν
715 1421 744 1490 οἱ
760 1427 795 1488 ἐκ
807 1428 863 1508 τής
875 1420 1074 1502 Βυζαντίδος
1087 1422 1253 1505 πεμφθέν-

108 1551 112 1569 *
149 1551 211 1602 τις.
253 1529 309 1594 καί
329 1528 387 1590 τοῦ
407 1526 514 1605 δεξιοῦ
531 1529 661 1610 κέρατος
683 1527 878 1605 αἰσθομένου
890 1523 947 1606 τήν
965 1549 1061 1606 ητιαν
1080 1525 1142 1587 τάν
1160 1524 1269 1600 deor-¹

150 1624 227 1692 τίων
247 1627 302 1688 καί
319 1617 414 1689 πάλιν
436 1624 732 1709 ἀναθαρρήσαντας,
754 1621 909 1705 παντελής
930 1621 1016 1708 φυγή
1040 1622 1099 1686 aot
1122 1624 1253 1703 βασιλε-

151 1730 210 1789 ιιοῦ
233 1723 468 1810 στρατεύματος
489 1727 621 1806 γίνεταιῖ
648 1727 702 1788 καί
721 1722 889 1789 πίπτουσιν
911 1723 946 1800 ἐξ
963 1717 1115 1807 ἑκατέρου
1134 1723 1253 1804 μέρους

151 1825 279 1906 συχνοί,
311 1822 345 1888 τὸ
366 1827 403 1888 δὲ
425 1831 570 1890 πλεῖστον
591 1822 619 1888 οἱ
641 1821 695 1908 τήν
727 1821 835 1912 φυγήν
863 1819 1005 1903 ἑλόμενοι
1027 1813 1253 1904 κατεκόπησαν.
1283 1900 1286 1908 Ι

110 1937 143 1990 15
152 1923 224 1991 τότε
243 1927 349 1989 τοίνυν
371 1922 475 2008 πατήρ
487 1927 557 2004 ,μὲν
578 1927 631 1989 καί
651 1921 732 2006 υἷάς,
753 1925 808 2006 τῆς
824 1920 953 2014 φάσεως
973 1913 1083 2006 άσπερ
1100 1923 1255 1986 ἐπιλαθό-

152 2047 254 2107 μενοι,
275 2023 356 2110 πρὸς
372 2021 501 2110 σφαγήν
532 2027 627 2108 σ’ργάν
645 2020 791 2108 αλλήλων
812 2024 871 2086 οδκ
899 2025 1103 2105 εὐλαβοῦντο,
1125 2025 1180 2094 καί
1198 2023 1255 2085 δε-

153 2126 225 2204 ξιάν
246 2131 319 2200 παῖς
342 2128 486 2212 πατρικῷ
510 2131 637 2210 χραίνει
658 2125 754 2212 φάνη),
783 2129 836 2190 καί
863 2121 1004 2209 άδελφός
1029 2123 1160 2210 α’διλφηῖ
1181 2145 1255 2206 καις-

154 2221 230 2307 ’ριάν
252 2222 392 2304 ἐλαάνει,
409 2224 465 2288 καί
485 2231 666 2308 συγγενείας
687 2219 707 2309 ή
726 2225 892 2310 συμφυΐας
914 2221 978 2288 εἴτε
998 2229 1061 2288 τῶν
1081 2221 1255 2309 ὁμοφύλων

154 2321 240 2398 ι’ίλεος
262 2323 336 2388 otte
358 2323 516 2408 διάκρισις
541 2318 596 2408 ήν,
621 2327 680 2400 ἕως
709 2328 768 2390 τοῦ
795 2327 906 2404 θυμοῦ
934 2327 990 2388 καί
1016 2325 1073 2407 τῆς
1101 2323 1257 2406 βακχικῆς

112 2425 269 2506 λθμανίας
301 2423 461 2509 ληξάντων
482 2427 536 2510 τῆς
567 2428 739 2511 συμφοράς
760 2417 899 2512 ᾔσθοντο
920 2427 975 2488 καί
997 2419 1139 2488 κωκυτὸν
1161 2423 1256 2486 αἰδέ-

155 2547 224 2608 ριον
243 2517 381 2609 ἤγειραν.
404 2524 485 2590 ditat
507 2528 563 2590 καί
581 2521 624 2600 ode
642 2524 767 2610 νικητής
786 2526 992 2607 α’ναδειχθιίς
1014 2515 1108 2598 οὗτος
1128 2521 1145 2587 o‘
1162 2526 1257 2604 Κομ-

110 2615 115 2627 “
157 2621 249 2708 νηνός
272 2624 329 2708 τήν
350 2621 502 2690 ἐπινίκιον
523 2625 687 2710 εὐφημίαν
710 2621 887 2710 κατήνεγκε,
916 2627 972 2688 καί
992 2621 1145 2706 casanata
1167 2622 1256 2705 παρὰ

156 2723 281 2797 πάντων
303 2718 570 2810 άναγορευάμενος
590 2730 644 2790 καί
663 2726 871 2810 περίβλεπτος
889 2725 1010 2800 πάντας
1025 2725 1148 2790 ἐλπίσιν
1160 2723 1256 2788 ἐπιί-

227 2887 254 2940 3.
274 2888 373 2960 ἐφίησι
391 2887 428 2942 ὒι
447 2887 565 2941 correxit
581 2887 722 2956 interpres.
791 2915 795 2920 .

159 3052 254 3109 fluibus
280 3051 396 3106 Nicaeae
415 3054 647 3122 appropinquante
666 3065 868 3122 praeoccupans
885 3059 973 3104 antem
991 3050 1114 3104 laertius
1129 3051 1255 3104 Nicaeam
1278 3047 1288 3101 “.

158 3126 249 3179 urbem
274 3125 307 3178 ad
330 3141 361 3178 se
385 3126 532 3178 transducit
556 3133 616 3178 eta
640 3139 688 3178 sua
711 3132 917 3192 pernoctantem
936 3121 1212 3190 reddeuspopulum‚
1239 3139 1256 3175 a

159 3207 234 3267 tergo
253 3196 322 3258 hanc
339 3197 469 3266 relinquit
488 3206 514 3249 et
534 3205 626 3249 contra
645 3192 737 3249 hostes
757 3198 865 3266 longius
884 3195 1063 3266 progreditur:
1081 3198 1256 3248 conserentes

160 3277 246 3321 autem
274 3284 389 3338 pugnam
418 3271 534 3336 oppositi
559 3269 617 3321 urbi
642 3270 734 3320 decem
762 3269 853 3321 stadiis
872 3271 901 3319 in
919 3268 981 3320 loco
1001 3267 1045 3336 qui
1065 3265 1164 3333 duplex
1182 3268 1255 3318 auti.

161 3341 247 3409 quitus
275 3354 423 3408 cognomen
449 3341 563 3393 habebat
588 3340 740 3394 Polemonis
768 3349 796 3392 et
821 3340 931 3403 Tartari,
957 3347 1091 3391 certamen
1109 3337 1275 3392 vehemens-

160 3413 338 3463 iustituerunt.
377 3421 456 3480 atque
484 3414 604 3464 dextrum
633 3413 738 3481 quidem
767 3427 850 3465 cornu
878 3411 1016 3464 laborabat
1044 3409 1199 3475 comneno,
1226 3412 1255 3461 in

159 3483 265 3536 sinistro
284 3491 370 3533 autem
384 3484 498 3535 densens
514 3484 672 3553 phalangam
692 3499 740 3551 per
757 3484 864 3537 nobiles
881 3485 965 3547 viros,
983 3497 1036 3534 una
1055 3491 1146 3534 contra
1164 3481 1256 3533 bostes

161 3553 354 3620 proficiscitur:
381 3561 407 3602 et
434 3569 564 3606 conversa
591 3557 706 3607 victoria
731 3556 838 3624 iugiant
855 3557 901 3625 qui
918 3556 1050 3622 Byzantio
1068 3556 1142 3606 missi
1162 3561 1254 3605 erant:

163 3633 188 3674 et
212 3637 271 3672 cum
295 3622 415 3672 dextrum
440 3639 522 3675 cornu
547 3627 659 3676 sentiret
684 3625 785 3677 cladem
805 3627 919 3679 hostium
939 3635 966 3676 et
983 3641 1074 3677 rursus
1093 3641 1123 3676 se
1141 3624 1255 3675 recolli-

162 3700 247 3762 geret,
268 3691 375 3742 omnino
397 3692 460 3760 iuga
478 3694 547 3760 regii
567 3696 701 3744 exercitus
720 3698 814 3758 oritur,
835 3705 861 3746 et
880 3697 977 3746 cadunt
998 3711 1031 3745 ex
1048 3703 1161 3760 utraque
1179 3700 1255 3760 parte

162 3763 253 3816 multi:
273 3762 413 3829 plurimum
433 3771 519 3814 autem
544 3764 573 3826 ii,
593 3765 638 3830 qui
658 3763 746 3830 iugem
767 3765 924 3833 elegerant,
951 3765 1076 3815 trucidati
1094 3771 1163 3814 suut.
1199 3771 1255 3814 tum

161 3838 242 3904 igitur
260 3842 336 3901 pater
355 3843 381 3885 et
399 3834 480 3898 lilius,
499 3842 610 3885 naturae
629 3835 704 3901 quasi
723 3835 816 3899 obliti,
836 3836 869 3886 ad
887 3836 995 3886 caedem
1015 3835 1121 3886 fervere
1140 3835 1210 3887 inter
1225 3849 1255 3887 se

161 3921 213 3960 uon
233 3905 410 3968 desistebant,
432 3915 458 3957 ct
475 3906 594 3957 dextram
613 3904 683 3956 iilius
703 3907 785 3973 patris
805 3907 966 3958 contaminat
984 3908 1132 3974 sanguine:
1151 3915 1179 3958 et
1196 3906 1253 3958 ira·

161 3989 200 4031 ter
229 3977 304 4030 fratri
339 3977 436 4029 vulnus
468 3977 549 4029 letale
578 3977 709 4028 immittit:
730 3985 757 4029 et
781 3977 916 4030 affinitatis
944 3987 990 4030 aut
1015 3979 1254 4048 consanguinitatis

162 4052 218 4103 sive
247 4064 280 4100 en
309 4049 401 4100 eodem
429 4063 530 4117 genere
558 4058 676 4100 ortorum
703 4051 888 4102 misericordia
910 4065 998 4118 neque
1016 4051 1159 4103 discrimen
1179 4060 1252 4117 erat,

162 4123 254 4183 donec,
275 4137 332 4171 cum
352 4121 391 4170 ira
410 4128 437 4171 et
455 4119 596 4172 bacchicus
616 4121 690 4172 {uror
709 4123 977 4186 desinerent,casurn
996 4125 1136 4188 sentirent,
1155 4131 1182 4174 et
1199 4139 1253 4191 ge.

163 4195 257 4244 mitum·
269 4208 354 4261 usque
372 4194 404 4246 ad
424 4193 529 4245 coelum
549 4195 703 4246 excitarent.
742 4195 789 4247 sed
814 4195 853 4247 sic
872 4209 979 4264 quoque
997 4196 1084 4247 victor
1103 4194 1253 4247 declaratus

164 4263 204 4316 bic
233 4264 381 4318 comnenus
409 4267 547 4318 victricem
575 4265 687 4318 laudem
704 4267 867 4334 reportavit,
892 4273 918 4318 et
936 4276 1063 4336 augustus
1082 4267 1114 4319 ab
1133 4266 1253 4319 omnibns
