3017 4892
495 366 499 374 ’
611 354 820 423 motuum.
1112 363 1116 373 '
1186 343 1256 419 10¹1

255 528 474 609 Ὑποστρέψας
496 517 553 588 οάν
577 524 699 589 έκεῖθεν
725 526 770 599 είς
791 524 847 609 την
870 524 1078 609 Σοβαστηνῶν
1099 517 1260 604 μητρόπο-

157 638 208 696 λιν
220 627 346 713 πρῶτην
360 620 488 709 ἄγοντος
504 626 559 690 ταῶ
578 623 754 708 ἀτκοιβρίοο
768 624 875 711 μηνός,
896 624 951 690 καί
966 616 1188 705 διαναπαύσας
1208 612 1262 685 τάν

118 770 122 775 -
157 728 297 811 στρατὸν
326 724 360 793 έν
387 728 500 808 μόναις
528 726 662 811 ἡμέραις
688 730 805 813 τρισίν,
836 720 918 810 ἀρας
956 722 1080 791 έκεϊθεν
1107 724 1163 805 τῆς
1184 716 1261 805 πρὸς

160 835 283 915 Συρίαν
304 823 442 911 ἀγούσης
463 825 575 909 εἴχετο,
596 827 651 891 καί
665 826 717 893 διά
741 832 804 894 τῶν
824 836 878 913 τῆς
898 828 1087 895 Κοοκοοσοῦ
1110 818 1261 887 adtrivere

131 937 216 1005 unul
236 924 505 1008 δοσδιεξοδείταν
536 928 689 1011 ἀτραπῶν
710 931 756 1004 είς
779 932 809 995 Γ
807 934 1010 1013 ερμανίκεταν
1036 919 1196 1025 καταρτδς
1217 922 1263 997 είς

159 1036 196 1100 τδ
220 1035 307 1113 θέμα
329 1032 362 1096 τὸ
386 1028 579 1110 καλούμενον
598 1028 721 1112 Τελοέχ
742 1034 829 1116 παρῶ
849 1039 915 1107 τοῖς
937 1030 1110 1113 Ἀρμενίοις
1128 1019 1263 1105 εἰσβάλ-

162 1142 219 1218 λει,
240 1135 393 1216 πρότερον
413 1129 471 1193 αάκ
488 1130 595 1215 σ’λίγην
616 1131 851 1220 ἀποτεμόμενος
870 1134 1018 1218 φάλαγγα
1036 1122 1262 1212 στρατιωτικὴν

159 1235 240 1318 μετὰ
263 1231 562 1315 σοντογματάρχου,
587 1231 643 1295 καί
662 1232 707 1307 τίς
728 1229 914 1317 Μελιτηνὴν
935 1233 1100 1311 ἐκπέμψας
1121 1221 1173 1289 ε’πί
1195 1246 1262 1307 φο-

161 1338 240 1421 λακῇ
261 1338 323 1398 τῶν
343 1335 399 1414 τῆς
420 1326 500 1406 ἓῶας
536 1334 686 1414 θεμάτων
706 1336 763 1397 καί
782 1333 970 1400 descendant
990 1332 1052 1395 τῶν
1073 1324 1175 1391 έκεῖσε
1197 1321 1263 1390 τότε

116 1430 481 1521 λθπροσεφεδρεαόντων
509 1436 655 1519 ἐχθρῶν,
689 1424 733 1499 ῶν
767 1428 865 1519 ἦρχεν
900 1432 979 1517 ἀνηρ
1013 1431 1190 1511 πανοῦργος
1211 1422 1266 1489 καί

159 1536 302 1619 μάχιμος
341 1535 472 1615 ἀνόματι
509 1535 728 1615 Αάσινάλισς,
761 1534 814 1599 διὰ
850 1539 943 1599 τοῦτο
974 1529 1076 1614 γάρά
1112 1520 1293 1609 panstadel.
1307 1532 1357 1586 188
1373 1544 1401 1584 v.

160 1638 240 1721 μετὰ
263 1640 325 1701 τῶν
346 1637 451 1717 λόχων
481 1638 536 1699 καί
567 1638 724 1721 λοχαγῶνν
737 1633 791 1697 καί
813 1634 887 1708 τούς
918 1627 1061 1705 ἅπαντας
1087 1622 1265 1717 Φράγγθϋς,

163 1729 284 1819 ἄνδρας
306 1733 493 1818 αίμσχαρεῖς
519 1737 573 1799 καί
596 1732 806 1816 πολεμικούς,
828 1738 871 1821 aql
892 1732 1053 1818 στρατηγῶ
1069 1727 1187 1793 τουτωῒ
1201 1749 1266 1790 ιτα-

163 1838 363 1918 ραδέδιακεν,
385 1838 436 1919 ἐφ’
459 1826 486 1923 ᾦ
507 1838 547 1897 δι’
570 1835 672 1917 ἁδρᾶς
695 1834 859 1917 δυνάμεως
880 1836 1098 1919 περιγίνεσθαι
1126 1831 1185 1895 soti
1205 1848 1266 1891 πο-
1330 1910 1334 1913 .

120 1958 153 2010 15
164 1939 260 2016 λέμου
288 1931 469 2019 ἀλλόφυλος
494 1937 675 2018 έπτγένοιτο.
728 1934 796 1999 ἀλλ’
829 1928 920 2010 οὗτος
942 1934 998 1997 orla
1031 1926 1198 2017 εὐθαρσῶς
1222 1933 1267 2007 τίς
1371 1944 1373 1955 “

166 2028 250 2112 ἀπαξ
283 2037 341 2097 κατ’
361 2036 560 2119 ἀφιλοτίμως
587 2033 789 2119 χρησάμενος
810 2037 854 2123 τῷ
884 2035 984 2121 καιρῷ
1005 2034 1059 2097 καί
1078 2037 1142 2107 τοῖς
1163 2027 1267 2116 αράγ-

163 2122 399 2218 μασι,.μικροῦ
419 2139 462 2221 τῷ
482 2141 611 2215 βασιλεῖ
631 2138 765 2200 διπλαῶν
788 2138 933 2217 πόλεμον,
954 2133 1175 2221 δοτεραομένρε
1198 2154 1267 2197 τοι-

166 2236 262 2319 αύτης
286 2233 440 2317 στρατιᾶς
462 2232 703 2320 μαχιμωτάτης,
723 2238 797 2301 ἀνθ’
820 2236 925 2301 dated
946 2236 1142 2320 πρατξένησε.
1187 2237 1267 2296 πσλ-

165 2333 253 2411 λάκις
273 2336 335 2419 γάρ
351 2341 615 2418 προκαλουμένων
636 2335 734 2403 αάτὸν
750 2340 811 2403 τῶν
831 2339 970 2422 ἐχθρῶν,
994 2338 1048 2400 καί
1067 2331 1112 2418 μη
1135 2331 1265 2399 έπαίον-

120 2451 215 2512 ουτος
240 2439 356 2517 έξιέναι
380 2438 437 2501 ταῶ
458 2428 571 2513 ἄστεος
608 2440 662 2522 τῆς
685 2440 864 2522 Μελιτηνῆς
890 2440 994 2502 καίτοι
1020 2438 1084 2500 τῶν
1105 2458 1267 2519 στρατια-

163 2543 225 2629 τῶν
249 2542 597 2622 προθομοπσιοομέναν
622 2538 730 2614 αὐτοῖς
743 2543 994 2618 ἀντεπεξελθεῖν,
1014 2534 1057 2612 ῶς
1076 2530 1161 2602 εἶδον
1183 2538 1266 2602 ἐκεῖ·
1370 2603 1374 2610 ,

165 2663 214 2705 ναι
235 2637 268 2705 to
290 2638 440 2722 γλίσχρον
457 2640 558 2704 aurosi
579 2639 635 2704 καί
654 2643 799 2724 περιδεὲς
821 2642 876 2705 καί
897 2637 1067 2720 ἀπόλεμον,
1088 2632 1143 2701 διδ
1163 2635 1266 2702 τέπιαν

167 2738 294 2826 ἀδήλων
324 2742 517 2823 βαδίσαντες
552 2744 607 2835 ρῆς
633 2741 801 2825 βασιλικῆς
832 2743 987 2827 στρατιαῖς
1011 2742 1109 2826 μοίρᾳ
1137 2737 1202 2803 τινί
1222 2738 1265 2801 δι’

242 2891 284 2948 tt.
303 2900 519 2967 παραγίνεσθαι
533 2896 570 2951 (lt
589 2902 708 2949 corroxtt
725 2896 870 2964 interpres.
917 2936 921 2945 .

267 3048 405 3103 Reversus
425 3051 508 3121 igitur
526 3052 588 3105 inde
607 3053 635 3104 in
653 3050 861 3105 Sebastenorum
879 3050 973 3104 urbem
992 3048 1133 3119 capitalem
1157 3066 1268 3124 primum
1315 3075 1373 3127 ,με

136 3161 141 3168 ,
169 3129 266 3195 sugente
284 3135 377 3175 mense
397 3123 507 3175 octobre
520 3132 554 3195 ,et
572 3125 689 3193 quietem
708 3125 859 3177 concedens
878 3125 1009 3177 exercitui
1028 3122 1102 3176 solos
1127 3130 1183 3176 tres
1202 3124 1269 3189 dies,

168 3193 304 3262 proiectus
322 3195 384 3246 iudo
404 3197 474 3247 viam
493 3197 554 3247 iniit
571 3212 641 3265 quao
659 3197 692 3248 ad
709 3196 814 3262 Syriam
832 3198 921 3261 duoit,
943 3204 970 3248 ct
985 3212 1035 3264 per
1062 3193 1160 3249 Gneusi
1184 3194 1271 3249 vallos

170 3274 197 3316 et
214 3266 339 3317 dilliciles
359 3267 416 3318 vias
438 3269 466 3319 in
487 3268 643 3321 Germanica
662 3284 692 3320 se
710 3270 876 3321 constituens
896 3270 922 3319 in
940 3268 1106 3336 provinciam
1131 3283 1199 3337 quae
1218 3282 1270 3319 vo.

169 3346 242 3389 catur
260 3337 360 3389 Teluch
380 3340 449 3404 apud
464 3340 614 3405 Armenios,
638 3340 740 3402 incidit,
764 3348 903 3409 postquam
923 3348 1001 3393 antea
1019 3356 1074 3393 nou
1093 3355 1202 3407 parvam
1220 3338 1270 3391 ab.

168 3410 247 3461 scidit
272 3409 433 3475 phalangem
465 3411 577 3463 militum
605 3428 664 3463 cunr
700 3412 839 3478 praelecto
867 3413 968 3464 ordinis
1004 3421 1031 3464 et
1058 3412 1091 3464 ad
1118 3412 1287 3483 lleliteneml
1372 3454 1378 3463 ι

170 3481 256 3533 emisit
282 3480 314 3529 ad
340 3482 501 3545 praesidium
521 3485 718 3548 provinciarum
738 3484 851 3536 orientis
870 3493 897 3535 et
912 3485 944 3536 ad
961 3482 1137 3537 resistendum
1150 3482 1270 3535 hostibus

169 3552 205 3603 ibi
225 3557 280 3599 tum
298 3549 407 3599 insidias
430 3554 599 3614 parantibus:
628 3553 723 3620 quibus
748 3555 854 3621 quidem
878 3557 1022 3621 imperavit
1045 3556 1087 3607 uir
1110 3554 1225 3606 callidus
1246 3563 1273 3605 et
1330 3576 1332 3581 ·

83 3674 86 3681 ¹
170 3635 286 3686 pugnax,
304 3619 412 3668 nomine
430 3620 594 3672 Ausinalius.
632 3632 777 3688 propterea
796 3626 865 3677 enim
882 3642 930 3675 rex
950 3640 1008 3675 curu
1023 3627 1151 3675 centuriis
1168 3634 1194 3675 ct
1205 3641 1272 3675 cen.

170 3690 319 3742 turiouibus
346 3689 425 3739 etiam
450 3705 542 3741 omnes
561 3690 688 3755 Francos,
708 3693 829 3747 homiues
849 3696 978 3761 sanguine
998 3695 1146 3760 gaudentes
1165 3702 1192 3744 ct
1210 3694 1272 3745 bel.

169 3762 285 3822 licosos,
313 3759 375 3809 lruic
394 3761 453 3813 duci
479 3763 601 3826 tradidit,
629 3771 660 3813 ut
683 3761 773 3814 valida
798 3764 824 3814 vi
844 3766 989 3816 sustineret
1009 3764 1110 3815 bellum
1131 3764 1158 3815 in
1179 3765 1272 3833 quibus

170 3833 238 3883 locis
257 3830 299 3881 illi
327 3832 431 3897 quando
452 3832 553 3884 bellum
572 3841 710 3885 externum
728 3834 854 3887 instaret:
874 3836 922 3887 sed
945 3834 989 3885 hio
1016 3850 1070 3886 non
1096 3836 1201 3888 sortiter
1219 3852 1272 3891 uno

170 3906 225 3955 ictu
246 3910 274 3953 ot
293 3904 351 3953 sine
371 3902 480 3957 honoris
497 3906 584 3956 studio
597 3921 660 3958 osus
676 3905 819 3957 occasione
838 3915 865 3957 et
883 3906 973 3972 rebus,
991 3922 1077 3973 paene
1096 3910 1154 3976 regi
1174 3908 1273 3977 duplex

169 3973 272 4027 bellum
291 3974 390 4025 nudato
407 3976 455 4029 tali
473 3978 671 4044 pugnacissime
691 3979 812 4029 exercitu
832 3994 881 4045 pro
900 3978 1023 4045 simplice
1040 3980 1176 4032 excitavit.
1215 3996 1272 4031 com

171 4047 241 4097 enim
268 4060 461 4110 saepenumero
487 4056 666 4113 provocarent
687 4063 744 4099 cum
773 4049 862 4103 hostes
883 4066 972 4118 neque
997 4050 1053 4101 ille·
1070 4067 1099 4103 sc
1118 4059 1227 4105 ueretur
1245 4058 1274 4103 ut
1314 4058 1328 4073 ‘

172 4118 316 4169 excederet
337 4117 401 4167 urbe
426 4119 565 4183 lleliteue,
584 4136 732 4189 quanquam
751 4120 851 4175 milites
878 4123 963 4190 parati
982 4122 1089 4173 eruutc
1152 4125 1186 4176 iis
1206 4136 1274 4175 con-

171 4188 259 4256 gredi,
280 4197 420 4257 postquam
440 4190 482 4243 illi
502 4191 627 4245 uiderunt
646 4201 752 4244 tenuem
773 4196 947 4247 constantiam
966 4196 1150 4264 (tenuitatem)
1170 4196 1228 4245 eius
1248 4200 1274 4242 et

173 4260 342 4315 timiditatem
359 4269 386 4311 et
398 4261 464 4317 belli
479 4264 646 4331 imperitiam,
664 4280 713 4332 per
732 4264 794 4319 loon
808 4266 1033 4335 ignotaiuqressi
1051 4267 1121 4335 regii
1142 4265 1274 4319 exercitus
