3017 4892
249 343 275 419 ll
483 335 486 344 ¹
538 341 759 414 circuistis
789 339 1050 412 intinnula
1149 333 1152 336 ’
1347 335 1356 341 ’

251 515 348 597 τίραν
378 503 562 593 περιεζώσοο
597 512 652 574 καί
684 506 810 572 πάντων
840 509 1035 589 ἑξοχωτίραν
1067 508 1107 594 τῇ
1138 507 1198 570 rori
1223 503 1361 588 κρότους

252 611 406 698 ὑπεροχῇ.
449 613 607 685 ποικίλαις
626 606 688 690 γόρ
715 611 771 672 καί
790 609 957 683 παντοίαις
980 614 1090 688 τιμαῖς
1110 609 1165 670 καί
1177 604 1291 688 δώροις
1303 604 1363 667 ναί

218 723 238 764 0
253 710 408 796 α’φθόνοις
428 711 619 791 χαρίσμασι,
639 706 694 770 καί
716 699 804 782 όσοις
825 706 901 771 οόδὲ
925 706 1037 780 πάντες
1056 703 1087 769 ot
1109 705 1169 788 πρό
1190 709 1250 770 σοῦ
1260 710 1360 785 βασι-

252 808 420 883 λεόσοιντις
444 806 520 882 τοός
543 812 575 872 όν
598 818 665 883 τοῖς
685 804 817 890 χρόνοις
837 809 945 875 αιίτοῖν
966 806 1156 889 ἀνθρώπους
1168 805 1360 888 ἠμείψαντο,

251 907 513 991 κατελόμιιρυνας
534 907 568 972 τό
594 905 744 990 όπήιιοον,
765 911 820 972 καί
838 913 968 990 γέγονας
989 910 1033 994 τῷ
1054 897 1122 969 όντι
1144 907 1208 969 ταῖν
1223 902 1283 988 πρὸ
1297 897 1391 974 cour»

250 1013 408 1094 βασιλέων
429 1006 681 1090 βασιλικώτερος,
706 1007 749 1083 ώς
771 1007 826 1072 καί
845 1005 1014 1082 τοσούτους
1034 1005 1203 1084 πολεμιόυς
1224 1007 1279 1069 καί
1298 1027 1360 1069 τυ-

202 1099 227 1180 ,’
252 1111 385 1195 ρόννους
396 1105 620 1186 καθυποτόξας
631 1108 686 1172 καί
705 1111 775 1188 βιόν
796 1111 831 1173 εἰι
847 1110 971 1172 παίδων
981 1105 1064 1190 ἔχων
1074 1107 1137 1170 τών
1151 1105 1359 1190 ἀνδραγαθη-

251 1210 361 1294 μόσων
378 1208 412 1278 τό
439 1215 582 1294 μέγεθος.
613 1204 757 1274 όθενιιιί
778 1205 1358 1291 ώγοίιιινόπίδισιςμέίίετηγίγονας

252 1323 316 1390 τοῖς
340 1315 414 1393 περί
437 1309 545 1392 λόγους
567 1304 801 1377 ἐσπουδακόσιν
811 1311 857 1384 εἰς
868 1309 904 1372 τό
926 1306 1200 1394 συγγρόφειντών
1214 1310 1280 1383 erip
1295 1331 1357 1372 ιτα-

253 1410 470 1499 τορθοιμότιον
492 1408 528 1474 τό
549 1408 743 1492 περιούσιον.
789 1412 859 1473 ε’πεί
889 1412 925 1472 δὲ
954 1405 1061 1492 ώσιιερ
1088 1432 1135 1482 τις
1164 1404 1355 1490 όλυμπιονί-
1369 1426 1409 1480 10

253 1539 309 1600 κης
329 1513 454 1597 σεαυτῷ
474 1508 512 1576 τό
535 1512 637 1574 πάντα
660 1511 885 1586 ιιοιδυπίτοιξας
906 1510 1056 1592 αἰιριβώς,
1079 1511 1134 1572 καί
1154 1507 1248 1572 οὐδὲν
1270 1509 1357 1593 α’φῖη-

229 1613 232 1620 ’
254 1639 310 1690 νας
332 1617 396 1679 τών
416 1611 653 1691 ἐπαινουμένων
672 1613 706 1678 δν
728 1608 833 1698 τδυμρι
855 1607 1085 1691 αἰιατόρδοωόν
1108 1632 1142 1672 τε
1156 1607 1213 1672 καί
1234 1609 1357 1672 όνυιιό-

253 1739 383 1796 ταττον,
412 1709 481 1778 εἶτα
505 1711 560 1777 καί
581 1710 661 1794 πρὸς
680 1707 735 1794 την
758 1709 795 1774 ἐν
816 1716 882 1785 τοῖς
904 1707 1007 1792 λόγοις
1028 1711 1083 1774 καί
1104 1708 1211 1783 πόνοις
1232 1708 1357 1795 όψηλο-

253 1815 361 1891 τόσοις
380 1811 524 1896 σπουδὴν
545 1807 617 1876 όλον
638 1809 779 1895 ἔτρεψας
800 1810 946 1890 σεαυτόν,
966 1809 1086 1894 ἡμέρας
1096 1815 1157 1891 μὲν
1168 1819 1234 1885 τοῖς
1244 1802 1356 1887 όθλοις

220 1972 223 1982 .
255 1917 309 1979 καί
330 1917 481 1990 τοῖςτών
501 1910 697 1994 πραγμάτων
721 1902 828 1993 όχλοις
848 1913 951 1975 πονών
973 1913 1026 1974 καί
1052 1909 1164 1986 νόλλος
1194 1908 1357 1994 ἀμήχανον
1368 1930 1405 1982 15

169 2081 175 2092 „
254 2014 359 2101 ἑαυτῷ
379 2015 560 2098 ίξυφαίνοον
582 2012 628 2084 είς
646 2008 715 2085 ἑνός
746 2011 885 2090 κόσμου,
906 2005 926 2094 ἢ
947 2010 983 2074 τό
1005 2035 1040 2092 γε
1068 2011 1279 2096 α’ληθίστερον
1310 2014 1358 2077 εί-

254 2123 324 2180 nait
342 2109 558 2193 δπερκοσμίου
579 2111 671 2194 δόξης
694 2111 936 2195 συμπλήρωσιν,
957 2110 1135 2195 ἁλουργίδα
1157 2134 1190 2174 τε
1213 2111 1269 2175 καί
1283 2115 1358 2177 στί-

253 2237 356 2303 φυνον
374 2214 431 2277 oris
454 2211 644 2293 ἀποχρῶντα
666 2213 723 2294 τῆς
743 2213 909 2291 βασιλείας
932 2209 1046 2295 ἡγήσω
1069 2212 1255 2295 παράσημα,
1285 2214 1358 2277 στί-

256 2340 355 2405 φανον
381 2316 415 2380 tt
434 2315 577 2396 χαρίτων
598 2315 652 2376 ναί
672 2307 848 2394 ἁλουργίδα
870 2313 1045 2394 ξενοπρεπῆ
1068 2313 1109 2375 δι’
1125 2311 1289 2392 εὐσεβείας
1302 2312 1359 2378 καί

255 2417 516 2508 φιλανθρωπίας.
525 2413 580 2476 καί
601 2412 718 2496 οίρετῆς
739 2408 793 2478 διό
817 2408 936 2488 παντός
964 2414 1202 2493 ἐπιδείκνυσοιι,
1228 2417 1285 2478 καί
1313 2415 1356 2502 τῷ
1365 2430 1406 2485 20

255 2519 411 2598 στέψαντί
428 2537 465 2579 σε
484 2517 551 2602 θεῷ
571 2511 652 2577 νατό
673 2510 708 2578 τό
732 2512 870 2577 δυνατόν
891 2511 1050 2602 ἀνθρώπῳ
1069 2515 1220 2596 γενέσθαι
1249 2508 1356 2594 ὅμοιος

252 2612 529 2701 περισπούδαστον
555 2611 646 2697 ἔργον
675 2617 871 2699 πεποίησαι,
898 2614 941 2691 ώς
961 2616 1016 2678 καί
1036 2616 1077 2702 τῇ
1097 2613 1274 2698 ἀναγνώσει
1302 2615 1358 2680 καί

257 2717 389 2801 δοκήσει
408 2720 470 2781 τών
497 2715 598 2800 λόγων
619 2711 760 2794 δικάζειν
783 2715 930 2800 οἷρρειιοός
953 2719 1010 2780 καί
1028 2719 1171 2798 νομίμοις
1191 2715 1358 2801 ιιαίπρότ-

249 2870 255 2879 ’
329 2885 355 2938 3.
375 2881 462 2946 ὅσους
480 2884 510 2939 G.
603 2885 647 2938 23.
667 2883 780 2948 δανείζει
798 2884 829 2939 0.
886 2915 892 2919 -

261 3022 399 3091 potentiae
414 3021 586 3090 praestantia.
625 3019 708 3073 variis
729 3021 799 3071 eninr
819 3026 846 3070 et
863 3018 953 3072 multis
980 3019 1127 3075 honoribus
1151 3029 1178 3073 et
1204 3023 1358 3078 muneribus

265 3101 293 3152 et
316 3092 406 3160 plenis
430 3092 522 3158 donis,
549 3099 576 3144 et
603 3097 701 3158 quanta
726 3106 761 3144 ne
788 3104 880 3143 omnes
897 3090 1004 3158 quidem
1023 3095 1069 3162 qui
1086 3101 1149 3146 ante
1166 3102 1196 3147 te
1213 3101 1359 3162 regnarunt

159 3221 166 3234 ,
260 3162 419 3232 aequalibus
435 3163 618 3228 reddiderunt,
635 3163 722 3217 beasti
740 3161 887 3226 subiectos,
908 3162 1031 3218 etractus
1042 3182 1071 3221 ea
1089 3165 1284 3236 reveraiisqui
1296 3174 1359 3218 ante

260 3244 288 3288 te
306 3242 452 3303 regnarunt
468 3233 597 3302 rogelim,
616 3241 647 3284 nt
665 3235 744 3284 etiam
765 3240 852 3286 tantos
871 3233 962 3288 hostes
982 3243 1009 3287 et
1028 3243 1155 3302 tyrannos
1172 3237 1320 3289 subieceria
1331 3244 1359 3287 et

261 3307 342 3360 vitam
360 3321 394 3356 ex
411 3304 506 3364 liberis
526 3306 625 3375 capias
633 3305 755 3362 nimirum
775 3305 881 3359 fortium
900 3306 1030 3360 factorum
1038 3308 1256 3376 magnitudinem
1276 3322 1358 3376 quare

263 3379 342 3430 etiam
366 3377 537 3428 certaminum
564 3384 747 3444 argumentum
780 3377 919 3429 maximum
944 3377 1029 3430 factus
1055 3394 1085 3430 es
1118 3380 1267 3431 orationum
1298 3386 1358 3431 atu.

262 3448 345 3501 diosis
374 3448 401 3498 in
435 3447 627 3499 conscribenda
657 3453 761 3499 tuorum
795 3447 925 3500 factorum
955 3450 1042 3516 copia.
1095 3459 1235 3518 postquam
1270 3458 1359 3502 autem

208 3563 217 3578 ,
262 3527 385 3588 tanquam
405 3519 493 3570 victor
512 3518 662 3585 olympicus
680 3517 729 3569 tibi
758 3518 846 3570 omnia
873 3519 1002 3587 subegisti
1030 3528 1140 3587 aperte,
1166 3536 1255 3590 neque
1279 3520 1358 3589 quid.

263 3606 340 3660 quam
361 3604 461 3654 eorum,
481 3591 596 3658 quaein
615 3574 712 3640 montio
732 3589 917 3655 celebrantur,
945 3590 1074 3642 iniectum
1099 3607 1188 3660 neque
1213 3606 1268 3643 non
1293 3590 1359 3662 sup·

261 3664 383 3725 iectum3
409 3661 505 3714 deiude
531 3662 610 3720 etiam
637 3661 786 3712 orationum
813 3670 840 3712 et
865 3661 1065 3714 meditationum
1088 3662 1276 3716 altissimarum
1300 3671 1360 3715 stu.

262 3734 305 3786 dio
325 3741 408 3794 totum
429 3741 457 3784 te
477 3732 637 3796 efformata,
656 3739 760 3800 tempus
780 3732 967 3784 certaminibus
987 3741 1016 3784 et
1032 3733 1162 3786 laetorum
1181 3735 1260 3801 copia
1279 3748 1360 3789 exer„

263 3820 337 3868 ceps,
358 3811 385 3855 et
403 3801 628 3870 pulchritudinem
646 3805 801 3858 immensam
819 3802 868 3855 tibi
887 3804 939 3870 ipsi
958 3812 1105 3858 contexens
1124 3807 1152 3857 in
1171 3806 1250 3857 unius
1269 3804 1361 3859 mundi

263 3875 334 3940 sive,
351 3881 380 3934 ut
398 3874 489 3926 verius
509 3875 603 3938 dicam,
623 3877 851 3944 supramundanae
870 3874 974 3944 gloriae
995 3876 1189 3942 perlectionem
1201 3873 1362 3944 ;purpur'am

264 3954 292 4008 et
310 3959 433 4004 coronam
451 3959 506 3999 nou
525 3946 650 3998 sulficere
671 3947 776 4012 imperii
798 3947 895 4011 putasti
914 3946 1035 4013 siguum,
1056 3949 1104 4000 sed
1120 3963 1246 4003 coronam
1258 3948 1362 4016 gratiae

228 4027 234 4039 ’
264 4025 292 4070 et
308 4031 450 4084 purpuram
469 4017 620 4072 inusitatam
639 4019 739 4084 pietate
759 4025 786 4067 ct
804 4015 966 4068 humanitate
986 4025 1012 4068 et
1030 4018 1130 4072 virtute
1149 4021 1256 4071 omuino
1268 4028 1363 4071 osten.

263 4090 322 4153 disp
339 4094 419 4156 atque
438 4087 500 4150 deo,
522 4088 567 4154 qui
586 4095 613 4139 te
633 4087 789 4150 coronavit,¹
803 4094 928 4156 qnantum
946 4086 1049 4143 homini
1065 4088 1141 4154 licet,
1160 4090 1277 4143 similem
1292 4089 1362 4151 lieri,

264 4175 332 4230 opus
351 4158 399 4212 tibi
418 4158 583 4228 proposuisti
608 4157 818 4228 optatissimum,
841 4164 870 4208 ut
889 4158 969 4211 etiam
988 4157 1108 4214 lectione
1128 4168 1156 4212 et
1169 4162 1364 4216 exercitatione

263 4229 413 4296 orationum
440 4229 542 4288 iudicas
565 4229 658 4291 stabili
684 4237 711 4290 et
738 4229 808 4286 iusto
833 4229 928 4296 modo,
954 4238 981 4283 et
1005 4230 1096 4293 iacere
1124 4248 1194 4306 quae
1212 4239 1321 4303 oportet
1337 4236 1366 4288 et
