3017 4892
581 308 791 406 ursnoml.
1013 416 1018 427 ἱ
1085 265 1091 271 ’
1160 306 1236 385 ooo
1278 370 1280 377 .

109 477 246 567 ὑψηλῷ
267 477 321 542 καί
345 473 421 565 θείῳ
445 478 592 562 βραχίονι
612 473 777 550 ἀσπασίως
799 470 854 539 καί
873 474 933 539 σύν
957 475 1056 564 πολλῇ
1071 473 1111 559 rii
1133 476 1236 561 aripq-

111 584 184 670 pcr'qe
221 584 276 645 καί
297 588 362 656 τοῖς
393 581 587 659 ἀλαλαγμοῖς
619 573 822 658 ύπεύέχοντο.
877 572 1113 662 μισθοφορικόν
1145 577 1175 638 d’
1201 577 1236 640 εἰι
1304 572 1307 593 ’

115 686 187 768 ’τῆς
222 684 279 746 τού
307 681 473 746 α’ντιθὲτσο
502 680 662 760 βασιλέως
693 679 870 764 ἀποστολῆς
900 681 938 764 τῇ
967 673 1047 742 narei
1075 674 1248 743 Βιθυνίαν,

118 784 255 871 Νικαίᾳ
277 780 514 862 ἐπιξενούμενον
546 779 601 844 καί
630 783 808 861 συντηρούν
838 783 881 867 τῷ
911 782 1041 859 βασιλεῖ
1067 776 1123 863 τὴν
1145 774 1237 846 πόλιν
1316 772 1320 777 ’

83 885 231 967 5δῆθεν
252 875 522 965 ύπερικτύπητον,
549 881 610 964 πρό
640 882 736 963 τριιόν
756 876 883 962 ἡμερῶν
916 877 1086 944 καταλιπὸν
1104 878 1141 942 τό
1165 875 1237 942 ἐπί-

120 1007 240 1068 ταγμα
272 985 326 1046 καί
357 985 411 1066 τῆς
449 986 504 1046 τού
539 986 724 1064 πέμψαντος
764 980 917 1064 εύηθείας
950 976 1237 1064 κατορχησύμενον,

118 1083 213 1165 μετὰ
232 1084 381 1147 δουλικοῦ
394 1087 448 1147 καί
466 1084 684 1166 συντάγματος
700 1085 754 1148 καί
768 1084 929 1164 σχήματος
951 1080 1110 1165 α’πύντησε
1133 1079 1236 1167 τούτῳ

120 1187 173 1272 τῷ
202 1187 372 1270 Κοτυαείῳ
393 1187 614 1266 προσμίξαντι.
634 1187 687 1247 καί
708 1181 766 1267 τὴν
789 1183 935 1248 δουλείαν
963 1177 1162 1265 ὁμολογῆσαν
1185 1178 1240 1244 καί

122 1280 163 1350 τό
189 1285 247 1367 τῆς
267 1287 403 1357 πίστεως
432 1287 665 1367 τρανολογῆσαν
696 1279 897 1366 ὑπόδειγμα,
932 1279 1163 1366 προεπορεύετο
1185 1278 1239 1343 καί
1336 1302 1340 1308 ’

72 1409 112 1461 10
125 1381 374 1468 προεκινδύνευε
404 1382 520 1449 τούτου
540 1383 618 1466 μετὰ
648 1389 709 1448 τιύν
732 1385 823 1448 ἰδίων
853 1377 958 1448 όπλων
980 1384 1037 1445 καί
1057 1379 1160 1444 ἳππων
1184 1384 1240 1444 καί

123 1486 186 1568 τῆς
212 1477 311 1567 ἄλλης
332 1487 545 1568 παρασκευῆς.
599 1481 652 1547 διό
687 1484 855 1562 θαύματος
887 1485 914 1544 δ’
946 1479 1080 1546 ἐποιεῖτο
1115 1483 1181 1553 πῶς
1209 1475 1239 1543 οῖ

126 1588 267 1666 θρασεῖς
289 1588 344 1648 καί
363 1578 608 1662 πολεμικώτατοι
633 1588 770 1664 Τοῦρκοι
799 1582 952 1646 τιθασσοί
979 1582 1035 1643 καί
1056 1575 1238 1664 χειροήθεις

127 1686 289 1767 γεγόνασι,
315 1686 370 1746 καί
387 1681 441 1746 τόν
465 1680 610 1746 όουλίκύν
643 1680 736 1764 ζυγόν
761 1681 910 1745 ύπελθεῖν
933 1682 1164 1764 κατατίθενται,
1185 1680 1252 1743 καί

135 1784 362 1867 περινοστοῦσι
382 1785 441 1863 μὲν
462 1778 672 1864 ἱππαζόμεναι
680 1830 690 1860 ,
713 1781 904 1869 δορυφόρων
927 1765 963 1846 di
982 1778 1068 1860 νύξιν
1093 1780 1239 1865 α’ποπλη-
1306 1806 1308 1813 ’

85 1884 361 1968 15ρούντεςιείσί.
1027 1877 1042 1963 ’ἢ

238 1981 307 2048 Καί
327 1985 427 2050 ταῦτα
451 1985 511 2066 μὲν
532 1987 857 2066 ἐθαυματουργούντο
881 1987 986 2069 ’μέχρι
1009 1986 1149 2058 Νικαίας
1178 1982 1238 2047 αυ’·

133 2089 210 2171 τῆς,
235 2088 294 2150 τού
315 2087 591 2169 προσκυνουμίνου
612 2088 745 2168 σημείου
768 2087 816 2151 ἐπ’
837 2082 969 2166 ύνύματι
987 2089 1046 2150 τού
1059 2085 1238 2176 ἀρχιστρα-

135 2186 232 2273 τήγου
262 2189 499 2272 προηγουμένου
521 2186 670 2273 πάντων,
692 2192 747 2252 καί
774 2189 1038 2273 προφυλακτικοῖς
1064 2184 1121 2262 τός
1143 2184 1239 2262 όύούς

133 2286 377 2370 ύπαυοίγοντος,
411 2291 467 2351 καί
498 2287 556 2373 τήν
585 2291 630 2364 εἰς
657 2286 758 2354 αι’τύν
796 2291 901 2353 πίστιν
931 2291 990 2351 τού
1017 2287 1368 2370 βασιλεύοντσςι.225τ,

89 2387 274 2474 οοοτερρύν
296 2387 351 2453 καί
373 2387 542 2473 α’κλόνητον
566 2385 838 2475 ύπεμφαίνονιος,
863 2394 918 2455 καί
946 2386 1004 2472 τὴν
1025 2385 1123 2473 χόριν
1146 2382 1238 2471 dedd-

137 2514 189 2555 ναι
212 2490 402 2571 θαυμασίαν
417 2493 453 2565 ,ἐξ
475 2487 575 2574 ἔργων
597 2489 890 2574 παραύεικνύοντος.
933 2493 974 2577 τῇ
996 2491 1031 2554 δὲ
1053 2492 1175 2579 Νικαίρ
1195 2491 1239 2576 s'q'i

136 2595 264 2672 βασιλεῖ
291 2594 533 2673 προσεγγίσαντι
561 2593 676 2674 χορεία
696 2615 743 2665 τις
764 2589 954 2675 ἐναρμόνιος
976 2598 1040 2665 τοῖς
1069 2592 1237 2673 ἐγχωρίοις
1282 2586 1287 2591 ”

141 2692 272 2775 συνίστη
306 2692 360 2754 καί
381 2689 489 2775 κρότος
525 2693 699 2778 εὐφημίαις
727 2691 945 2776 ύπέρσεμνος,
967 2688 1091 2757 πόντων
1107 2688 1238 2776 χαρμό-

142 2813 220 2855 συνα
242 2789 386 2856 θυόντων
416 2793 471 2858 καί
487 2790 700 2878 χαριστήρια,
723 2795 779 2858 καί
800 2795 855 2877 τῆς
876 2797 1035 2881 σωτηρίας
1058 2815 1240 2880 προκηρύττ-

143 3128 242 3186 autem,
262 3121 307 3190 qui
327 3136 360 3172 ex
379 3121 496 3188 oppositi
514 3122 587 3190 regis
606 3122 733 3176 missione
752 3122 868 3175 Nicaeae
892 3121 1036 3190 Bithyniae
1061 3121 1237 3175 versabantur
1270 3127 1275 3168 ἐ

144 3201 168 3245 et
185 3193 240 3260 regi
259 3193 402 3246 seruabant
421 3194 512 3245 urbem
533 3194 625 3246 turbae
646 3195 873 3262 expertem‚‘ante
892 3203 947 3246 tres
966 3194 1024 3246 dies
1051 3193 1235 3262 relinquentes

143 3264 283 3316 mandatum
303 3273 330 3316 et
357 3267 414 3317 eius
440 3268 485 3333 qui
512 3281 558 3316 eos
581 3268 690 3319 miserat
715 3266 880 3333 simplicitati
907 3265 1066 3318 insultantes
1091 3263 1185 3318 servili
1210 3274 1237 3318 et

92 3401 95 3407 .
144 3337 229 3388 ordine
255 3345 283 3386 et
301 3335 392 3388 babitu
411 3336 579 3389 obvenerunt
598 3338 660 3390 huic
680 3340 725 3406 qui
745 3339 865 3405 Cotyaeo
885 3355 915 3391 se
934 3339 1109 3389 coniunxerat
1130 3345 1157 3388 et
1176 3353 1237 3388 ser.

144 3408 246 3458 ritutem
257 3408 413 3471 prolitentes
427 3417 453 3458 ct
471 3409 532 3459 fidei
551 3417 652 3460 certum
672 3411 763 3463 dantes
782 3412 978 3474 documentum,
998 3408 1237 3477 progrediebantur

80 3521 85 3532 ,
146 3485 169 3527 et
185 3477 385 3542 propugnabant
403 3477 465 3526 huic
486 3495 544 3528 cum
564 3481 618 3529 suis
638 3483 716 3532 armis
737 3482 849 3548 etequis
870 3490 897 3532 et
916 3489 1006 3532 cetero
1018 3488 1156 3548 apparatu.
1184 3481 1237 3530 mi.

145 3546 227 3596 raculo
247 3554 334 3596 autem
353 3546 442 3608 fiebat,
464 3549 595 3613 quomodo
615 3552 702 3614 asperi
723 3559 750 3600 et
767 3551 970 3603 bellicosissimi
988 3551 1090 3602 lurcac
1113 3552 1191 3601 mites
1212 3557 1239 3600 et

147 3617 267 3667 mansueti
288 3616 351 3666 lacti
371 3617 424 3667 sint
453 3624 479 3665 et
503 3617 535 3667 ad
563 3619 667 3669 servitii
691 3621 783 3686 iugum
807 3620 973 3671 subeundum
999 3635 1029 3671 se
1052 3621 1187 3685 deponant
1213 3627 1239 3670 et

147 3689 301 3738 circumeant
321 3688 471 3753 equitantes
493 3694 518 3736 et
537 3687 682 3737 satellitum
702 3689 821 3740 ordinem
840 3690 977 3756 impleant.

234 3775 323 3842 Atque
342 3773 409 3824 baec
429 3774 534 3841 quidem
553 3775 713 3827 miraculose
736 3777 834 3829 liebaut
853 3767 937 3845 usqu'e
956 3778 988 3829 ad
999 3777 1124 3829 Nicaeam
1143 3779 1237 3844 ipsam,

148 3861 198 3897 cam
214 3847 350 3898 adoratum
369 3847 474 3912 rignum
494 3844 543 3896 sub
567 3846 674 3897 nomine
701 3845 779 3914 primi
809 3849 885 3916 ducis
913 3850 1031 3916 praeiret
1063 3847 1183 3901 omnibus
1212 3859 1239 3901 et

148 3924 214 3968 eante
231 3919 288 3968 uias
308 3916 425 3982 aperiret
446 3923 473 3966 et
481 3917 554 3984 regis
574 3917 651 3968 iidem
663 3919 690 3968 in
701 3935 760 3970 eum
778 3920 876 3972 firmam
895 3929 923 3971 et
939 3921 1125 3971 inconcussam
1143 3928 1237 3973 osten.
1320 3935 1330 3948 ·

148 3988 222 4052 deret,
251 3996 277 4039 ct
307 3989 418 4054 gratiam
446 3988 558 4040 reddere
586 3988 767 4041 admirabilem
796 3992 940 4043 secundum
973 3990 1042 4042 lacta
1068 3999 1237 4045 monstraret.

148 4060 198 4125 regi
215 4066 302 4110 autem
312 4059 427 4110 Nicaeae
448 4059 671 4128 appropinquanti
688 4061 784 4114 chorus
803 4065 952 4115 concinnus
970 4061 1117 4114 incolarum
1136 4064 1240 4116 adstitit

151 4137 172 4180 et
187 4129 279 4181 clamor
292 4129 417 4182 laudibus
432 4137 569 4199 augustus,
589 4133 710 4186 omnibns
725 4148 802 4186 sacra
812 4135 904 4202 gaudii
917 4140 944 4186 et
955 4134 1057 4203 gratiae
1068 4133 1239 4197 iacientibus,

121 4211 130 4230 r
151 4208 174 4251 et
189 4201 276 4256 salutis
295 4201 478 4256 nuntiantibus
500 4203 586 4271 signa,
606 4204 643 4256 ita
662 4212 738 4257 utet
760 4206 811 4274 ipsi
829 4213 969 4274 stuperent
985 4207 1077 4278 bostes
1095 4211 1238 4273 atquctutu
