3017 4892
614 304 823 383 aurona.
973 340 975 345 -
1184 286 1276 389 ‘toa

25 560 30 565 ⁸
118 515 128 540 ε
163 477 274 552 θέσεις
295 479 329 541 έν
348 474 482 560 κράνεσι,
496 471 628 551 -πάντως
652 468 692 539 άν
712 474 771 543 ουίι
791 472 824 553 έξ
844 476 943 561 ἀκοῆς
963 475 1031 539 ἀλλ’
1054 478 1087 553 ἐξ
1100 479 1273 555 ου’τοπτέας

161 575 205 642 τά
230 580 365 660 καθεξῆς
389 575 576 661 παραδώσει
600 574 654 644 διά
673 581 802 663 γραφῆς
824 584 887 651 τοῖς
908 580 1087 659 μετέπειτα.
1180 628 1182 637 ,

267 672 345 759 Εἶχε
362 679 422 757 μέν
446 667 502 740 οὖν
521 680 656 758 βασιλέα
671 676 690 762 ῆ
706 677 768 744 τάν
780 681 938 745 ’Βιθυνῶν
955 678 1105 766 ἐπαρχία,
1129 682 1184 744 καί
1202 684 1272 763 μετ’

166 778 272 861 αὐτήν
297 780 441 862 Φρυγία,
471 776 505 843 τά
528 780 614 857 θέμα,
647 783 727 863 λέγω
752 780 815 843 ταῖν
837 778 1042 849 ἀνατολικῶν.
1097 780 1152 848 κατ’
1173 778 1273 863 συνή-
1307 781 1314 791 “

133 891 256 963 5γοντο
292 880 327 942 έκ
364 876 586 962 διαταγμάτων
624 878 926 964 προσφοιτησάντων
958 876 988 944 οἱ
1011 882 1074 943 τάν
1102 878 1272 964 ταγμάτων

163 977 370 1061 ἐξάρχοντες,
404 983 459 1044 κατ’
481 971 551 1043 ὅσοι
574 979 630 1063 τήν
662 983 749 1059 τάξιν
774 980 971 1063 ἀνεπλήρουν
994 976 1126 1047 ἑκάστου
1150 981 1272 1065 τάγμα·

163 1102 227 1153 τος.
271 1083 327 1144 κατ’
347 1072 384 1164 ήν
403 1082 483 1148 ἰδεῖν
504 1080 576 1157 τοὺς
598 1079 784 1165 διαβοήτους
818 1081 935 1163 λάχους
958 1084 990 1159 έξ
1012 1080 1126 1164 ἀλέγων
1148 1065 1304 1166 συγκει.Χ
1348 1082 1357 1099 ‘

162 1182 281 1259 μένους
303 1182 447 1266 ἀνδρῶν,
470 1185 525 1245 κατ’
542 1182 663 1248 τούτων
690 1180 933 1268 ουγκεκυφάτων
958 1185 997 1270 τῇ
1021 1186 1110 1267 πενίᾳ
1134 1180 1189 1247 καί
1207 1209 1273 1247 ιτα-
1296 1244 1301 1250 .

164 1286 296 1355 νοπλιάς
318 1286 536 1367 ἐστερημένον
557 1284 614 1349 καί
634 1286 733 1350 ἵππου
757 1288 948 1368 πολεμικῆς·
993 1284 1027 1347 ἐκ
1048 1284 1188 1359 πλείονος
1209 1282 1271 1367 γάρ
1340 1336 1342 1341 .

117 1385 442 1466 λθπαραμεληθέντες
463 1377 518 1448 άτε
536 1388 621 1468 μηδὲ
640 1389 799 1465 βασιλέως
820 1388 1099 1469 στρατευσαμένου
1119 1380 1172 1465 διά
1194 1390 1273 1447 πολ-

141 1484 229 1545 λῶν
253 1478 405 1550 ἐνιαυτῶν
427 1484 501 1567 περὶ
520 1485 577 1569 τήν
598 1482 693 1567 έιάαν,
727 1491 782 1550 καί
803 1487 854 1552 τὸν
877 1484 1101 1571 ἀφωρισμένον
1122 1482 1269 1564 ὀψωνια-

161 1581 243 1661 σμὸν
263 1582 307 1666 μή
334 1586 556 1670 ἀπειληφότες,
581 1590 635 1651 καί
655 1586 737 1652 κατά
759 1584 872 1667 μικρὸν
894 1586 960 1661 τοῖς
983 1586 1133 1657 έναντιόις
1156 1586 1189 1647 έκ
1212 1586 1267 1669 τῆς
1306 1664 1313 1672 ἱ

131 1738 135 1742 .
163 1682 450 1768 α’παρασιιευάστου
483 1692 659 1771 προσβολῆς
692 1689 746 1750 καί
772 1687 895 1768 λυπρᾶς
921 1668 1190 1765 καταβαλλόμενοι
1216 1686 1272 1747 καί

103 1873 105 1876 Ι
163 1780 358 1862 τρεπόμενοι,
383 1780 484 1861 οὕτως
504 1789 549 1861 εἰς
563 1789 698 1870 ἐσχάτην
709 1789 936 1867 ’ταλαιπωρίαν
957 1788 1179 1861 συνελαθέντες
1202 1787 1269 1849 δει-

119 1887 153 1938 15
163 1880 214 1944 λοέ
234 1887 289 1946 και1
311 1883 477 1960 ἀνάλκιδες
499 1885 555 1952 κατ’
575 1886 655 1969 πρὸς
669 1888 762 1951 οὐδέν
783 1896 923 1969 γενναῖον
937 1885 1188 1971 χρησιμεάοντες
1209 1909 1268 1949 κα-

162 1982 358 2067 τεφαίνοντο.
412 1985 454 2061 ὥς
484 1990 519 2054 δέ
539 1992 598 2051 καί
616 1985 719 2063 αὐτάς
753 1990 810 2063 τάς
835 1988 975 2070 οημαιάς
993 1988 1168 2069 μονονουχί
1187 2012 1265 2053 σιω-

161 2084 268 2165 πήριός
291 2083 556 2170 ἀποφθέγγεσθαι
577 2090 696 2168 ταῦτα,
718 2085 855 2171 πιναράς
879 2082 1041 2171 ὁρωμένας
1069 2081 1172 2171 ὥσπερ
1200 2086 1263 2153 ἀπὸ

160 2186 282 2247 καπνοῦ
302 2188 359 2249 κατ’
379 2186 520 2261 ἀπαδοάς
540 2190 756 2270 δρεπομένους
788 2184 924 2270 έχοάσας
952 2180 1191 2273 εὐαριθμήτους
1212 2190 1266 2253 κατ’
1344 2261 1349 2269 ¹

160 2282 338 2366 πενιχροάς.
390 2286 508 2369 πολλήν
536 2287 680 2369 ἀθυμίαν
703 2293 861 2372 προσῆγον
892 2290 1166 2370 ἀναλογιζομένοις
1189 2280 1266 2351 ὅθεν

116 2384 214 2449 maai
234 2386 304 2449 τίνα
327 2384 444 2469 τρόπον
466 2389 511 2461 εἰς
535 2388 570 2452 to*
594 2390 728 2472 ἀρχαῖον
750 2386 1013 2456 έπανελεάσονιαι
1037 2386 1091 2452 καί
1108 2385 1163 2470 τήν
1184 2409 1265 2469 προ-

158 2488 251 2566 τέραν
274 2480 366 2562 άξέαν
387 2486 422 2551 τά
440 2488 746 2572 στρατιωτικόν,καί
768 2488 819 2555 διά
837 2489 936 2561 πόσου
958 2493 1015 2554 τοῦ
1038 2486 1155 2574 χρόνου
1180 2492 1281 2553 ἀνα-

158 2590 333 2667 καλέσαντο,
355 2592 417 2654 ταῖν
437 2592 496 2669 μέν
515 2591 789 2673 ὑπολελειμμένων
812 2588 882 2665 τοῖς
901 2592 1060 2673 τάγμασιν
1074 2590 1187 2673 ἀλέγων
1212 2584 1262 2653 dv·

159 2708 221 2748 των
242 2690 297 2749 καί
317 2689 543 2771 ἀπορουμένων
567 2699 633 2767 τοῖς
653 2685 761 2766 ὅπλοις
784 2693 837 2755 καί
858 2699 921 2765 τοῖς
944 2692 978 2754 έκ
1001 2691 1063 2755 τῶν
1085 2690 1188 2755 λ’ππων
1213 2712 1262 2752 κι-

229 2872 255 2926 7.
275 2873 376 2947 λόγους
393 2880 442 2932 καὶ
459 2871 598 2951 λοχαγοὺς
616 2881 645 2942 ἐξ
662 2877 692 2933 0.
707 2906 714 2912 ν
784 2877 825 2931 16.
845 2893 879 2930 an
899 2875 992 2933 ὥστελ

159 3050 272 3115 iudiciis,
294 3052 402 3102 omuino
420 3066 474 3103 non
496 3068 511 3102 e
530 3052 610 3103 fando
630 3052 677 3104 sed
697 3052 782 3105 exiis
802 3066 870 3121 quae
887 3052 946 3119 ipse
965 3050 1042 3115 vidit,
1053 3048 1180 3117 deinceps
1192 3050 1261 3102 lacta

159 3123 243 3173 tradet
261 3122 330 3174 libro
349 3124 475 3191 posteris.
577 3131 578 3134 ’
1126 3124 1131 3136 '

256 3212 376 3264 Habebat
394 3214 476 3281 igitur
496 3228 588 3282 regem
607 3213 747 3280 provincia
766 3214 942 3281 Bithynorum
964 3218 1068 3279 etpost
1095 3225 1152 3261 eam
1172 3210 1259 3277 Phry.

160 3284 210 3352 gia,
229 3285 396 3352 provinciam
417 3285 582 3355 (legionem)
604 3286 662 3336 dico
684 3286 812 3351 orientis,
834 3294 860 3337 et
879 3283 1043 3351 cogebantur
1063 3298 1096 3333 ex
1123 3282 1259 3335 ordinibus

160 3356 360 3407 advenientibus
385 3358 505 3409 ordinum
524 3356 654 3423 praelecti
675 3358 874 3427 etquicunque
898 3357 982 3407 aciem
1003 3354 1146 3421 explebant
1166 3355 1258 3405 cuius.

160 3442 209 3492 que
235 3427 351 3489 ordinis,
378 3435 404 3478 et
429 3435 552 3495 poterant
577 3428 692 3495 spectari
720 3428 843 3481 celebres
867 3428 1004 3479 centuriae
1025 3434 1052 3476 et
1071 3427 1258 3491 centuriones,

126 3541 130 3557 t
161 3498 296 3561 erpaucis
323 3502 487 3563 compositae
512 3502 576 3550 viris
603 3504 691 3568 iisque
711 3502 986 3568 curuvatisegestate
1006 3506 1033 3549 et
1050 3499 1128 3549 armis
1148 3498 1260 3563 privatis

161 3576 186 3618 et
204 3568 322 3633 equitatu
341 3567 423 3618 belli:
442 3572 580 3619 maximam
599 3573 668 3621 enim
687 3580 788 3635 partem
807 3573 942 3638 neglecti,
959 3586 1016 3621 cum
1035 3584 1070 3618 ne
1090 3585 1138 3618 rex
1157 3568 1261 3634 quidem

161 3636 294 3705 profectus
324 3646 395 3687 esset
424 3653 472 3703 per
498 3638 595 3689 multos
621 3655 704 3689 annos
730 3643 802 3690 circa
832 3643 985 3703 orientem,
1013 3653 1100 3703 neque
1127 3638 1262 3687 delinitum
1337 3694 1342 3707 1

161 3717 331 3761 commeatum
350 3709 438 3775 adepti
459 3716 586 3774 etpaeuc
607 3710 639 3759 ab
659 3710 779 3759 hostibus
810 3719 919 3775 propter
948 3710 1100 3773 imparatam
1126 3707 1260 3779 incursio.

160 3796 216 3832 nem
237 3787 264 3828 et
283 3780 403 3831 miseram
424 3780 522 3831 deiecti
543 3788 569 3829 et
587 3782 669 3843 versi,
689 3781 726 3830 ita
745 3780 771 3829 iu
793 3789 935 3830 extremam
954 3778 1087 3830 miseriam
1107 3778 1194 3829 coacti
1216 3780 1261 3846 ig·
1302 3811 1311 3822 .

160 3853 218 3905 navi
239 3860 265 3902 et
283 3852 378 3903 infirmi
401 3862 428 3904 et
455 3852 486 3902 ad
506 3851 606 3918 nnllam
634 3868 690 3903 rem
713 3852 831 3903 nobilem
858 3844 947 3903 utiles*
966 3848 1143 3915 apparebant,
1170 3850 1206 3900 ita
1232 3857 1262 3901 ut

88 3919 90 3926 '
159 3927 212 3992 ipsa
232 3923 309 3991 signa
328 3923 454 3976 militaria
481 3938 567 3989 paene
592 3925 674 3975 tacite
694 3924 761 3975 baec
785 3930 951 3987 enarrarent,
977 3920 1082 3973 sordida
1106 3922 1261 3987 apparentia

160 3996 229 4065 quasi
249 3995 337 4058 fumo,
366 4004 392 4047 et
425 3996 534 4046 comites
554 3995 679 4047 babentia
696 4004 840 4063 sequentes
861 4003 887 4045 et
899 4007 998 4059 paucos
1018 3999 1045 4042 et
1063 4008 1214 4059 pauperes,
1234 3994 1260 4043 id

160 4068 226 4136 quod
244 4066 352 4117 multam
371 4068 506 4135 ignaviam
525 4067 633 4119 allerret
652 4066 844 4134 reputantibus,
866 4066 975 4117 undeet
989 4065 1119 4133 quomodo
1139 4065 1166 4115 in
1188 4066 1259 4115 anti.

100 4139 104 4148 ’
161 4155 235 4209 quum
254 4139 374 4189 redirent
395 4146 422 4190 et
447 4137 563 4205 priorem
585 4141 738 4208 dignitatem
767 4140 900 4189 exercitus
920 4146 947 4187 ct
964 4152 1012 4204 per
1043 4145 1166 4205 quantum
1191 4144 1259 4184 tem-

161 4226 204 4279 pus
234 4218 386 4276 revocaret,
406 4225 464 4261 cum
486 4206 573 4278 relicti
593 4211 728 4264 ordinibus
747 4212 826 4276 pauci
847 4216 935 4263 essent
954 4216 980 4259 et
992 4208 1161 4259 inexercitati
1181 4205 1258 4257 armis
