3017 4892
489 295 492 301 '
560 309 770 380 aaronis.
825 265 868 353 ἶ
1040 347 1051 375 2
1120 301 1269 421 part„

95 465 121 556 ἢ
163 471 230 537 κατ’
259 473 571 556 προσεπιγόννυσθαι
595 478 660 546 τοῖς
687 464 770 534 οόται
800 456 974 553 όριομόνοις
1008 473 1220 552 ἀσυμπαθεῖς.

97 566 318 658 ὄρεξιςγόρ
347 576 430 640 ἐστιν
461 566 696 656 ἀντιλυπήσεως
718 571 736 634 ό
761 569 883 656 θυμόςς
926 569 1003 654 ἡδὲ
1034 564 1135 653 ὄρεξις
1163 573 1222 636 όν-

101 676 249 756 σχεροός
270 677 303 737 εἐι
327 677 385 739 τοό
406 676 580 759 προχείρου
604 670 874 752 κατακοιμιξεται.
918 671 973 737 όιοὶ
995 673 1085 742 τοῦτο
1110 674 1165 737 κατ’
1179 677 1225 760 τῷ

101 775 168 857 τῆς
195 773 293 860 ὀργῆς
316 771 443 864 α’κρότην
464 773 742 857 χαλιναναγιάνό
775 770 1111 861 σοφός·αότοκρότισρ
1135 772 1223 838 τόνόε

68 870 174 944 5τόν
201 874 300 957 νόμον
322 878 509 959 τιθέμενος,
533 875 592 958 τὴν
614 878 670 958 τῆς
690 872 845 960 τιμωρίας
868 875 1037 957 α’νεβόλετο
1069 871 1224 964 ἔκβασιν,

106 971 178 1050 ἕως
206 966 248 1038 όν
269 974 285 1038 ό
309 973 413 1054 θυμός
439 977 482 1061 τῷ
513 975 719 1056 βασιλεύοντι
746 978 914 1062 πεπανθῇ,
946 976 1224 1058 τριακονθημέρου

106 1079 350 1155 προβαίνοντος
372 1073 606 1159 διαστηματοςι
649 1075 703 1140 κατ’
714 1081 893 1162 τηνικαῦτα,
914 1078 945 1142 εἰ
956 1080 1015 1157 μόκ
1036 1073 1122 1151 ἔλεος
1138 1076 1226 1165 ου’τρό

108 1169 134 1258 ἢ
157 1174 341 1256 μετάμελος
360 1177 487 1264 εἰσέλθῃ
510 1180 568 1239 τοό
585 1175 643 1260 την
666 1175 841 1262 κεφαλικὴν
859 1179 1034 1258 όεξαμόνόυ
1057 1176 1224 1259 α’πόρασιν

109 1269 203 1340 εἶναι
225 1277 319 1341 τοῦτο
340 1277 434 1341 deor?=
453 1275 508 1339 καί
531 1263 637 1356 μένειν
664 1276 717 1342 τόν
739 1268 911 1361 ἄνθρωπον
933 1277 1060 1360 οἶθιγῆ,
1090 1274 1168 1351 ἴσως
1188 1278 1250 1343 ddi.
1265 1287 1357 1345 283³.

57 1378 174 1448 1Quos'
199 1373 311 1441 α’θιόόν
337 1380 435 1440 ποθεν
456 1377 700 1460 εὑρισκόμενον·
732 1381 764 1443 εἰ
786 1381 815 1441 δ’
838 1372 908 1457 οὖν,
924 1378 994 1441 τότε
1015 1384 1225 1463 πεπληροφο-
1253 1462 1259 1474 Ι

114 1482 260 1561 ρημένον
279 1473 362 1544 εἶναι
382 1476 417 1542 τό
443 1483 593 1561 πρᾶγμα,
625 1478 669 1552 σός
687 1477 759 1542 ἕπετ’
777 1501 835 1560 περ
859 1472 953 1542 otoo
974 1504 1007 1544 τι
1041 1474 1226 1542 καιεόυσιό-

114 1601 221 1664 πησεν
238 1578 261 1652 1ό
281 1576 398 1661 χρόνος
422 1576 474 1640 τόν
496 1577 672 1660 α’νοὶκτορα,
694 1583 748 1641 καί
774 1582 850 1654 θεός
870 1601 916 1652 εις
935 1601 970 1642 το
994 1582 1097 1653 πόθος
1123 1577 1227 1642 αότοῦ

115 1671 379 1762 συμψηφόζεται.
424 1677 455 1741 εἰ
475 1675 536 1759 γὰρ
560 1678 593 1741 ἐν
625 1681 668 1766 τῷ
690 1677 886 1764 παφλάζοκτι
906 1683 962 1762 τῆς
986 1677 1081 1762 όργῆς
1104 1681 1226 1758 δέξεται
1274 1757 1282 1766 .

116 1783 180 1856 μὲν
206 1772 376 1857 ἅνθρωπος
399 1779 622 1863 θανατηφόρον
645 1776 767 1862 πληγήν
791 1773 811 1860 ἢ
831 1777 942 1862 χειρός
963 1777 1099 1862 ε’κτομην
1120 1772 1143 1862 ἢ
1164 1778 1228 1865 όφ-

71 1880 258 1957 rotatum
280 1876 430 1961 όκκοαήν,
463 1878 587 1953 α’νεθείς
619 1882 654 1944 di
677 1882 730 1962 τῆς
761 1880 858 1962 ὀργῆς
890 1875 1023 1962 ὕστερον
1054 1878 1070 1941 ό
1104 1880 1228 1964 κρατιόν
1328 1939 1336 1955 ,
1384 1880 1388 1893 “

116 1975 299 2058 μετόμελον
318 1981 426 2062 ἕληται
442 1977 510 2043 .καί
529 1978 587 2062 την
609 1979 774 2064 α’πόφασιν
794 1981 1054 2044 ἀνακαλέσασθαι
1073 1982 1230 2067 βουληθῇ,
1332 2020 1339 2030 ·

120 2083 167 2153 τίς
193 2077 289 2160 ἢτοῦ
319 2081 499 2159 μετομέλον
527 2080 667 2163 cipitata
675 2107 684 2160 ,·
714 2086 795 2156 τινες
817 2084 845 2145 δ’
869 2078 1009 2164 ἒριννόες
1035 2082 1231 2166 μεταμελητί

120 2181 178 2244 καί
210 2177 264 2243 τόν
287 2177 443 2261 κολαστὴν
474 2181 532 2246 ου’νι
555 2180 724 2262 ἐλόοουσις
754 2188 829 2247 ποία
854 2185 889 2246 δὲ
921 2183 976 2246 καί
1000 2181 1053 2248 τόν
1083 2181 1229 2248 παθόντα

125 2279 210 2365 λόπη
233 2281 272 2344 ον’
293 2282 488 2363 διαδέξεται,
523 2277 571 2347 ότι
593 2282 670 2366 πρός
698 2283 755 2368 τήν
783 2282 954 2368 α’νόκλησιν
978 2283 1231 2371 οἷπερρόπισταις

81 2386 228 2460 potuim
260 2374 316 2446 οὖν
346 2382 363 2447 ό
399 2370 552 2464 βασιλευς
581 2387 831 2472 μεγαλοφρόνως
866 2385 1148 2469 κατασκεψόμενος
1178 2388 1233 2452 κατ’

128 2481 311 2568 προσθήκην
345 2483 431 2550 ἰόεάν
460 2487 500 2570 τῇ
523 2487 622 2574 νεαρᾷ
642 2486 741 2573 ταόεη
764 2488 1044 2571 προσονεμοὶξοτο,
1075 2487 1231 2564 συντάξας

129 2585 162 2646 όν
183 2582 266 2669 αὐτῇ
288 2586 340 2647 ἵνα
367 2583 449 2664 μετὰ
476 2586 548 2672 ιτην
570 2589 842 2670 τριακονθήμερον
865 2586 1143 2672 όπομιμνησκηται
1163 2586 1229 2651 πό·

131 2688 179 2744 λιν
199 2682 215 2744 ό
236 2685 402 2763 βασιλεύς,
422 2683 477 2748 καί
492 2680 577 2750 οὕτω
600 2684 636 2750 τό
652 2691 751 2770 πέρας
771 2689 964 2773 α’ποτελῆται
985 2684 1231 2776 ἢσυγχοορῆται

132 2783 187 2864 τῆς
207 2780 409 2867 α’ποφοὶσεανς.

202 2919 244 2972 23.
265 2920 444 2975 ἀποτελεῖται
464 2917 482 2986 ἢ
502 2923 731 2994 ουγχωρεϊταιῦ.

136 3066 226 3133 cupido
247 3065 378 3120 euim¹est
392 3067 503 3122 ultionis
521 3070 574 3124 ira:
595 3073 691 3139 cupido
711 3080 798 3125 antem
812 3090 895 3144 aegre
913 3077 942 3127 iu
955 3085 1061 3143 promtu
1080 3079 1231 3147 exstingui.

136 3145 190 3188 tur:
211 3147 354 3206 propterea
383 3141 462 3192 ctiam
487 3143 543 3194 irae
569 3145 708 3211 impotenti
735 3145 840 3198 frenum
865 3149 972 3215 sapiens
999 3151 1144 3217 imperator
1163 3149 1232 3202 hanc

106 3243 113 3255 ,
136 3208 218 3276 legem
242 3210 381 3278 imponens
407 3228 513 3280 poenae
531 3216 635 3269 distulit
661 3217 780 3282 exitum,
805 3221 891 3272 donec
920 3222 959 3273 ira
987 3223 1047 3289 regi
1065 3222 1232 3289 mitigaretur
1307 3283 1312 3291 Ι

137 3282 238 3350 triginta
263 3283 365 3334 dierum
391 3287 582 3354 progrediente
607 3290 710 3356 spatior
736 3298 818 3360 atque
845 3299 900 3342 tum
919 3294 942 3343 si
967 3293 1152 3344 misericordia
1172 3308 1231 3344 eum

43 3412 45 3422 η
139 3353 179 3404 vel
194 3354 359 3418 poenitentia
376 3355 483 3409 invadat
510 3361 567 3410 eius
596 3363 642 3428 qui
661 3362 778 3429 capitale
796 3365 916 3431 suscepit
933 3364 1071 3429 iudicium,
1100 3364 1231 3416 essehoc

139 3422 179 3472 dei
196 3429 221 3471 et
239 3437 346 3474 manere
366 3424 499 3479 hominem
518 3432 661 3496 intactum,
689 3434 803 3486 fortasse
823 3437 902 3487 ctiam
921 3439 1055 3488 insontem
1073 3436 1230 3488 inventum:

140 3491 177 3544 sin
197 3491 289 3556 aliter,
322 3501 376 3544 tum
402 3506 484 3548 ratam
512 3513 663 3564 asserem,
683 3505 761 3569 qnia,
787 3505 833 3556 ubi
858 3506 926 3559 nihil
946 3507 1119 3560 dubitationis
1138 3508 1232 3560 iniecit
1294 3519 1296 3523 ·
1330 3516 1335 3534 ¹

140 3570 234 3628 tempus
261 3563 434 3630 imperatori,
459 3570 538 3619 etiam
564 3571 630 3622 deus
656 3573 726 3623 malo
755 3575 812 3627 eins
837 3579 990 3629 assentitur.
1038 3580 1136 3631 etenim
1161 3580 1185 3630 si
1202 3578 1231 3629 in

141 3632 259 3700 flagrante
276 3635 315 3685 ira
333 3637 450 3702 accipiet
468 3638 547 3692 homo
565 3643 832 3711 mortiferumictum‚
851 3649 911 3700 sive
928 3663 1020 3701 manus
1038 3648 1231 3702 abscissionem

141 3706 193 3758 siva
210 3703 346 3756 oculorum
368 3709 516 3776 excidium,
534 3711 663 3766 liberatus
688 3723 776 3767 autern
795 3718 835 3769 ira
858 3727 952 3786 postea
969 3722 1114 3787 imperator
1132 3722 1230 3788 poeni.

141 3777 237 3827 tentiam
256 3777 392 3844 concipiat
406 3787 432 3831 ct
449 3787 607 3836 sententiam
626 3795 772 3839 retractare
786 3789 869 3842 velit:
888 3805 956 3859 quae
967 3793 1031 3844 uerit
1048 3793 1230 3859 poeniteutiae

142 3845 254 3898 utilitas?
290 3864 359 3916 quac
379 3852 464 3904 furiae
485 3870 518 3905 ex
539 3858 707 3923 poenitentia
732 3861 810 3911 etiam
836 3862 1023 3930 castigatorem
1046 3877 1101 3915 non
1128 3861 1230 3932 agent?

143 3918 218 3988 qualis
237 3919 316 3971 ctiam
335 3921 462 3976 afflictum
480 3929 620 3995 aegritudo
646 3945 700 3982 non
722 3933 856 4000 excipiet,
886 3936 956 4002 quod
981 3937 1014 3987 dc
1038 3937 1229 3990 retractatione

144 3998 179 4042 est
194 3990 336 4044 deiectus?
355 3993 422 4045 hacc
441 3998 523 4065 igitur
541 4017 590 4053 rex
602 4005 771 4069 magnanime
790 4005 941 4059 deliberans
963 4009 1043 4059 etiam
1060 4009 1228 4063 additamen.
1301 4015 1307 4021 “

143 4069 189 4112 tum
204 4064 337 4130 proprium
355 4068 483 4122 novellae
502 4071 564 4125 hnic
585 4074 734 4140 adspersit,
755 4079 920 4130 constituens
936 4079 965 4131 in
986 4095 1029 4145 eo,
1051 4089 1079 4133 ot
1097 4091 1158 4150 post
1176 4087 1228 4136 tri.

144 4135 207 4260 pipp
222 4135 278 4260 pies
298 4139 470 4195 admoneatur
488 4159 578 4198 rursus
597 4144 646 4198 rer'
665 4155 691 4198 et
709 4149 746 4200 ita
764 4148 825 4203 inis
843 4150 997 4218 perficiatur
1014 4160 1061 4206 aut
1078 4157 1228 4210 remittatur

145 4219 288 4260 senoniae.
535 4215 542 4233 ¹
