3017 4892
275 325 347 403 rot
386 422 393 429 ,
476 374 479 378 ›
563 333 783 451 montana
811 332 1086 432 arumnosas(
1126 280 1128 290 ἐ

272 502 374 588 ἐκείνῃ
395 495 453 582 ἐτι,
472 494 549 575 ἴσως
568 507 634 575 τοῖς
670 506 806 583 πολλοῖς,
831 500 884 565 ἐπὶ
911 502 969 583 γῆς
989 498 1111 580 ἀτίμως
1131 492 1188 561 καὶ
1207 497 1387 581 περιιοδιῖ-

108 609 112 617 “
168 679 171 684 ⁴
270 624 332 676 νοις
347 604 534 687 καιέδραθε,
553 605 681 685 μορίοις
692 593 897 685 πανταχόθεν
914 598 971 664 κατ’
990 596 1163 685 άφορὴτοις
1181 597 1387 717 περικλυζά-

270 725 364 784 μενος
384 711 450 778 τοῖς
473 705 508 767 ἐκ
528 707 590 768 τῶν
611 705 771 785 λογισμῶν
791 699 846 765 καί
864 726 925 767 τιον
950 704 1020 765 κατ’
1045 692 1120 781 οψιν
1145 700 1287 823 α’νιριριόν
1309 698 1383 764 κά-

269 828 368 883 μασι·
412 828 449 891 τη
438 806 536 868 δ”
521 806 675 903 επαάριον
696 805 900 889 σ’γγελθεέσης
920 826 964 889 τρι
949 800 1139 925 σοολτάνιρ
1161 800 1217 865 καὶ
1235 804 1291 885 τῆς
1314 804 1383 867 τοῦ

269 905 427 985 βασιλέως
450 882 608 987 ἐλάσεως,
627 906 715 990 χαρά
738 930 786 979 τις
814 898 946 979 άπλετος
974 903 1058 984 ὁμοῦ
1078 927 1133 967 και
1156 905 1287 969 α’πιστιἀ
1311 916 1415 968 κα-5

269 1006 382 1087 τέσχεν
404 1006 510 1090 adedo,
532 1005 674 1089 οτόμενον
705 1001 747 1081 ὡς
769 1006 899 1088 άληθιος
925 1008 1006 1085 μέγα
1024 1028 1055 1068 τι
1077 1028 1130 1067 και
1126 1002 1381 1087 ’ὑπερμέγεθες

269 1098 352 1169 εἶναι
372 1103 407 1169 τά
429 1060 510 1189 μετά
530 1110 586 1189 τῆς
606 1101 699 1191 ἥττης
715 1111 771 1170 τοῦ
779 1107 947 1188 βασιλέας
980 1106 1035 1168 καί
1055 1105 1153 1169 ανίὁν
1174 1108 1290 1171 ἐκεῖνον
1313 1106 1381 1167 δο-

269 1204 436 1289 ριάλωτον
458 1213 512 1273 καί
532 1211 656 1293 οἰκέτην
670 1213 790 1291 λαβεῖν.
833 1201 934 1283 οὕτως
958 1206 1167 1291 ἀνθρωπίνως
1191 1210 1244 1272 καί
1259 1224 1381 1271 νοονε-

267 1307 336 1388 χοός
358 1306 392 1371 τά
417 1310 601 1394 προτέρημα
623 1311 679 1397 τῆς
702 1310 789 1392 νίκης
816 1304 845 1371 οἱ
871 1310 1005 1391 Τοῧρκοι
1036 1310 1190 1389 ἐδέξαντο,
1210 1306 1287 1390 μήτε
1309 1330 1403 1389 με..

269 1408 529 1495 γαλανχὴσαντες
558 1404 611 1476 οἷοι
635 1418 729 1497 φιλεῖ
754 1415 829 1495 περὶ
848 1410 905 1485 τάς
928 1411 1080 1493 εὐτυχίας
1111 1410 1154 1485 ὥς
1175 1414 1289 1475 ἐπίπαν
1312 1420 1428 1474 rte-1⁰

271 1519 433 1596 ριπολεῑν,
461 1514 539 1597 μήτε
569 1516 605 1602 τῇ
626 1512 890 1601 οἰκεέριιδννάμει
926 1510 961 1577 τά
984 1509 1110 1595 γεγονὸς
1132 1517 1377 1596 ἐπιτρέψαντες,
1435 1500 1440 1508 ’

271 1612 353 1677 άλλά
379 1612 412 1676 τά
444 1616 508 1678 πᾶν
536 1617 581 1700 τῷ
609 1616 674 1703 θεῷ
696 1615 923 1699 ἀναφέροντες,
957 1614 1000 1689 ὠς
1028 1614 1138 1693 μεῖζον
1169 1606 1288 1695 ἢκαιά
1312 1615 1379 1697 τὴν

270 1709 396 1778 ἐανταῖν
418 1712 513 1798 ἶσχάν
535 1716 779 1790 άποιελέοαντες
807 1718 970 1799 τρόπαιον.
1026 1712 1079 1777 διά
1100 1718 1195 1779 τοῦτο
1216 1716 1271 1778 καί
1288 1736 1378 1797 προ-

270 1818 445 1897 σαχθέντος
476 1820 520 1903 τῷ
557 1812 719 1904 σσνλτάνιρ
754 1821 812 1883 τοῦ
832 1818 996 1898 redemtor
1029 1819 1062 1881 ἐν
1096 1812 1134 1903 τῇ
1168 1815 1293 1879 salvetat
1318 1820 1379 1879 καί

270 1920 486 2003 στρατιωτικῇ
507 1914 680 2005 ἀμπεχόνῃ,
703 1922 757 1982 κατ’
773 1910 870 1993 αὖθις
885 1921 1045 2001 διαπορῶν
1057 1906 1096 2002 ἦν
1116 1920 1171 1981 κατ’
1189 1919 1374 2002 μαρτυριάν
1385 1918 1421 1969 15

270 2020 346 2099 περὶ
364 2013 478 2087 τούτου
513 2020 624 2101 ζητῶν.
679 2018 723 2093 ὥς
761 2022 790 2081 δ’
820 2017 1067 2104 ἐπληροφορήθη
1097 2020 1185 2101 παρά
1208 2042 1240 2083 τε
1268 2010 1375 2081 ἄλλων

271 2121 327 2180 καί
341 2121 407 2180 ταῖν
428 2122 473 2192 εἰς
495 2118 596 2183 αὐτὸν
618 2120 822 2204 α’φικομένων
842 2124 915 2184 ποτὲ
940 2124 1113 2204 πρέσβειον,
1140 2120 1194 2183 τὸν
1215 2123 1277 2183 ταῖν
1292 2118 1375 2183 ‘Pot-

271 2219 376 2298 μαέοον
403 2221 538 2297 βασιλέα
568 2217 735 2301 τυγχάνειν
760 2217 812 2283 τὸν
829 2219 1082 2304 παριστάμενον,
1105 2216 1203 2293 εὐθὺς
1224 2222 1374 2300 ἐξανέστη

270 2318 325 2383 καί
350 2316 463 2398 αὐτός,
499 2318 842 2402 καίπεριπτυξάμενος
874 2324 984 2386 τοῦτον
1000 2318 1064 2404 ‘itaq'
1089 2320 1213 2385 ds'dsdss’
1232 2318 1306 2405 ἔφη,
1325 2311 1379 2393 “al,

269 2420 419 2500 βασιλεῦ,
441 2411 509 2483 dtt’
541 2411 667 2498 saleim
703 2417 757 2487 ἐοο
779 2422 839 2505 πρὸ
861 2422 1002 2504 πάντων,
1026 2420 1067 2497 ὥς
1091 2420 1200 2486 οὐδενὶ
1219 2432 1418 2504 nossem-2⁰

271 2519 377 2601 λήσεις
400 2518 534 2609 κινδύνῳ
555 2524 747 2611 σωματικῷ,
775 2524 934 2609 τιμηθὴσγγ
966 2526 995 2586 d'
1018 2522 1112 2601 άξιίσς
1135 2525 1191 2604 τῆς
1212 2528 1267 2587 τοῦ
1289 2518 1373 2602 κρά-

271 2643 345 2695 τους
377 2620 546 2706 ὖπεροχῆς.
590 2616 704 2709 ἄφρων
735 2623 794 2708 γὰρ
824 2620 940 2699 ἐκεῖνος
965 2623 982 2687 t
1015 2621 1058 2707 μὴ
1091 2621 1150 2698 τὰς
1171 2619 1373 2705 άπροάπτοος

146 2723 372 2805 figulatum
404 2726 437 2801 ἐξ
467 2717 678 2811 άντεπιφορᾶς
710 2723 973 2809 εὔλοβοάμενος.”
1029 2726 1178 2804 ἐπιτάξας
1205 2715 1262 2789 οὖν
1283 2723 1372 2810 ον’τρῖ

272 3050 331 3103 sine
360 3043 463 3114 bonore
492 3055 519 3100 et
535 3046 697 3100 miserrimus
722 3046 834 3110 insedit,
862 3044 1099 3100 innumerabilibus
1118 3045 1235 3113 undique
1254 3052 1280 3096 et
1297 3046 1368 3097 into.

270 3120 430 3173 lerabilibus
450 3121 671 3171 considerationis
698 3126 724 3169 et
743 3118 917 3185 aegritudinis
944 3134 1012 3186 qnae
1031 3125 1093 3169 ante
1112 3117 1205 3169 oculos
1229 3125 1299 3169 esset
1316 3133 1368 3168 un.

270 3194 311 3244 dis
330 3192 491 3244 submersus
529 3199 637 3257 postero
657 3199 744 3241 autem
763 3192 806 3242 die
826 3206 883 3241 cum
904 3191 982 3241 etiam
1000 3204 1092 3257 regern
1111 3197 1214 3256 captum
1234 3204 1294 3240 esse
1312 3188 1367 3240 sul-

271 3270 334 3313 tano
351 3263 499 3313 nuntiatum
526 3270 612 3327 esset,
632 3261 791 3329 gandium
783 3276 938 3313 immensum
957 3259 1034 3313 simul
1056 3269 1082 3313 et
1100 3261 1229 3313 dubitatio
1250 3275 1307 3313 eum
1326 3268 1367 3311 te-

269 3333 361 3395 nebat,
381 3348 439 3382 cum
458 3341 564 3399 pataret
581 3347 701 3416 magnam
720 3348 817 3385 revera
835 3348 889 3384 rem
912 3340 937 3384 et
957 3334 1093 3401 ingentem
1112 3348 1182 3396 esse,
1199 3332 1269 3401 quod
1288 3346 1367 3397 prae-

268 3413 314 3456 ter
332 3403 435 3455 cladem
452 3404 525 3472 regis
556 3405 634 3455 etiam
664 3403 740 3455 illum
770 3406 855 3472 ipsum
882 3411 985 3471 captum
1006 3412 1032 3455 et
1052 3420 1158 3457 seruum
1178 3403 1296 3457 liaberet.
1332 3402 1368 3453 ita

270 3477 349 3527 modo
375 3475 489 3526 humano
518 3483 545 3526 et
571 3476 716 3560 prudenter
744 3476 907 3528 commodum
927 3478 1058 3528 victoriae
1081 3476 1180 3528 ancae
1200 3480 1367 3540 acceperunt,

269 3564 360 3616 neque
378 3545 540 3631 gloriantes,
568 3556 597 3599 ut
621 3548 649 3599 in
673 3548 753 3601 rebus
775 3549 898 3601 secundis
924 3547 1082 3616 plerumque
1100 3548 1159 3600 lieri
1177 3546 1263 3611 solet,
1281 3559 1368 3611 neque

268 3622 388 3688 ipsorum
408 3620 603 3686 copiisfaetum
623 3620 780 3685 tribuentes,
799 3621 846 3672 sed
866 3628 948 3673 tetum
960 3621 994 3671 ad
1013 3620 1089 3677 deum
1104 3619 1254 3671 relerentes
1273 3616 1367 3685 quippe

271 3694 317 3778 qui
336 3692 437 3744 maiora
462 3707 539 3759 quam
559 3707 607 3758 pro
626 3693 744 3758 ipsorum
774 3694 802 3744 vi
820 3692 949 3760 trophaea
975 3692 1163 3743 coniecissent.
1201 3687 1367 3757 quamobrem

272 3767 351 3817 etiam
370 3772 509 3832 postquam
537 3764 664 3816 adductus
694 3772 735 3816 est
758 3765 791 3815 ad
816 3764 948 3817 sultanum
972 3778 1021 3815 rex
1043 3762 1093 3815 vili
1123 3770 1149 3814 et
1167 3760 1277 3813 militari
1295 3766 1367 3812 ueste

269 3837 388 3900 indutus,
407 3851 499 3888 rursus
517 3835 566 3887 ille
586 3826 734 3888 haesitabat
754 3844 780 3887 et
799 3837 979 3888 testimonium
1003 3836 1037 3886 de
1062 3833 1112 3885 illo
1132 3832 1293 3902 quaerebat.
1313 3845 1366 3882 cum

174 3948 181 3971 ,
271 3915 360 3956 autem
390 3910 414 3958 ei
440 3923 596 3973 persuasum
623 3917 694 3959 esset
713 3916 740 3959 et
757 3906 790 3958 ab
809 3906 870 3959 aliis
892 3915 919 3958 et
948 3907 1078 3975 elegatis
1099 3907 1144 3973 qui
1164 3904 1228 3957 olim
1246 3905 1279 3955 ad
1296 3901 1366 3954 illum

270 3977 447 4043 ventitabant,
469 3978 545 4030 illum
565 3980 610 4047 qui
629 3979 746 4030 adstaret
765 3993 824 4029 esse
837 3978 997 4030 Graecorum
1016 3993 1117 4046 regem,
1136 3986 1191 4030 tum
1211 3976 1327 4029 surrexit
1344 3978 1369 4021 et

270 4049 331 4114 ipse
360 4056 386 4099 et
412 4050 550 4115 amplexus
576 4050 655 4101 huno
703 4066 738 4101 ne
765 4052 874 4113 timeas,
905 4050 1006 4116 inquit,
1025 4066 1086 4101 rex:
1106 4049 1153 4101 sed
1171 4045 1316 4134 tranguillo
1335 4044 1367 4095 sis

163 4120 171 4138 ⁴
270 4120 358 4171 animo
379 4133 467 4171 eoram
486 4122 622 4185 omnibus,
648 4138 706 4173 cnm
726 4123 754 4172 in
782 4119 883 4171 nullum
913 4124 1034 4204 eorporis
1057 4121 1207 4188 perieulum
1234 4122 1369 4172 incasurus

269 4192 323 4244 sis·
341 4190 390 4242 aed
407 4190 583 4244 honoraberis
601 4194 682 4260 digne
700 4192 838 4260 potentiae
853 4192 1029 4259 principatu.
1054 4194 1207 4261 imprudens
1226 4193 1294 4245 enim
1312 4186 1368 4252 ille,

271 4264 318 4333 qui
336 4263 496 4332 improvisos
523 4279 601 4319 casus
626 4280 660 4317 ex
691 4264 797 4317 ultione
822 4277 877 4317 non
901 4264 1001 4317 timeat.
1045 4266 1179 4335 imperans
1199 4265 1282 4334 igitur
1299 4268 1330 4312 ut
1346 4258 1369 4313 ei
