3017 4892
583 326 794 397 meroen.
1114 312 1120 320 ’
1173 325 1247 399 νιν

142 497 322 580 δραγαδιάς
338 495 395 559 καί
414 490 503 576 δόξης
524 482 594 557 όσσν
617 483 709 567 οὗτος
731 491 986 579 δπερηκόντισεν,
1009 490 1053 568 ῶς
1069 489 1151 575 μήτε
1172 496 1252 559 τοδ-

138 618 194 660 τον
215 590 304 674 όξιον
335 588 422 659 εἶναι.
448 594 620 676 προγόνους
652 588 782 674 ἐτέρους
803 590 888 676 ἐχειν
919 586 940 678 ἢ
967 595 1104 670 ἐκείνους
1123 590 1249 677 μόνους,

136 687 215 785 ’μήτ’
239 695 378 770 ἐκείνους
396 693 553 777 ἀπόγονον
570 695 677 777 ἕτερον
699 693 721 777 ἢ
742 691 799 758 τόν
819 696 876 759 νόν
895 693 1147 781 είφημοόμενον.
1171 689 1249 779 ὅπερ

142 795 181 882 δὴ
207 799 311 871 καλῶς
334 798 445 859 ποιοῦν
468 798 523 859 καί
542 796 748 877 συνέδραμεν.

111 908 130 962 5
239 893 284 964 Ἡ
300 902 360 979 μὲν
381 888 438 961 σόν
457 897 643 980 τοῦγένους
664 896 765 961 ου’τοῶ
788 892 940 964 α’νωτότοο
954 896 1010 964 καί
1029 895 1137 983 πρῶτη
1158 888 1250 981 σειρό

118 990 179 1067 ’ἐκ
199 1004 263 1065 τῶν
289 998 451 1065 Φῶκόδιον
473 1002 598 1062 ἐκείνων
624 992 789 1084 ῶρμηται,
813 996 979 1065 Φωκόδονν
997 990 1042 1065 ῶν
1062 1001 1150 1073 κλέος
1171 982 1250 1081 ου’ρδ

141 1098 226 1167 κατό
248 1105 355 1165 πᾶσαν
374 1101 431 1184 γῆν
453 1122 487 1163 τε
510 1101 566 1163 καί
586 1098 765 1165 θάλασσαν.
810 1092 896 1165 οὗτοι
915 1099 976 1184 γὰρ
998 1099 1174 1187 ὑπερφυῶς
1191 1103 1257 1163 τῶν

142 1194 249 1268 ῶλλιον
270 1200 305 1265 τό
329 1197 444 1286 κρότος
469 1203 503 1265 ἐν
525 1204 700 1282 βασιλείοις
720 1204 893 1287 ἐκέκτηντο,
914 1205 1120 1287 στρατηγίαις
1142 1223 1176 1264 τε
1200 1202 1256 1265 καί

143 1306 362 1389 δημαγυγιόιις
393 1302 449 1367 καί
474 1303 610 1391 α’νδρείφ
640 1308 791 1387 βραχίονι
819 1306 874 1369 καί
898 1309 1008 1387 γόνους
1042 1300 1253 1387 ἐπισημότητι

98 1404 265 1482 λυπῶντας
286 1408 432 1482 ἐπιεικῶς
461 1406 708 1490 όπεραίροντες·
751 1402 935 1492 ἐνενήκοντα
955 1402 1016 1488 γὰρ
1050 1402 1106 1467 καί
1123 1401 1181 1467 δύο
1203 1424 1254 1484 γε·
1334 1482 1338 1487 ¹

145 1504 218 1582 νεός
247 1508 479 1591 ευήμεροῶντες
509 1504 601 1571 aar&
618 1504 653 1571 τό
681 1511 814 1590 συνεχὲς
850 1503 930 1570 κατὰ
956 1494 1086 1571 ’πόντων
1109 1496 1195 1585 εἶχον
1216 1498 1252 1567 τὰ

143 1606 319 1692 νικητήρια,
339 1606 476 1691 μηδενός
499 1608 779 1692 α’νδαμιλληθῆναι
792 1604 978 1687 ,δυναμένου
998 1607 1055 1668 καί
1077 1606 1255 1688 συγκριθῆ-

144 1732 198 1773 ναι
216 1709 259 1795 τῷ
281 1710 363 1788 γένει
386 1709 448 1770 τῶν
473 1699 636 1770 Φωκόδοον
657 1706 739 1789 ὑπὲρ
763 1707 897 1787 α’νδρίας
920 1697 941 1788 ἢ
964 1706 1185 1788 ἀνδραγαθίας
1206 1728 1254 1769 τι.
1355 1750 1361 1759 .

146 1807 201 1884 νός
230 1802 250 1890 ἢ
275 1807 431 1883 ὑπατείας
450 1805 611 1892 ’μεγίστης
644 1810 700 1871 καί
720 1810 914 1892 στρατηγίας
942 1805 1125 1892 ἐπιφανοῦς.
1168 1805 1199 1871 εἰ
1219 1807 1256 1871 δέ

102 1922 137 1975 15
148 1929 196 1983 τις
222 1908 402 1989 α’ναδρόμοι
422 1906 502 1993 πρός
525 1906 665 1992 τὴντῶν
687 1906 871 1993 ἐνενήκοντα
901 1912 956 1973 καί
976 1904 1035 1971 δόο
1058 1907 1170 1991 γενεῶν
1192 1908 1256 1993 α’ρ-

147 2006 210 2093 χιὶν
233 2005 287 2071 καί
309 2003 484 2093 α’κρότητα-
504 2011 616 2092 (μέχρι
637 2008 698 2092 γὰρ
722 2013 782 2073 τοῦ
800 2013 855 2092 τῆς
886 2010 1038 2092 ἀοιδίμου
1058 2007 1176 2093 λήξεως
1192 2015 1256 2092 βα-

149 2113 263 2184 σιλέως
284 2110 397 2193 κυριόυ
419 2109 611 2197 Νικηφόρον
634 2115 691 2176 rori
716 2113 817 2176 Φωκοῖ
843 2108 879 2177 τό
900 2107 1000 2176 ’ποσόν
1020 2114 1084 2176 τῶν
1103 2109 1255 2176 τοιούτων
1344 2174 1351 2190 ,
1386 2123 1399 2141 ⁴

150 2213 387 2297 συνεψηφίςετο
408 2213 559 2297 γενεῶν),
584 2208 714 2295 εόρὴσει
738 2215 951 2295 κατηγμένους
972 2211 1090 2287 ου’τοδς
1111 2202 1174 2274 οἷπό
1198 2212 1256 2277 τοῦ

150 2312 369 2397 τρισμάκαρες
402 2308 457 2375 καί
475 2308 618 2395 μεγάλου
640 2315 904 2393 Κωνστοιντίνου,
934 2314 992 2377 τοῶ
1014 2308 1139 2376 πόντων
1159 2301 1257 2391 βασι-

106 2415 230 2483 νολέοον
249 2411 419 2497 ὑπέρτερον
440 2413 609 2498 ἐσχηκότος
629 2415 742 2497 κρότος
764 2414 799 2477 ἐν
827 2411 1004 2497 ὑπεροχαῖς
1026 2407 1257 2495 α’γοννισμότων

148 2516 327 2595 πολεμικῶν
350 2516 405 2578 καί
423 2514 480 2579 τοῦ
503 2508 582 2597 ὑπὲρ
605 2516 660 2598 τῆς
683 2515 850 2595 τιν’σεβειάς
870 2514 980 2597 ζήλου,
1000 2512 1044 2589 ῶς
1066 2516 1121 2579 καί
1140 2509 1257 2579 ι’σαπό-
1284 2533 1294 2541 ·

149 2623 261 2681 στολον
291 2618 480 2698 λογισθῆναι
508 2615 564 2679 καί
590 2620 645 2699 τῆς
676 2617 879 2699 Χριστιανῶν
906 2612 1081 2697 σ’μωμῄτου
1120 2612 1255 2687 πίστεως

150 2716 288 2799 κρηπῖδα
310 2719 498 2802 τελεσθῆναι
519 2720 575 2781 καί
595 2715 758 2802 πρόβολον.
781 2704 892 2799 ὀὗτος
911 2713 972 2800 γδρ
995 2709 1057 2778 α’πό
1079 2716 1134 2797 τῆς
1155 2735 1254 2799 πρεο.

152 3021 190 3072 ita
207 3026 237 3073 ut
254 3034 343 3089 neque
368 3019 414 3073 hie
432 3019 527 3089 dignus
547 3020 645 3086 suerit,
665 3020 710 3090 qui
729 3019 843 3073 maiorer
869 3019 936 3073 alios
961 3018 1074 3073 haberet
1090 3026 1171 3089 atque
1188 3019 1253 3074 illos

152 3091 241 3156 solos,
261 3104 350 3161 neque
369 3091 429 3157 illi,
450 3094 495 3162 qui
514 3102 672 3163 prognatum
692 3092 773 3145 alium
791 3093 921 3146 habereut
939 3108 970 3144 ao
990 3108 1067 3161 quem
1085 3106 1157 3145 nune
1176 3091 1253 3143 cele.

151 3164 277 3217 biamus:
297 3164 323 3216 id
343 3167 413 3233 quod
432 3164 502 3217 bene
530 3168 665 3218 convenit.

251 3250 362 3306 Generis
382 3255 464 3322 igitur
485 3257 542 3308 eiua
562 3272 684 3323 suprema
705 3264 731 3307 et
747 3256 833 3323 prima
851 3262 946 3307 catena
966 3270 1000 3307 ex
1016 3253 1184 3306 Phooadibue
1196 3252 1252 3305 illia

151 3326 221 3388 exit,
241 3339 353 3393 quorum
371 3324 459 3395 gloria
477 3327 531 3379 lata
550 3329 577 3380 iu
597 3329 667 3380 omni
697 3335 864 3397 terrentque
883 3329 949 3379 ruari
969 3334 1010 3379 eet
1030 3324 1203 3395 pervulgata:
1223 3324 1251 3375 hi

150 3397 218 3447 euim
237 3398 323 3463 magia
338 3397 436 3449 ceteris
455 3402 601 3466 potentiam
620 3401 648 3451 in
660 3401 753 3468 reguis
773 3398 824 3453 aibi
844 3407 1075 3467 comparaverant,
1086 3398 1205 3465 imperiis
1225 3403 1252 3447 et

150 3463 244 3533 populi
263 3466 458 3533 gubernatione
478 3478 504 3521 et
523 3470 598 3523 virili
617 3487 695 3521 mauu
715 3479 742 3522 et
761 3472 870 3538 generis
902 3470 1047 3537 splendore
1071 3484 1164 3521 omues
1193 3467 1251 3519 iere
1337 3491 1341 3496 ·

150 3543 319 3602 superantes:
346 3552 395 3603 per
421 3542 568 3607 nonaginta
587 3542 656 3591 euim
677 3549 703 3593 et
721 3542 786 3593 duaa
806 3550 907 3594 aetates
936 3542 1032 3593 ielieea
1050 3549 1199 3610 perpetuo,
1217 3539 1251 3590 δε

151 3604 271 3657 omuibus
285 3607 463 3672 reportabant
481 3618 601 3677 tropaea,
633 3628 691 3662 curn
719 3626 798 3662 uerno
819 3615 947 3664 resistere
960 3612 1059 3679 'poeaet
1088 3620 1115 3663 et
1140 3625 1252 3676 comga-

150 3675 201 3727 rari
221 3677 315 3744 generi
338 3675 488 3730 Phocaduru
507 3680 540 3730 de
559 3682 658 3733 virtute
678 3680 723 3732 vel
742 3680 899 3733 fortitudine
918 3682 964 3733 vel
991 3683 1121 3748 dignitate
1138 3681 1253 3731 maxima

152 3754 176 3799 et
197 3747 310 3814 irnperio
330 3748 437 3815 amplo:
456 3750 479 3803 εἰ
498 3752 557 3818 quis
577 3757 664 3801 autem
683 3753 809 3802 ascendat
828 3753 859 3804 ad
878 3753 1037 3820 principium
1062 3759 1089 3802 et
1116 3751 1251 3819 fastigium

151 3825 265 3869 aetatum
285 3821 432 3889 nonaginta
450 3821 561 3874 duarum
579 3826 679 3891 (usque
712 3824 782 3874 euim
810 3822 841 3874 ad
870 3839 961 3891 regern
989 3823 1143 3875 venerando
1172 3822 1250 3874 modo
1315 3844 1330 3854 =

150 3889 312 3954 defunctum,
331 3892 464 3943 dominum
482 3892 672 3961 Nicephorum,
692 3894 775 3946 filiurn
796 3894 902 3947 Phocoe
928 3902 968 3947 tot
997 3903 1099 3947 aetates
1123 3910 1250 3948 numera.

149 3962 270 4031 bantur),
289 3964 412 4015 inveniet
430 3980 477 4017 eos
497 3966 625 4018 deductos
646 3982 661 4017 a
679 3975 720 4018 ter
740 3966 819 4018 beato
840 3975 866 4018 et
885 3982 980 4037 magno
1001 3966 1186 4030 Constantino,
1203 3967 1248 4036 qui

150 4033 316 4099 superiorem
335 4049 412 4102 quam
432 4051 522 4090 omnes
544 4054 623 4106 reges
642 4038 735 4090 habuit
753 4040 900 4106 potentiam
911 4040 938 4090 in
953 4038 1104 4106 principatu
1122 4041 1253 4092 contami:

150 4118 209 4155 nunt
232 4104 392 4157 bellicorum
413 4115 439 4159 et
457 4109 535 4161 studii
555 4110 673 4177 pietatis,
694 4111 778 4161 itaut
798 4110 875 4162 etiam
895 4110 1011 4178 apostoli
1030 4112 1113 4163 instar
1132 4110 1248 4163 habero-

151 4184 191 4227 tur
210 4184 237 4228 et
255 4178 378 4230 aiueerae
398 4178 594 4235 Ohistiauorum
613 4182 674 4234 fidei
696 4182 895 4234 fundamentum
913 4184 991 4237 fient
1016 4190 1043 4245 et
1059 4198 1158 4235 merua.
1203 4181 1248 4232 hie

153 4246 220 4301 eninr
239 4264 272 4303 ex
291 4260 385 4305 vetere
403 4251 488 4308 Roma
506 4250 669 4311 trauoiereue
688 4269 799 4326 rognum
818 4256 986 4323 Byzantium,
1006 4270 1110 4326 exque
1136 4252 1247 4309 Maxen-
