3017 4892
266 377 338 471 me
556 373 777 484 niminis
809 373 1070 492 sermome

264 564 320 607 ταν
342 542 398 624 τῆς
423 544 595 627 serendis
623 544 801 620 ἐξεκαλεῖτο
823 544 962 627 θερμαῖς.
1020 543 1169 626 παρῆσαν
1186 536 1248 625 γόρ
1269 540 1387 606 τ’τεῖσε

263 634 282 705 ό
303 664 337 707 τε
363 642 571 727 Καλχηδόνος
595 640 823 725 όἩρακλείας
846 643 900 705 καί
920 640 939 703 ό
957 642 1164 719 Καλανείας,
1186 637 1245 715 τός
1269 664 1383 707 σιτου-

46 790 57 803 ,
166 800 169 804 .
265 741 325 819 δαὶς
345 743 430 829 αότῷ
452 749 704 819 συντελέσαντες.
747 742 964 827 ὑπεμίμνησκε
992 745 1030 807 δὲ
1052 740 1170 817 αότοός
1191 746 1246 807 καί
1265 738 1381 826 όριιοαν

264 848 319 911 καί
344 849 407 911 ταῖν
439 843 473 909 ἐκ
495 847 553 909 τοῦ
582 844 673 908 θείου
705 849 873 925 υεμὲσεοαν.
929 840 958 908 οἱ
980 845 1032 924 δέ,
1053 846 1111 905 καί
1127 866 1187 924 περ
1206 848 1378 927 βοηθῆσαι

263 948 363 1035 τοόττρ
372 945 569 1029 βουλόμενοι,
585 939 673 1027 όρόανς
684 946 827 1019 όσθενιός
838 942 933 1027 ἔσχον
945 946 1072 1028 α’νδριόν
1084 943 1215 1027 όπρνοῖν
1229 940 1298 1025 ἅμα
1313 947 1378 1009 κατ’
1385 955 1404 1008 5

266 1049 423 1134 dupondio
444 1046 694 1130 α’ναρπασόντταν
717 1046 813 1111 αὐτόν
827 1051 882 1110 καί
899 1046 942 1123 οἷς
964 1045 1078 1130 ἱερείου
1098 1042 1236 1130 όγόντιαν
1258 1047 1313 1110 ε’πί
1331 1042 1374 1109 τό

185 1228 187 1232 ¹
264 1150 410 1236 σφάγιον.
454 1154 508 1215 καί
528 1150 573 1225 τίς
597 1146 632 1211 τό
657 1146 792 1231 κόστραν
814 1148 1043 1231 ἐγκλείσαντες,
1073 1146 1167 1228 θυμοὶ
1187 1144 1266 1233 πρός
1288 1147 1378 1210 πόν-

264 1274 321 1327 τας
344 1251 613 1337 ἐπιστρεφόμενον
636 1248 692 1312 καί
715 1248 773 1331 τὴν
802 1251 866 1312 τοῖν
888 1249 1064 1333 ἀρχιερέων
1093 1246 1226 1317 κατόπιν
1247 1272 1375 1332 προρρη-

263 1356 337 1419 σιάν
360 1354 439 1417 ἰδεῖν
462 1352 611 1436 διηνεκῶς
631 1344 855 1436 ἐπευχόμεναν,
878 1352 1004 1438 οἰκίσκῳ
1025 1352 1088 1415 τινί
1109 1354 1376 1435 παραπέμπουσι,
1425 1369 1430 1375 ’

263 1456 322 1521 καί
336 1478 407 1519 τινα
425 1454 583 1519 Ἰουδαίαν
604 1451 718 1535 όμαθῆ
733 1448 774 1517 τό
789 1452 924 1515 τοιαότα
944 1447 1001 1535 τὴν
1024 1453 1086 1516 τῶν
1107 1450 1286 1536 όφθαλμῶό
1306 1450 1417 1513 ast-10

263 1555 323 1621 ταό
354 1553 548 1636 διαχείρισιν
577 1550 794 1636 ἐπιτρέπουσι.
838 1548 992 1635 δήσαντες
1021 1547 1123 1616 αότόν
1141 1556 1177 1615 dx
1197 1546 1374 1634 τεσσάρων,

247 1655 320 1733 ’,καί
339 1660 384 1744 τῷ
414 1656 526 1739 στήθει
548 1652 603 1719 καί
624 1656 663 1741 τῇ
691 1658 794 1739 καιλίρι
814 1649 953 1727 παλλοός
981 1654 1023 1715 δι’
1048 1654 1373 1735 οἷσπιλλαςόπιστιγριέ-

264 1762 389 1838 ξαντες,
421 1760 557 1843 φέρουσι
579 1754 636 1820 τόν
652 1754 808 1821 Ἰουδαῖον
827 1751 1033 1836 περιωόόνιος
1058 1747 1140 1838 όγαν
1166 1757 1222 1819 καί
1243 1754 1373 1837 α’πιμῶς

265 1858 386 1946 σιδήρῳ
421 1855 497 1933 ταός
533 1852 725 1943 όφθαλμοός
752 1857 857 1940 orirer?
884 1853 1136 1937 tarnoderense,
1179 1858 1371 1939 ρνχωμόναυ

265 1960 407 2023 κάτωθεν
436 1960 493 2022 καί
526 1955 676 2041 ταόρειον
708 1960 898 2038 μυκωμένου
926 1958 982 2020 κατ’
1013 1958 1136 2041 μηδένα
1173 1954 1229 2020 τόν
1255 1954 1372 2021 οίκτεί-
1380 1961 1415 2013 15

265 2083 362 2144 ροντα
384 2056 518 2141 ἔχοντος.
572 2057 609 2121 ori
629 2054 694 2141 μὴν
726 2053 810 2136 ἱόπαξ
832 2060 926 2123 τοῦτο
951 2057 1067 2120 παθών
1088 2056 1210 2142 ἀφείθη
1242 2058 1299 2141 τῆς
1319 2080 1373 2121 τι-

250 2169 252 2173 ’
265 2162 402 2243 μιαρίας,
426 2158 504 2223 diod
526 2161 623 2245 τριχῇ
641 2155 696 2221 τόν
716 2159 847 2243 σίδηρον
866 2166 933 2233 τοῖς
963 2156 1077 2223 ταόταυ
1098 2161 1278 2241 κατὲβαψεν
1309 2150 1373 2238 όμ-

265 2284 365 2341 μασιν
389 2258 405 2320 ό
426 2260 482 2341 τῆς
510 2254 681 2323 θεοκτόναυ
709 2256 876 2343 τυγχόνααν
896 2260 1027 2344 σειρᾶς,
1047 2257 1107 2337 ἕως
1128 2260 1183 2326 καί
1204 2265 1372 2345 πληροφο-

266 2365 339 2447 ρίαν
361 2363 402 2424 δι’
423 2352 521 2444 όρκαυ
543 2366 697 2443 κείμενος
710 2356 802 2425 ἔθετο
823 2365 929 2427 πᾶσαν
948 2359 1006 2447 τὴν
1027 2364 1209 2443 οἰκονομίαν
1229 2364 1371 2443 ε’κχοθῆ.

265 2486 319 2527 ναι
348 2461 402 2527 κατ’
432 2455 630 2547 αἷπορρεῦσαι
664 2465 727 2527 τοῖν
749 2456 871 2527 ἑαυτοῦ
904 2464 1094 2549 ὀφθαλμῶν.
1147 2462 1292 2547 όγερθείς
1311 2453 1414 2527 odedu

266 2563 378 2646 αἵματι
411 2562 605 2649 διαβρόχους
621 2561 709 2647 ἔχων
737 2564 812 2639 τοός
832 2560 1044 2650 όφθαλμαός,
1063 2562 1174 2646 θίαμα
1197 2566 1226 2628 δ’
1246 2562 1370 2647 οἰκτρόν

216 2742 219 2747 ¹
265 2670 323 2731 καί
352 2664 490 2731 ἐλεεινόν
517 2669 573 2730 κατ’
602 2670 721 2751 θρῆνον
749 2667 903 2753 ε’πιφόραν
938 2674 1003 2743 τοῖς
1032 2664 1152 2751 όροόοιν
1182 2664 1368 2746 α’κόθεκττν,

266 2762 408 2852 ἡμιθνὴς
431 2764 539 2853 ἔκειτο,
561 2772 886 2854 προκατειργασμένα
914 2770 975 2850 μὲν
995 2768 1050 2833 καί
1068 2772 1106 2856 τῇ
1126 2765 1219 2858 νόορ,
1239 2764 1313 2833 τότε
1332 2770 1370 2833 δὲ

339 2971 380 3025 10.
399 2992 456 3031 τινι
469 2971 600 3044 Ἰουδαίῳ
621 2971 751 3047 daudet?
833 2972 875 3027 14.
892 2963 1112 3046 ’ἐκταράττοντες
1131 2974 1201 3029 G

270 3106 340 3207 onim
359 3153 397 3205 ibi
416 3154 558 3221 pontificos
577 3152 791 3217 chalcedoniae,
811 3160 839 3205 et
855 3153 1005 3207 Heracleae
1023 3162 1050 3207 et
1067 3153 1214 3219 Coloneus,
1236 3155 1281 3222 qni
1308 3153 1370 3207 tce.

269 3224 318 3279 dus
339 3240 398 3275 cum
418 3240 451 3276 co
470 3225 655 3291 ρετλευαταολι
676 3224 813 3277 edmonuit
830 3241 880 3278 eos
897 3235 924 3278 et
943 3226 1115 3280 iurisiurandi
1136 3233 1164 3277 et
1186 3220 1298 3278 ultionis
1327 3225 1371 3279 di.

268 3298 359 3348 rinae.
399 3294 441 3347 itli
462 3304 550 3347 eutem
569 3297 690 3363 quumvis
709 3294 837 3348 auxilinm
857 3299 882 3348 ei
901 3297 1033 3365 prochere
1060 3297 1186 3351 volentes
1211 3306 1299 3349 tomen
1326 3298 1372 3348 in-

267 3367 337 3420 firmi
357 3375 450 3431 erunt,
469 3382 528 3417 cum
547 3366 668 3419 homines
688 3366 811 3420 crudeles
830 3375 858 3420 et
877 3369 928 3421 ieri
948 3386 1007 3421 eum
1025 3377 1151 3437 reperent
1171 3378 1197 3421 et
1215 3368 1291 3437 quusi
1308 3369 1371 3421 nni.

236 3426 251 3449 ⁰
268 3438 321 3491 mul
341 3446 452 3507 agerent
476 3438 508 3489 ed
538 3438 715 3491 sacrificium:
745 3448 773 3491 et
797 3439 911 3493 castello
936 3442 1104 3495 includentes
1128 3441 1198 3493 hunc
1218 3442 1372 3509 frequenter

269 3510 302 3562 sd
321 3524 412 3562 omnes
431 3510 620 3577 respicientem
641 3518 668 3561 et
685 3512 839 3577 pontificum
858 3519 952 3595 postes
972 3515 1119 3565 cretionem
1147 3512 1260 3565 liberum
1285 3526 1371 3594 expe-

268 3582 316 3633 riri
335 3590 467 3649 perpetuo
486 3590 639 3648 precantem
659 3581 785 3641 conclavi
803 3585 964 3636 immittunt:
983 3593 1064 3653 etque
1081 3582 1181 3635 ludneo
1200 3584 1326 3636 cuidem
1319 3598 1371 3633 rm.

266 3652 356 3721 perito
378 3652 470 3706 talium
489 3668 575 3705 rerum
594 3654 734 3705 oculorum
754 3656 813 3709 eius
831 3656 1029 3708 coniectionem
1046 3657 1201 3722 imponunt,
1222 3656 1370 3708 vincientes
1413 3682 1418 3689 ·

268 3740 329 3777 cum
349 3741 383 3777 ex
402 3734 515 3793 quotuor
534 3725 652 3793 pertibus
674 3734 701 3777 et
719 3728 823 3794 pectori
842 3736 922 3796 etque
941 3728 1074 3780 abdomini
1098 3726 1197 3780 multos
1224 3735 1300 3779 scuto
1319 3726 1371 3775 im-

267 3798 425 3881 primentes‚
446 3798 535 3849 ferunt
556 3797 692 3862 Iudaeum,
711 3814 769 3850 cum
788 3799 887 3851 misere
906 3799 985 3852 nimis
1005 3806 1034 3850 et
1052 3798 1200 3851 crudeliter
1212 3798 1285 3851 ferro
1304 3812 1371 3849 ocu-

266 3866 310 3919 los
331 3870 388 3921 eius
410 3869 557 3921 effoderent
575 3869 704 3922 ululantis
725 3886 759 3921 ex
776 3871 869 3922 intimo
888 3878 999 3937 pectore
1010 3878 1038 3923 et
1056 3870 1125 3922 tnuri
1144 3871 1229 3923 instar
1246 3870 1371 3939 mugien-

266 3933 303 3989 ti't
321 3953 411 4007 neque
442 3956 592 4008 quenquam
610 3942 811 3995 misericordem
833 3941 971 3995 λινοστολίαι
995 3958 1085 4010 neque
1108 3949 1198 3995 tamen
1216 3941 1300 3994 semel
1320 3940 1372 3990 hoc

266 4022 362 4075 possus
382 4009 512 4070 liberatus
532 4020 572 4065 est
590 4012 711 4078 ultione,
726 4014 774 4067 sed
792 4022 834 4065 ter
852 4012 952 4065 remum
969 4012 1049 4067 huius
1068 4014 1156 4066 oculis
1175 4014 1304 4065 immersit
1321 4012 1373 4063 iste

268 4078 374 4131 nsseclu
404 4083 603 4137 coniunctionis
631 4085 710 4137 deum
734 4085 894 4147 cruciantis,
920 4084 1007 4136 donec
1040 4085 1085 4138 uel
1105 4085 1183 4137 fidem
1202 4083 1374 4137 iureiurando

270 4153 365 4205 iecene
384 4152 466 4217 dedit,
485 4161 571 4205 totum
589 4171 689 4207 nexum
709 4155 820 4206 effusum
841 4170 900 4207 esse
920 4162 947 4206 et
976 4155 1115 4209 effluxisse
1138 4156 1287 4209 oculorum·
1322 4168 1374 4204 ex·

267 4230 410 4293 perrectus
428 4224 512 4292 igitur
532 4228 663 4294 sanguine
683 4226 802 4278 madidos
821 4224 921 4279 hahens
940 4227 1047 4292 oculos,
1068 4235 1096 4279 et
1122 4228 1305 4297 spectaculum
1328 4223 1374 4277 lo-

264 4294 411 4357 rnentohile
433 4303 461 4347 et
477 4296 604 4352 miserum
633 4297 759 4366 quodque
783 4297 917 4366 planetum
943 4299 1052 4354 offerret
1068 4299 1223 4355 uidentibus
1241 4297 1373 4355 intulere-
1409 4320 1412 4329 ·
