3017 4892
273 287 348 368 σου
497 244 499 252 Χ
576 283 797 356 urcuraus
826 224 1086 358 umrumua

204 463 210 474 ’
273 463 414 552 ε’χθροός
435 460 629 546 ἐπαιρόντων
660 461 715 526 καί
734 460 977 545 μεγαλυνόντων
1006 459 1050 535 εἰς
1072 451 1156 540 όψος
1175 459 1216 537 ἐξ
1236 453 1432 536 α’μελείας

273 566 328 633 καί
350 563 548 649 ὑστερήσεως
575 567 637 628 τῶν
672 563 939 645 ἀντιτεταγμένων
968 560 1094 681 αὐτοῖς,
1124 555 1217 624 καθά
1241 554 1430 641 προδιεί-

274 675 398 754 ληπται.
451 668 481 731 σι’
513 667 548 730 δὲ
569 667 621 728 δεῖ
636 663 772 748 τάληθὲς
794 666 909 744 εἰπεῖν,
943 660 1019 727 δι’ι
1005 669 1143 750 ετὲρων
1150 656 1340 742 καμάτων
1366 681 1428 719 κατ

273 764 585 854 άντιπαρατάξεων
572 770 689 852 ετερων
700 790 755 850 την
774 765 973 849 βασιλείανό
996 770 1198 878 παντόφορος
1214 760 1428 849 ὀφθαλμός

272 873 348 960 ἀξίῳ
369 871 488 955 ταύτης
509 865 779 954 ἐπραγματεύετο.
1435 875 1451 924 5

363 965 479 1054 Ἔγωγε
500 960 555 1034 σόν
578 971 612 1033 ἐν
634 970 674 1055 τῇ
692 969 866 1057 Ῥαιδεοτῳ
885 994 1058 1054 τηνικαυτα
1078 966 1307 1052 παρατυχών,
1335 966 1426 1030 ἕπτ’-

197 1085 202 1092 “
272 1089 386 1155 σκεψιν
409 1075 509 1136 όκεῖσε
538 1067 725 1153 καταλοβτόν
748 1073 812 1135 τάν
832 1067 1001 1155 κτημάτων
1022 1094 1103 1156 μου,
1125 1065 1192 1146 ,τάς
1213 1071 1284 1150 μὲν
1312 1090 1425 1150 γινο-

271 1179 371 1257 μένας
395 1172 517 1260 φὴμιας
546 1172 625 1256 α’κοῇ
645 1172 1082 1255 παρελάμβανον,“η’πι’στοον
1104 1173 1140 1236 δὲ
1161 1180 1230 1246 τοῖς
1256 1174 1421 1254 λεγομέ-
1487 1235 1488 1238 ,

274 1300 363 1358 νοις,
395 1267 443 1338 ότι
468 1269 521 1336 διά
546 1275 670 1336 πολλῶν
690 1271 827 1357 Ιἡμερεόν
856 1272 1062 1358 ἑφημόζοντο,
1087 1270 1294 1357 συμβάλλων
1324 1277 1418 1337 καθ’

272 1373 386 1442 ἑαυτόν
407 1367 479 1458 ότι,
502 1375 628 1458 ἐπείπερ
658 1371 874 1456 ἧῬατδεστός
901 1377 1052 1440 τοσοῦτον
1082 1369 1198 1456 άπὲχει
1220 1370 1451 1460 διάστημαίθ
1487 1419 1488 1428 1

271 1478 327 1561 τῆς
348 1471 644 1556 Ἀδριανοοπόλεως
659 1469 735 1538 όσον
752 1476 869 1560 ταύτης
890 1474 908 1559 ἧ
929 1474 1151 1557 μεγαλόπολις,
1174 1471 1317 1552 πάντως
1346 1468 1407 1555 dr,

273 1580 305 1644 εἶ
323 1568 442 1661 α’ληθὲς
465 1568 616 1658 ε’τόγχανε
637 1575 670 1641 τό
691 1575 937 1660 θρυλλοόμὶενον,
962 1573 1158 1660 ἐμεμαθήκει
1178 1568 1221 1640 άν
1247 1574 1268 1640 ό
1288 1581 1407 1658 βασι-

273 1675 348 1752 λεός
369 1679 461 1742 τοῦτο
491 1680 546 1740 κατ’
577 1678 700 1758 ταχέως
722 1673 894 1760 ἐποιήσατο
922 1673 979 1758 τήν
1001 1670 1188 1761 διόρθωσιν,
1214 1676 1402 1760 πανταχοῦ

190 1835 195 1848 ,
272 1779 469 1863 γραμμάτων
499 1779 674 1859 βασιλικῶν
702 1775 938 1863 ἐπιφοιτώντων
959 1785 1028 1851 ταῖς
1057 1774 1175 1842 πόλεσι.
1195 1849 1200 1859 x
1221 1780 1285 1841 κατ’
1307 1776 1396 1842 κατά

272 1883 366 1945 τοῦτο
388 1877 498 1959 ε”μενον
518 1875 666 1963 α’τρεμὴς,
688 1871 758 1941 εἶτα
779 1880 835 1944 κατ’
853 1882 987 1962 θαρροῖν
1013 1879 1053 1964 τῇ
1073 1881 1178 1943 πίστει
1207 1879 1277 1944 τοῖν
1301 1875 1338 1943 ἐν
1355 1881 1395 1963 τῇ
1402 1899 1433 1949 15

268 1981 441 2069 Ῥαιδεστῷ
478 1981 623 2054 πολιτῶν
647 1975 689 2054 τός
725 1979 931 2068 φυλαττοόσῃ
959 1987 1026 2054 τοῖς
1059 1982 1229 2060 βασιλεῦσι
1260 1979 1304 2045 τά
1335 1982 1396 2063 τῆς

273 2077 517 2164 εόγνωμοσόνης
552 2082 701 2162 ἐνέχυρα.
761 2078 877 2144 ἔλαθον
917 2082 952 2144 δὲ
980 2074 1161 2162 περινιεσών
1190 2076 1394 2162 α’τιροόπτως

274 2177 328 2244 διό
348 2182 412 2245 τῶν
434 2179 563 2244 εἰκότων
584 2183 815 2263 συλλογισμῶν,
834 2186 954 2263 μικροό
976 2184 1053 2260 δεῖν,
1074 2179 1211 2268 μεγίστῳ
1230 2179 1303 2246 τινὶ
1323 2207 1394 2244 πα-

266 2277 471 2372 Κραπτεόματι.
514 2279 592 2366 γυνή
615 2280 746 2366 γάρτις
772 2286 806 2348 ἐν
828 2287 865 2370 τῇ
882 2283 1053 2368 Ῥαιδεστρῖ
1072 2283 1110 2348 τά
1132 2285 1245 2366 πρῶτα
1272 2288 1392 2369 φέρειν

271 2379 351 2472 κατά
381 2379 508 2446 πάντων
543 2381 791 2469 σπουδάζουσα,
814 2383 998 2467 συγγένειαν
1027 2386 1061 2448 ὲκ
1082 2387 1139 2448 τοῦ
1160 2380 1283 2467 α’νδρός
1307 2381 1432 2467 apricat)

276 2478 332 2546 τόν
356 2485 530 2565 Βρυὲννιον
550 2487 663 2548 τοῦτον
695 2486 920 2566 συνάπτουσα,
948 2487 1112 2568 λαθραίως
1140 2481 1280 2558 πολλοὺς
1301 2482 1390 2547 όπέ-

275 2607 354 2670 ουρε
379 2583 442 2654 τοῖν
459 2583 710 2672 Ῥαιδεοτηνοόν,
734 2585 849 2670 δώροις
869 2584 999 2661 τούτους
1028 2585 1083 2650 κατ’
1100 2584 1318 2668 ὑποσχέσεσιν
1344 2583 1392 2660 σός

275 2681 393 2771 ἑαυτὴν
421 2689 626 2768 μεταθέσθαι
651 2686 855 2770 σομπεόσασα
884 2685 940 2751 καὶ
965 2687 1168 2769 συνωμοσίαν
1188 2688 1223 2763 ἐξ
1244 2685 1393 2768 ἰδιοχεί-

315 2846 393 2918 '15.
418 2884 555 2924 κατατουτ
576 2901 582 2918 ·
603 2905 610 2920 .
629 2866 769 2942 ἔμενενῦ
862 2866 904 2918 17.
923 2868 1007 2923 ἔλαθε
1025 2865 1056 2921 (λ
1150 2864 1194 2918 19.
1212 2857 1288 2938 γυγῆ
1306 2865 1341 2920 G.

275 3048 356 3102 stulte
376 3049 519 3117 dispositus
538 3049 707 3102 adversarios
726 3046 831 3100 ualidos
845 3048 972 3114 reddidit,
993 3058 1022 3101 ut
1040 3047 1164 3118 plerique
1184 3049 1277 3101 hostes
1298 3047 1386 3098 effer.

275 3130 336 3173 rent
356 3129 382 3172 et
401 3120 529 3172 inultum
548 3120 677 3173 tollerent
695 3127 806 3187 propter
830 3119 1022 3190 negligentiam
1041 3128 1067 3171 ct
1086 3121 1237 3172 tarditatem
1253 3119 1307 3171 sibi
1329 3132 1385 3185 op.

274 3193 439 3258 positorum,
465 3200 494 3243 ut
523 3199 602 3243 antea
621 3193 826 3243 demonstratum
856 3200 910 3244 est:
929 3191 975 3243 vel
998 3193 1021 3244 si
1042 3201 1147 3258 oportet
1165 3208 1257 3244 verum
1277 3191 1384 3253 dicere,

274 3262 335 3313 aliis
353 3261 488 3315 laboribus
509 3271 536 3314 et
557 3264 654 3331 pugnis
674 3261 721 3314 alii
745 3277 857 3331 regnum
883 3263 971 3315 omnia
989 3271 1112 3331 spectans
1132 3263 1227 3315 oculus
1244 3263 1326 3329 digno
1350 3275 1383 3312 eo

274 3333 392 3384 curabat.

372 3427 501 3497 liquidem
520 3429 646 3482 llaedesti
665 3437 719 3481 tum
731 3431 868 3496 versabar,
889 3432 1074 3500 quaestionem
1094 3419 1132 3483 ibi
1149 3432 1292 3483 instituens
1312 3445 1381 3498 pos.

274 3501 423 3553 sessionum
442 3515 574 3551 mearum:
602 3516 722 3554 rumores
742 3504 849 3571 quidem
878 3504 1010 3556 audiendo
1030 3503 1209 3570 accipiebam·
1227 3502 1380 3554 diffidebam

273 3579 361 3626 autem
381 3573 472 3636 dietis,
498 3573 560 3641 quia
584 3585 633 3640 per
658 3573 757 3628 multos
787 3575 844 3628 dies
870 3573 1089 3644 divulgabantur,
1117 3583 1244 3642 reputans
1262 3590 1376 3637 mecum,

242 3703 243 3707 Ἰ
274 3645 486 3714 quandoquidem
502 3645 650 3698 Raedestus
669 3653 742 3697 tanto
761 3646 907 3698 intervallo
927 3645 1004 3699 abest
1021 3646 1054 3697 ab
1072 3645 1258 3714 Adrianopoli,
1278 3653 1378 3714 quanto

274 3717 306 3769 ab
327 3716 451 3770 bacurbs
471 3713 603 3786 capitalis,
624 3719 740 3782 omniuo,
761 3719 784 3769 si
802 3733 883 3770 uerus
902 3718 999 3769 lursset
1007 3733 1107 3781 rumor,
1126 3719 1275 3770 auditurum
1294 3716 1379 3768 fuisse

268 3804 365 3857 ,regem
385 3804 444 3838 eum
458 3801 485 3842 et
503 3789 629 3842 celeriter
643 3789 839 3840 correctionem
855 3791 1050 3841 instituturum:
1073 3789 1172 3858 ubique
1190 3789 1277 3841 literis
1295 3788 1379 3855 regiis

274 3858 363 3912 allatis
383 3861 502 3916 urbibus
542 3869 568 3911 et
586 3861 646 3912 ideo
667 3860 805 3912 manebam
822 3860 987 3926 intrepidus:
1011 3861 1108 3913 deiude
1128 3862 1207 3913 etiam
1225 3860 1309 3913 lretus
1327 3859 1379 3910 lide

198 3993 201 3998 ¹
276 3928 374 3981 civium
386 3932 512 4015 Raedestj
526 3939 555 3983 ut
567 3947 635 4000 quae
648 3940 771 3985 servaret
782 3932 889 3999 regibus
902 3932 1014 3998 pretatis
1022 3948 1144 4000 pignora
1174 3948 1281 3984 nescrrr
1292 3938 1379 3981 autem

274 4013 316 4049 me
336 4001 482 4066 improviso
502 4005 628 4056 incidisse
649 4005 784 4071 opinionis
811 4001 1063 4057 ratiocinationibus
1088 4019 1175 4073 paene
1183 3996 1222 4054 in
1239 4004 1379 4055 maximum

274 4084 370 4122 cusum.
392 4075 489 4125 mulier
503 4076 571 4126 enim
586 4077 713 4143 quaedam
724 4074 850 4126 Raedesti
863 4077 959 4140 primas
971 4090 1055 4142 agere
1073 4079 1144 4128 inter
1156 4090 1248 4127 omnes
1260 4073 1379 4135 studens,

273 4141 403 4194 affinitate
418 4159 433 4194 e
449 4146 564 4212 coniuge
579 4163 637 4198 cum
646 4146 784 4231 Bryeunio
798 4144 850 4196 boc
863 4147 1016 4213 coniuncta,
1028 4149 1096 4200 clam
1105 4149 1203 4201 multos
1219 4143 1381 4202 subornabat

271 4213 471 4282 mereamor,
498 4215 574 4270 douis
592 4219 635 4272 his
655 4227 682 4272 et
699 4217 853 4286 promissis,
881 4227 911 4270 ut
937 4221 1017 4278 adse
1035 4221 1180 4278 transirent
1200 4217 1375 4289 persuadens,

1487 3045 1488 3128 l

1487 3249 1488 3320 l

1486 3425 1488 3530 l
