3017 4892
241 337 290 408 cs
358 417 359 423 ς
532 340 750 410 urcnruus
782 339 1041 438 trutmonia

241 505 304 566 solio
327 492 501 585 παρόντων,
523 504 567 587 τῷ
589 501 674 584 κρέει
701 495 830 588 νιαίτρῖΙ
843 495 953 590 ὄμβρῳ
975 509 1108 584 συνεχεῖ
1122 503 1178 564 καί
1200 500 1345 565 οἷνυποί-

239 621 302 688 στρ
323 597 472 683 μήκιστον
493 599 607 684 χρόνον
633 602 928 687 ταλαιπωρούμενοι
941 653 950 684 ,
972 601 1007 668 τέ
1034 605 1089 686 ζῆν
1100 600 1344 687 ’έναπέρρηξαν,

146 737 149 742 ·
239 704 294 766 καί
312 701 351 766 τοὶ
376 701 539 786 ἐπιτήδεια
574 711 648 784 παρ’
672 701 786 767 έλπίδα
815 712 882 778 τοῖς
904 707 1164 787 στρατευομένοις
1198 704 1345 785 έπέλιπε,

239 806 398 882 ποταμιόυ
420 799 580 888 ῥεύματος
612 802 667 868 καί
692 806 849 886 χειμῶνος
869 800 1022 884 γενόμενα
1052 801 1219 888 πάρεργον.
1262 808 1344 870 α’να·

239 903 349 986 στολῆς
373 905 407 968 δὲ
428 907 595 988 γενομένης
615 903 699 992 ἐξῄει
720 908 843 990 πρωίας
871 903 889 968 o‘
911 900 1071 985 βασιλεύς,
1091 909 1144 969 καί
1162 904 1218 969 τὸν
1238 915 1373 971 ποτα-5

238 1001 298 1084 μὸν
320 1002 425 1086 α’γχοῦ
445 1009 669 1087 καταρρέοντα,
691 1009 852 1090 τραφέντα
880 1009 920 1092 τῇ
941 1009 1108 1094 έπομβρίρι,
1129 1007 1342 1090 διαπιραισέ-

238 1128 333 1186 μενος
350 1103 485 1180 πολλοὺς
516 1106 579 1171 τῶν
602 1109 767 1190 σφετέρων
795 1108 947 1189 α’πέβαλε.
989 1104 1086 1188 λη’ξας
1114 1107 1151 1170 δὲ
1182 1104 1263 1189 πρδς
1283 1133 1341 1188 μι-

239 1203 312 1287 κρὸν
332 1205 386 1286 τῆς
400 1201 589 1288 ιὁδοιπορίας
611 1202 673 1270 tut
699 1203 792 1270 σκιέν
813 1204 890 1290 ἔστη
911 1209 1046 1288 δένδρου
1075 1206 1160 1279 τινές
1182 1202 1252 1287 δίμα
1272 1206 1343 1272 τισί

142 1309 147 1318 ’
238 1306 305 1371 ταῖν
335 1306 572 1389 ὑπερεχόντων,
602 1309 658 1371 καί
677 1316 744 1387 μετ’
772 1306 878 1390 ὀλίγον
907 1306 986 1390 η’χῆς
1020 1310 1186 1390 γενομένης
1215 1309 1250 1372 έν
1281 1309 1340 1390 τῆς

239 1405 475 1501 δρυδςρπροῄει
505 1406 620 1490 μικρὸν
649 1405 852 1488 ὁβασιλεές,
880 1403 957 1474 δσον
975 1405 1022 1490 μη
1044 1406 1088 1496 cpi
1108 1403 1200 1492 prisea
1219 1406 1338 1490 ταύτης
1351 1420 1390 1472 10

239 1506 561 1590 καταλαμβάνεσθαι·
605 1504 734 1592 ῥιζόθεν
757 1513 786 1573 δ’
815 1502 899 1593 αὕτη
921 1513 1077 1593 τμηθεῖσα
1097 1507 1159 1573 σδν
1180 1510 1282 1595 πολλῇ
1300 1510 1341 1595 τῇ

238 1610 298 1697 βοῇ
319 1603 415 1674 ὑπτία
437 1611 477 1695 τῇ
498 1609 538 1697 γῇ
558 1608 777 1693 προσήρεισε..
802 1615 927 1694 γέγονεν
959 1607 1150 1691 έβασιλεδς
1173 1607 1260 1683 ένεδς
1282 1633 1340 1673 κα·

239 1704 482 1792 ταμοθιόνοῗας
511 1711 627 1794 μικροῦ
656 1711 721 1774 δεῖν
744 1715 892 1795 τελευτῆς
920 1708 1031 1793 ἔμελλε
1059 1719 1185 1794 τυχεῖν,
1218 1712 1273 1776 καί
1300 1704 1340 1796 ἦν

241 1814 407 1898 προοίμιον
428 1811 485 1876 orire
510 1809 633 1893 ἀγαθὰν
656 1810 691 1877 τὸ
718 1812 919 1898 συγκύρημα.
951 1844 958 1860 =

340 1910 559 1996 Προβιβέζων
579 1914 614 1978 δέ
636 1913 691 1997 την
706 1912 860 1997 στρατιὰν
880 1911 1090 1997 έπεποριέετο
1112 1911 1222 2002 ταύτῃ.
1265 1916 1337 1978 inc·
1350 1925 1382 1977 rt

240 2016 358 2095 τάχυνε
380 2014 408 2074 δ’
428 2005 535 2078 ἀδτδν
569 2016 624 2078 καί
646 2037 693 2088 τις
726 2012 817 2098 φήμη
845 2012 970 2098 ψευδής
997 2008 1130 2080 natata
1151 2012 1337 2097 ἔμπρακτος,

240 2114 427 2197 τυραννίδος
449 2110 653 2195 α’ποὶρχεσθαι
677 2116 812 2196 λέγουσα
833 2113 890 2178 τδν
908 2116 985 2199 πρὸς
1018 2109 1102 2182 idas
1124 2116 1339 2181 ἀποσταλέντα

241 2214 317 2296 παρ’
343 2213 444 2276 αὐτοῦ
465 2211 627 2278 πολιτικὸν
658 2207 763 2295 ἄνδρα
787 2210 841 2278 δια
864 2212 922 2297 την
954 2217 1019 2278 τιδν
1040 2216 1199 2299 δημοσίων
1219 2213 1341 2299 κνημέ-

175 2331 190 2373 ‘·
242 2337 307 2382 των
330 2311 486 2392 δξίοωσιν.
535 2312 591 2378 καί
609 2317 708 2397 μέχρι
729 2318 786 2398 τῆς
816 2315 980 2396 βασιλίδος
1000 2315 1166 2400 γενόμενος
1186 2317 1243 2382 καί
1262 2311 1339 2399 πρὸς
1433 2303 1439 2312 ’

243 2415 277 2482 τό
301 2413 426 2496 σι’κτρδν
447 2418 505 2480 τοῦ
524 2411 703 2496 συμβάντος
725 2414 853 2490 εἰκότως
875 2416 1028 2497 οἶνιαθτίς,
1051 2415 1108 2480 καί
1125 2413 1184 2498 την
1204 2427 1384 2500 κατηγο-20

245 2520 318 2602 ρίαν
338 2519 396 2580 τοῦ
424 2507 578 2600 ἄρχοντος
608 2519 800 2582 ἐπίπλαστον
833 2515 986 2600 ἐγνωκώς,
1013 2517 1232 2599 ἀνελάμβανον
1252 2512 1338 2596 ὅμως

243 2621 299 2698 τῆς
321 2610 464 2699 οἷθυμίας
485 2609 608 2702 ἑαυτόν,
630 2615 685 2681 καί
703 2616 778 2702 περί
798 2619 853 2683 τόν
878 2615 961 2683 κατὰ
982 2619 1151 2702 πρόσωπον
1169 2621 1226 2701 τῆς
1245 2623 1337 2696 βασι·

243 2719 329 2795 λίδος
364 2721 603 2802 προεκκείμτνον
636 2716 785 2803 πορθμὸν
815 2716 916 2784 οἶνιοδν
950 2721 1146 2804 ένησχολεῖτο
1177 2722 1216 2807 τῇ
1244 2715 1365 2809 θήρη.

245 3030 272 3076 ct
290 3021 456 3077 intolerabili
477 3036 526 3090 per
545 3021 728 3092 longissimum
747 3031 851 3090 tempus
871 3022 987 3074 conlecti
1006 3024 1088 3074 vitam
1107 3024 1341 3090 deposueruntret

242 3096 395 3149 necessaria
414 3103 507 3148 contra
532 3095 757 3161 exspectationem
781 3093 879 3146 milites
897 3094 1064 3157 deiecerunt,
1082 3093 1209 3146 ductuum
1228 3104 1255 3148 et
1271 3102 1340 3150 tom.

244 3170 355 3236 pestatis
379 3167 448 3218 iacta
467 3168 678 3219 additamentum.
716 3166 894 3231 respiratione
913 3165 982 3217 lacta
1001 3167 1137 3234 egreditur
1153 3182 1230 3218 mane
1248 3182 1297 3218 rex
1315 3174 1341 3216 ct

244 3241 354 3292 durium
378 3252 463 3305 prope
483 3236 652 3300 detinentem,
673 3245 778 3288 auctum
796 3236 880 3288 imbre
899 3239 1096 3306 transgrediens
1117 3237 1215 3289 multos
1233 3252 1340 3290 suorum

243 3311 339 3361 amisit.
390 3309 521 3360 desistens
546 3315 634 3358 aurem
664 3308 772 3374 paulum
803 3308 835 3360 ab
862 3310 960 3360 itinere
987 3311 1015 3360 in
1040 3308 1129 3360 umbra
1153 3310 1228 3360 stetit
1260 3309 1340 3361 arbo-

242 3382 280 3432 ris
306 3379 421 3430 alicuius
447 3395 505 3430 cum
538 3377 692 3447 quibusdam
716 3380 894 3446 primoribus,
922 3389 950 3432 et
967 3380 1048 3446 paulo
1074 3388 1134 3445 post
1154 3377 1284 3445 clangore
1309 3395 1342 3430 cx

243 3467 343 3520 quercu
362 3451 443 3515 iacto,
463 3450 632 3519 progreditur
644 3450 750 3517 paulum
764 3467 821 3515 rex,
835 3454 863 3502 in
881 3460 1006 3518 quantum
1024 3464 1077 3502 uon
1095 3448 1264 3517 longitudine
1283 3452 1341 3502 eius

243 3524 303 3590 capi
327 3529 432 3591 posset:
459 3521 584 3573 radicitus
607 3529 693 3572 autem
716 3523 784 3574 haec
802 3525 886 3575 scissa
906 3539 964 3576 cum
983 3521 1065 3573 multo
1079 3521 1196 3572 clamore
1215 3522 1341 3588 resupina

243 3597 272 3646 in
299 3604 395 3646 terram
424 3594 530 3648 decidit.
563 3593 648 3645 iactus
679 3603 719 3646 est
743 3611 791 3646 rex
821 3603 926 3659 mutus,
952 3610 1010 3645 cum
1038 3601 1232 3660 cognosceret,
1270 3592 1341 3659 quali

244 3681 329 3735 paene
362 3666 442 3718 morti
471 3664 674 3718 succubuisset:
714 3676 740 3719 et
773 3674 830 3718 erat
863 3666 1032 3734 proverbium
1065 3679 1120 3716 non
1152 3663 1250 3716 bonam
1283 3678 1342 3715 esse

240 3755 342 3794 illisum.

342 3825 507 3881 Promovcns
519 3835 606 3878 autem
617 3829 763 3880 exercitum
772 3827 809 3878 ibi
820 3825 1040 3894 proficiscebatur
1050 3840 1058 3875 τ
1077 3822 1246 3875 accelerabat
1255 3829 1341 3872 autem

247 3913 306 3949 eum
326 3899 405 3949 etiam
425 3899 493 3950 lama
519 3898 585 3950 laisa
605 3914 693 3967 neque
714 3899 817 3961 effecta,
836 3896 1002 3962 tyrannidem
1020 3896 1169 3947 instituisse
1187 3895 1279 3947 dicens
1298 3893 1341 3943 vi-

243 3982 300 4020 rum
319 3970 351 4020 ad
370 3971 499 4020 orientem
518 3985 533 4020 a
554 3985 583 4020 se
601 3972 718 4034 missum,
738 3969 858 4020 civilium
876 3982 963 4018 rerum
976 3968 1106 4032 peritum,
1125 3972 1234 4033 propter
1252 3962 1342 4030 publi-

244 4055 289 4092 cas
317 4041 502 4105 possessiones
521 4042 689 4107 aequandas,
716 4048 743 4090 et
767 4053 852 4105 usquc
876 4041 909 4090 ad
933 4052 1044 4104 regnum
1071 4038 1184 4089 veniens
1203 4043 1231 4086 et
1247 4035 1342 4086 misera

243 4112 349 4163 ratione
360 4113 498 4178 congressi
517 4120 628 4165 vexatus
649 4120 675 4162 et
692 4112 891 4163 accusationem
910 4109 1039 4175 principis
1058 4107 1206 4159 simulatam
1225 4119 1341 4172 cognos-

73 4211 76 4216 ι
149 4186 162 4226 Γ
245 4198 309 4235 cens
328 4197 358 4235 sc
376 4181 520 4249 recollegit
537 4191 624 4235 tamen
644 4183 776 4234 exanimi
795 4179 956 4243 delectione,
977 4187 1005 4230 et
1023 4180 1201 4231 circavadum
1216 4177 1341 4228 infronte

245 4256 320 4326 regia
338 4255 417 4308 situm
435 4254 582 4307 ascendens
601 4255 709 4308 vacnvit
726 4252 864 4308 venationi
883 4269 914 4306 se
931 4251 1069 4305 delectans
1087 4251 1194 4304 assidua
1207 4247 1341 4302 exercita·
