3017 4892
597 334 825 403 merolus(
863 336 864 341 ’
1187 326 1258 404 185

152 496 353 576 διεξάδιοτος
375 495 431 561 καί
450 494 639 581 κρημνώδης
658 500 714 561 καί
735 498 910 578 δυνάμενος
928 496 1067 583 στρατόν
1088 498 1262 564 διασκεδά-
1368 546 1383 559 .
1460 552 1466 559 ,

150 624 213 667 σαι
241 602 295 664 καί
326 598 529 685 παραστῆσαι
555 597 754 689 άσάντακτον
794 599 850 663 καί
877 597 934 675 τάς
963 596 1063 674 ὁπλάς
1093 599 1260 682 έπιτρῖψαι

152 706 222 768 τῶν
243 706 367 766 ἵππων·
410 694 487 783 ὅπερ
512 696 567 763 καί
584 701 639 785 ἐφ’
664 697 757 782 ἡμῶν
780 704 1031 785 προσνμβέβηκε.
1085 697 1140 763 καί
1160 696 1180 783 ἦ
1202 701 1261 763 τοῦ

153 805 314 885 βασιλέως
342 801 433 889 φήμη
464 802 618 882 περιδεεῖς
648 799 771 879 adacte
792 799 1013 886 ἀπειργάζετο.
1059 798 1124 900 ’διά
1160 800 1261 879 ταῦτα
1291 842 1298 851 ι

124 907 213 969 onos*
239 903 297 987 τὴν
318 907 378 985 μὲν
405 900 509 986 δρμὴν
541 908 607 976 τοϊς
628 903 783 978 ένανιιόις
811 902 905 967 soors*
933 903 1141 967 διεκῶλοσεν·
1187 901 1262 963 δοι-

108 1033 113 1039 ·
154 1002 336 1091 σθάρμηιοι
356 1006 392 1069 δέ
413 1002 574 1086 γενόμενοι
605 1005 679 1083 μεθ’
702 993 740 1085 ἧς
764 1001 938 1088 έκράτηοαν
967 1004 1053 1077 λείας
1076 999 1129 1066 dns*
1143 997 1178 1066 τὸ
1200 1000 1262 1064 δο-

152 1102 245 1171 τικάν
265 1109 372 1190 μέρος,
395 1097 518 1169 drosos
538 1103 592 1187 τῆς
611 1105 792 1188 Μελιτηνῆς
813 1104 1101 1185 διαπεραιωθέντες
1120 1099 1175 1166 τὸν
1191 1100 1260 1165 Βδ-

155 1203 294 1293 φράτην,
318 1202 399 1270 ια’θά
422 1204 478 1268 τοῦ
498 1204 640 1283 θέμαιος
663 1205 891 1267 Καππαδοκῶν
917 1201 994 1267 κατά
1017 1200 1053 1267 τὸ
1079 1202 1260 1282 εἰθισμένον

155 1304 266 1381 α’άτοίς
287 1308 432 1388 α’κροτῶς
466 1297 613 1386 ἤλαυνον,
636 1302 901 1389 καταληιζόμενοι
925 1306 985 1385 μὲν
1000 1306 1003 1313 ’
1019 1300 1063 1373 τὸ)
1078 1298 1261 1384 προστυχὸν

110 1418 146 1471 10
156 1406 191 1481 έξ
214 1407 345 1488 ε’φδδοο,
369 1407 570 1491 έφορμῶντες
589 1405 626 1467 δέ
646 1406 844 1491 πανστρατιᾷ
875 1402 955 1468 κατά
973 1405 1030 1487 τῆς
1050 1407 1110 1466 τοῦ
1129 1402 1259 1467 Ἰκονίου

155 1507 333 1581 πολιτείας·
383 1498 422 1589 ἧν
450 1503 510 1588 γάρ
539 1500 611 1568 τότε
639 1503 755 1587 πλήθει
790 1525 822 1567 τε
844 1504 900 1566 καί
927 1506 1056 1585 μεγέθει
1082 1503 1206 1586 ἀνδρῶν
1225 1522 1259 1565 τε

152 1609 212 1670 κατ’
230 1605 338 1671 οἰκιῶν
358 1609 415 1669 καί
433 1608 495 1669 τῶν
518 1597 622 1668 άλλων
638 1604 786 1687 χρηστῶν
805 1602 860 1667 καί
876 1604 1024 1687 ζηλωτῶν
1048 1604 1261 1689 διαφέρουσα,

154 1708 212 1769 καί
235 1699 325 1782 ζῶων
347 1706 556 1770 παντοδαπῶν
575 1706 648 1787 γένη
668 1706 844 1789 τρέφουσα.
1156 1696 1158 1706 ’

84 1786 89 1793 ¹
257 1805 554 1889 Προσκαρτερησας
575 1800 591 1865 ά
614 1804 766 1883 βασιλεδς
792 1805 838 1877 εἰς
862 1806 1039 1887 Κελεσίνην
1066 1804 1117 1889 ἐφ’
1138 1792 1259 1893 pitorio

112 1907 377 1977 ostracoderma
398 1905 444 1979 εἰς
465 1901 522 1988 τὴν
544 1902 748 1988 παρεμβολὴν
767 1901 995 1983 δποδέξαοθαι,
1019 1905 1071 1969 ἳνα
1090 1904 1135 1988 μὴ
1156 1928 1259 1969 κατα-

156 2003 392 2086 λαμβανόμενοι
413 2002 570 2089 σποράδες
596 2007 630 2082 ἐξ
652 2001 772 2087 έρήμης
796 2001 856 2067 άπὸ
883 2004 946 2067 τῶν
973 2003 1148 2087 Ἀρμενίων
1172 2002 1258 2068 α’πά-

156 2110 297 2185 λωνται,
330 2105 461 2168 κατόπιν
491 2106 555 2169 τῶν
581 2103 730 2169 ἐναντίοιν
758 2107 791 2168 έν
813 2107 858 2193 τῷ
892 2104 1109 2190 ὑποστρέφειν
1126 2102 1255 2189 ἐγένετο.
1297 2104 1301 2111 Α

156 2204 227 2270 έπεί
252 2208 308 2269 καί
334 2209 437 2288 κρίσιν
459 2206 611 2289 έπέστησε
642 2204 761 2286 μεταξά
786 2206 845 2269 τοῦ
866 2206 947 2271 λαοῦ
966 2209 1022 2270 καί
1040 2207 1097 2271 tori
1120 2230 1259 2293 στρατη-

153 2311 225 2389 γοῦ,
243 2308 275 2371 εί
293 2305 348 2370 καί
368 2308 463 2401 ον’δέν
488 2311 556 2371 κατ’
574 2304 704 2381 οδδενὸς
724 2305 916 2392 ἀπεφάνθη,
942 2310 1178 2393 ψηφισαμένων
1199 2312 1259 2390 μέν

112 2405 297 2493 νθδιάφορα
325 2410 421 2471 τινῶν
450 2408 506 2471 καί
532 2406 844 2488 μνωματενσάντων,
874 2410 954 2489 έμοῦ
974 2410 1023 2472 δὲ
1052 2407 1259 2500 καταγνόντος

157 2505 209 2571 διά
233 2513 424 2593 προπέτειαν
443 2507 499 2572 καί
519 2509 713 2595 άμφοτέροον
732 2506 766 2572 έν
787 2512 982 2595 άμφοτέροις
1005 2509 1186 2592 ἀσθένειαν,
1209 2506 1258 2575 δτι

156 2604 237 2692 πλην
256 2612 314 2672 τοῦ
345 2613 502 2689 βασιλέως
529 2611 623 2674 ον’δέν
656 2612 724 2674 ἐστι
756 2606 791 2673 τά
815 2612 971 2675 σονισιῶν
1000 2618 1066 2684 τοῖς
1082 2609 1258 2691 Ῥωμαίοις

157 2707 210 2773 τάν
224 2692 380 2792 πόλεμον,
399 2712 431 2774 εἰ
449 2712 493 2793 μη’
513 2734 575 2775 πον
601 2711 707 2795 δεήσει
727 2707 808 2796 πρὸς
832 2709 975 2794 άλλήλων
997 2712 1160 2795 ἐριστικῶς
1181 2711 1257 2777 δια-

157 2806 332 2892 μάχεσθαι.
396 2835 400 2842 ’

228 2937 272 2991 21.
291 2936 329 2991 δι’
347 2939 538 3015 δπροπίτειαν
556 2940 587 2995 0.

159 3082 287 3150 dissipare
306 3093 333 3136 et
343 3086 456 3138 reddere
475 3085 634 3139 dissolutum
654 3087 809 3157 strangulas
822 3087 955 3140 conficere
976 3102 1119 3157 equorum
1138 3086 1165 3140 id
1187 3089 1258 3156 quod

161 3155 236 3205 etiarn
258 3156 336 3209 nobis
361 3167 440 3210 antea
466 3161 624 3227 contigerat.
669 3168 751 3228 atque
776 3162 849 3229 regis
875 3160 944 3211 fama
968 3160 1047 3211 valde
1076 3158 1182 3211 timidos
1211 3174 1258 3213 eos

159 3225 285 3279 reddidit:
303 3238 447 3296 propterca
465 3233 542 3283 ctiam
561 3234 687 3299 impetum
706 3232 812 3300 quidem
826 3231 947 3285 hostibus
964 3231 1031 3283 haec
1050 3231 1257 3298 impediverunt.

159 3300 260 3349 reversi
287 3309 375 3352 autern
394 3318 453 3353 curn
477 3304 577 3371 pracda
596 3320 673 3372 quarn
698 3304 868 3356 obtinuerant
886 3306 918 3355 ad
945 3303 1137 3356 occidentalem
1155 3311 1258 3370 partem
1270 3348 1277 3373 ,Ι

160 3384 236 3433 snpra
255 3371 400 3423 Melitenen
420 3376 585 3427 traiicientes
595 3376 757 3442 Euphratem
777 3385 868 3429 contra
886 3378 1052 3445 provinciam
1072 3374 1280 3443 Cappadocum}

161 3454 193 3489 ex
209 3454 284 3490 more
309 3458 358 3493 sno
382 3446 580 3498 incontinenter
606 3448 858 3513 proficiscebantur,
888 3450 1047 3515 praedantes
1065 3449 1136 3517 quod
1153 3449 1187 3500 iis
1206 3446 1277 3520 αλκ-ᾗ

161 3512 227 3563 riam
246 3511 308 3573 iret,
326 3515 412 3577 primo
423 3517 541 3582 impetu,
562 3526 588 3567 et
605 3519 795 3585 aggredientes
813 3528 869 3571 toto
891 3535 948 3572 cum
971 3521 1091 3572 exercitu
1110 3518 1195 3571 leonii
1215 3518 1279 3578 ci-1

95 3613 98 3617 -
154 3582 283 3632 nitatem:
303 3586 448 3634 eratenim
467 3594 520 3637 tum
539 3587 709 3638 multitudine
728 3599 754 3639 et
768 3592 950 3658 magnitudine
969 3593 1087 3644 virorum
1106 3592 1259 3641 donrornrn-
1278 3623 1281 3646 ι

162 3667 211 3720 qne
231 3660 257 3703 et
275 3659 425 3705 ceterorum
444 3670 512 3724 quac
531 3660 683 3707 necessaria
702 3667 764 3710 sunt
784 3669 810 3711 et
828 3669 926 3726 optata,
945 3669 1092 3728 praestans,
1112 3663 1139 3711 et
1156 3651 1283 3710 anina-l

161 3724 222 3775 linm
241 3723 358 3775 omnium
376 3741 477 3793 genera
495 3727 592 3778 alebat.

256 3795 360 3848 Dorans
379 3812 428 3848 rex
445 3798 598 3864 llelesinac,
617 3806 647 3851 nt
665 3810 789 3853 servatos
811 3802 839 3855 in
859 3810 945 3853 castra
962 3805 1108 3870 reciperet,
1126 3818 1161 3855 ne
1181 3817 1255 3855 corn.

161 3867 283 3935 prehensi
303 3872 413 3934 sparsim
439 3878 549 3937 propter
568 3871 738 3924 solitudinem
764 3889 812 3940 per
830 3876 970 3929 Armenios
997 3878 1126 3943 perirent,
1145 3892 1161 3928 a
1180 3882 1256 3942 tergo

161 3940 270 3991 hostiurn
290 3942 420 3993 recedens
440 3943 524 4006 venit,
545 3960 603 3994 curn
628 3946 708 3996 etiarn
736 3946 864 3997 indicium
882 3948 1060 3999 constitueret
1079 3950 1148 3999 inter
1166 3962 1256 4016 popu.

160 4011 210 4063 lom
229 4020 256 4062 et
274 4013 482 4079 imperatorem,
502 4013 567 4066 licet
584 4016 652 4066 nihil
672 4017 705 4066 de
730 4017 786 4068 ulla
813 4034 843 4069 re
866 4027 1029 4083 censeretur,
1050 4035 1107 4071 cum
1127 4022 1259 4073 sentirent

162 4084 263 4134 divorsa
283 4085 387 4152 qnidam
408 4094 434 4135 et
452 4093 593 4152 putarent,
614 4102 665 4156 ego
684 4097 771 4139 antem
798 4106 935 4142 censerem
955 4099 1064 4158 propter
1081 4094 1257 4145 temeritatem

162 4162 187 4204 et
204 4162 377 4225 utrorumque
396 4159 424 4208 in
442 4158 562 4226 utrisque
580 4159 769 4225 infirmitatem,
788 4170 894 4229 praeter
910 4176 1000 4232 regern
1013 4163 1080 4215 nihil
1101 4180 1170 4230 esse,
1190 4166 1259 4235 quod

170 4224 274 4281 Graecis
294 4227 395 4281 bellum
417 4230 544 4293 firmaret,
563 4232 614 4285 nisi
635 4233 704 4284 lorte
722 4235 793 4287 inter
813 4250 842 4288 se
862 4242 964 4287 certare
983 4235 1120 4289 deberent.
