3017 4892
643 352 854 421 ntaronm.
1170 422 1175 430 ,
1243 346 1292 421 69

195 511 410 631 ψυχαγαηιόυ
433 506 550 573 ἑαυτόν
580 513 631 598 τά,
652 521 785 593 συνεχεῖ
809 516 977 631 γυμνασίᾳ.
1039 537 1109 598 περι
1132 513 1225 578 ‹ii‘
1205 509 1292 600 ω’ραν

196 605 331 689 άρίστου
357 633 426 693 φας
459 579 699 694 α’στραιτάβολον
730 620 795 688 τοῖς
827 611 934 688 τόσοις
956 617 1084 690 ἐκείνοις
1088 611 1292 700 ’ἐπίσαμον

197 707 358 783 Νεάτιολις
377 707 500 785 τοάτοις
520 709 555 776 τό
577 705 754 796 γναόρισμο.
806 739 857 778 και
876 737 892 775 ο
915 713 1068 796 βασιλεός
1092 717 1276 801 πληγειης,
1250 742 1294 792 ως

198 806 302 890 λόγος,
332 810 456 874 ε’κεῖδεν
485 811 625 888 α’κατίοις
646 810 797 898 δ’ξαίφνης
827 812 905 896 πρός
928 817 964 879 τό
985 820 1133 896 βασίλειοι
1155 809 1294 900 δι’ρμησε,

172 909 250 974 5καδ
271 908 491 992 νοσομαχὴοας
512 911 647 996 ἡμέροις
664 913 730 977 τισί
744 913 798 979 τόν
814 914 915 998 μόρον
937 913 1135 998 ἐκαραδόκει.
1170 919 1224 980 καί
1238 914 1292 981 διά

197 1011 292 1072 τοῦτο
312 1007 392 1090 τορός
424 1014 584 1090 όξιλέοοσιν
619 1013 675 1078 τοῦ
703 1017 796 1079 θείου
826 1014 1004 1092 ιῖσαάζεταιΙ
1033 1016 1091 1098 τήν
1114 1015 1294 1099 μετάνοιαν,
1360 1070 1366 1079 .

195 1111 251 1174 καί
271 1113 328 1191 τῆς
348 1113 515 1196 βασιλικῆς
537 1117 683 1192 ἔξουσίας
705 1114 760 1180 τόν
773 1116 944 1197 μοναδικόν
966 1116 1022 1181 κατ’
1043 1118 1212 1202 οἶοόριττον
1234 1117 1301 1181 cir-⁴

196 1206 403 1276 ταλλάττεται
424 1217 506 1295 βίον,
525 1219 659 1290 βασιλέα
682 1214 965 1302 προχειρισάμενος
995 1220 1033 1280 ori
1054 1217 1110 1283 τόν
1133 1213 1323 1299 όμοίμοναί.
1344 1221 1395 1277 180
1412 1235 1440 1277 τ.
1485 1276 1490 1294 ,

191 1311 347 1398 Ἰωάννην,
368 1315 408 1376 ου’
425 1313 477 1378 τόν
501 1319 705 1404 ἀδελφιδοῦν,
727 1319 785 1381 οιῖκ
815 1310 918 1400 άνδρα
954 1318 1150 1402 προσζεόξας
1173 1319 1212 1406 τῇ
1232 1322 1294 1382 δυ-

152 1431 185 1484 10
193 1417 295 1495 γατρί,
319 1411 400 1478 α’λλό
422 1413 474 1482 τόν
496 1418 651 1502 πρόεδρον
662 1417 971 1506 Κοινοεαντῑνοντόν
986 1416 1125 1500 Δοόκαν,
1148 1414 1183 1494 ός
1205 1417 1294 1506 crispi

185 1517 353 1597 συνίστωρ
376 1516 431 1582 κοτ’
450 1517 686 1602 σνναγιονιστὴς
706 1523 780 1603 περί
800 1520 858 1635 την
877 1523 932 1603 τῆς
952 1523 1116 1601 βασιλείας
1138 1518 1294 1600 κατάκτη-

193 1637 246 1678 σιν
268 1614 321 1680 διά
346 1616 462 1692 κοντός
484 1616 708 1725 ἐχρημάτισεν.
752 1615 849 1692 αότός
877 1619 945 1681 δ’
928 1643 945 1681 ο
970 1616 1136 1703 Κομνηνός
1156 1633 1295 1699 μοναχι-

193 1723 258 1790 κοῖς
281 1711 412 1800 ῥάκεσιν
433 1718 489 1800 τάν
519 1722 574 1782 τοῦ
607 1700 763 1783 Σπουδίου
783 1696 1021 1800 καταλαάβάνει
1043 1719 1162 1802 μονήν,
1187 1717 1234 1783 ἔτι
1255 1721 1296 1804 τῇ

194 1814 283 1900 νόσῳ
306 1816 518 1940 τρυηόμενος,
552 1816 648 1901 ζήσας
676 1823 767 1898 μέν.
877 1865 910 1899 .,
944 1819 1138 1899 βασιλεύσας
1171 1817 1261 1883 δὲ”
1241 1844 1294 1904 ετη
1376 1865 1379 1870 -
1420 1822 1422 1827 ’

153 1912 253 1979 15δάο
275 1916 330 1981 καί
355 1921 458 2001 μῆνας
491 1927 593 2000 τρεῖς,
628 1919 781 2004 ἐπιζήσας
800 1865 848 1983 δό
865 1921 983 1985 τοότοον
1004 1917 1152 1986 ἐλάττονα
1174 1923 1218 2008 τῷ
1231 1943 1293 2002 μο-
1362 1992 1368 2012 k

195 2021 323 2104 ναχικηό.

295 2120 389 2184 Μετὰ
419 2121 455 2183 δὲ
492 2143 549 2200 την
582 2119 728 2204 τελευτὴν
759 2119 927 2238 υγρότητος
957 2119 1056 2205 μεστὴ
1086 2121 1293 2185 θεαθεῖοοι“
1272 2148 1292 2204 η

192 2214 304 2282 τοότου
334 2216 430 2300 σορός
459 2217 560 2282 notaio
589 2219 681 2302 λόγον
712 2221 757 2296 εἰς
776 2220 832 2285 τόν
852 2223 987 2305 δῆμον’
972 2226 1117 2306 εκί,νηοε
1151 2223 1215 2286 τάν
1235 2224 1294 2302 μὲν

94 2350 99 2356 ’
193 2318 349 2401 τιμωρίαν
370 2312 453 2383 εἶναι
473 2317 625 2402 λεγόντων
638 2325 699 2385 καί
716 2321 874 2397 κολάσεως
889 2320 1036 2406 ἔνδειγμα
1056 2320 1091 2386 τό
1116 2326 1216 2407 φανὲν
1238 2321 1292 2387 διά
1348 2396 1352 2404 ,

148 2425 183 2478 20
191 2415 244 2482 τόν
265 2415 364 2482 πολόν
390 2415 486 2505 φόνον
499 2417 618 2486 ἐκεῖνον
633 2420 688 2486 τόν
705 2425 739 2486 εἰι
756 2423 810 2487 τοῦ
827 2426 1033 2506 κρατηθέντος
1055 2426 1214 2507 ἐμφυλίου
1235 2447 1295 2486 τιο-
1335 2430 1340 2435 ’

190 2524 289 2598 λέμου
302 2517 467 2600 γενόμενον
489 2524 563 2604 περί
577 2528 727 2588 Νίκαιαν.
751 2516 843 2596 ἄλλοι
864 2522 918 2586 διά
939 2520 1073 2605 τὴντῶν
1094 2525 1217 2586 πολλῶν
1235 2523 1296 2587 λα’-

191 2643 287 2686 κιοσιν
302 2623 358 2686 κατ’
375 2620 545 2706 όστδρησιν
566 2621 699 2707 μερικην
715 2628 771 2688 κατ’
789 2624 936 2707 καθόλως
957 2626 1019 2690 τοῖν
1037 2625 1212 2704 διδομένων
1228 2631 1292 2700 τοῖς

149 2803 154 2816 μ
190 2727 347 2800 πλείστοις
378 2725 522 2800 ε’τιετείιος
552 2727 586 2788 ἐκ
618 2727 679 2788 τοόν
711 2727 885 2805 βασιλικῶν
914 2727 1113 2808 θησαυρῶν,
1127 2715 1216 2787 άλλοτ
1236 2722 1289 2788 διά

262 2921 305 2976 20.
325 2911 386 2991 τόν]
407 2917 438 2976 τό
457 2920 487 2975 (λ.

191 3100 280 3151 tione:
300 3098 371 3149 circa
390 3103 493 3164 tempus
512 3103 600 3149 autern
614 3095 725 3164 prandii,
737 3096 827 3148 lumen
847 3094 1008 3164 fulguratum
1026 3096 1055 3146 in
1074 3094 1135 3145 loca
1152 3093 1201 3145 illa
1219 3094 1290 3146 inci.

191 3171 238 3233 dit,
257 3183 356 3221 novum
376 3168 417 3220 his
436 3170 557 3235 signum:
577 3177 604 3220 et
622 3184 670 3219 rex
688 3169 772 3231 ictus,
791 3175 821 3218 ut
839 3182 927 3219 sermo
947 3175 1002 3231 est,
1022 3167 1083 3218 inde
1102 3165 1225 3216 lintribus
1244 3182 1291 3216 re.
1351 3202 1355 3212 s

192 3249 272 3309 pente
297 3241 329 3296 ad
354 3243 455 3308 regiam
474 3241 618 3305 contendit,
646 3248 672 3291 et
696 3248 840 3309 aegrotans
859 3238 1005 3291 nonnullos
1023 3239 1080 3290 dies
1100 3245 1198 3290 sortem
1217 3252 1290 3288 suam

192 3311 378 3379 exspectabat,
405 3320 598 3379 etpropterea
626 3313 658 3363 ad
683 3310 839 3377 placandum
864 3327 961 3362 numen
986 3310 1104 3362 divinum
1123 3309 1291 3375 amplectitur

191 3384 380 3452 poenitentiam
407 3391 433 3434 et
458 3387 533 3452 regia
557 3391 690 3450 potestate
716 3382 861 3435 solitariam
881 3391 908 3433 et
925 3381 1073 3448 simplicem
1092 3389 1174 3432 mutat
1192 3382 1290 3444 vitam,

191 3463 329 3522 postquem
347 3470 438 3522 regem
468 3459 571 3509 creavit
587 3469 641 3506 non
661 3463 802 3523 cognatum
822 3454 957 3518 loannem,
976 3469 1064 3522 neque
1083 3459 1223 3519 nepotem,
1237 3467 1289 3502 ne.

191 3540 244 3594 que
262 3527 347 3575 virum
367 3527 533 3593 coniungens
552 3527 635 3589 tiliae,
654 3527 701 3578 aed
719 3527 869 3592 praesidem
889 3527 1090 3579 Constantinum
1109 3525 1224 3587 Ducant,
1243 3525 1288 3590 qui

193 3597 218 3645 ci
245 3597 367 3645 conscius
393 3603 420 3644 et
444 3598 532 3646 socius
550 3599 578 3645 in
596 3611 681 3664 regno
701 3596 845 3648 obtinendo
864 3599 972 3647 omnino
991 3597 1087 3647 iuerat
1125 3597 1183 3660 ipse
1201 3603 1289 3645 autem

193 3665 344 3718 comnenus
371 3664 536 3715 monachicis
562 3666 692 3715 vestibus
707 3666 813 3717 indutus
833 3665 918 3716 Stadii
947 3666 1051 3714 obtinet
1078 3667 1287 3725 monasterium,

192 3738 332 3787 ctiam—
358 3744 411 3786 tum
439 3736 531 3786 morbo
557 3744 678 3798 vexatus,
698 3743 847 3816 postquam.
857 3735 924 3785 vixit
942 3766 975 3776 -
995 3767 1028 3775 -
1047 3765 1100 3795 -‚
1120 3742 1147 3784 et
1165 3735 1289 3801 regnavit

191 3821 275 3859 annos
303 3807 368 3858 duos
402 3814 428 3858 et
464 3823 569 3860 menses
600 3814 672 3870 tres,
704 3805 745 3856 his
771 3805 911 3870 pauciores
936 3813 1075 3872 praeterea
1105 3801 1199 3856 vivens
1228 3820 1287 3855 mo.

190 3879 300 3931 nachus.

261 3982 267 3992 ’
298 3965 361 4018 Post
371 3965 470 4018 obitum
481 3975 568 4018 autem
588 3965 704 4036 humoris
724 3966 831 4034 plenum
847 3967 937 4019 ‘visum
957 3966 1034 4018 huius
1053 3965 1204 4032 sepulcrum
1214 3965 1285 4018 mul.

129 4059 132 4064 ’
189 4049 243 4092 tum
270 4053 418 4092 sermonem
447 4040 474 4089 in
500 4038 600 4106 populo
627 4041 718 4104 movit,
749 4055 807 4090 cnm
826 4039 873 4090 alii
891 4040 1022 4090 uitionem
1041 4053 1101 4089 esse
1120 4038 1240 4089 dicerent
1259 4044 1285 4089 et

189 4126 293 4178 poenae
313 4110 463 4176 exemplum
481 4111 505 4161 id
525 4112 594 4178 quod
613 4113 698 4162 visum
718 4111 814 4175 iuerat,
833 4120 943 4178 propter
960 4111 1068 4162 multam
1087 4110 1194 4161 caedem
1210 4108 1284 4160 iliam
1338 4154 1342 4163 .

189 4199 222 4234 ex
249 4182 341 4234 infami
371 4185 476 4236 interno
504 4182 577 4233 bello
606 4191 687 4234 ortam
708 4185 779 4234 circa
797 4182 936 4234 Nicaeam:
968 4183 1014 4234 alii
1033 4190 1143 4249 propter
1160 4179 1283 4230 multitu.
1314 4186 1325 4250 η

190 4253 257 4305 dinis
277 4256 446 4308 vexationem
466 4263 493 4305 et
503 4254 709 4307 deminutionem
727 4256 755 4306 in
766 4263 841 4322 parte
860 4264 888 4308 et
904 4257 1012 4308 omnino
1031 4269 1132 4318 eorum,
1143 4266 1211 4320 quae
1220 4249 1283 4317 ple-
