<?xml version="1.0" encoding="UTF-8"?>
<!DOCTYPE html PUBLIC "-//W3C//DTD XHTML 1.0 Transitional//EN"
    "http://www.w3.org/TR/xhtml1/DTD/xhtml1-transitional.dtd">
<html xmlns="http://www.w3.org/1999/xhtml" xml:lang="en" lang="en">
 <head>
  <title>
</title>
<meta http-equiv="Content-Type" content="text/html;charset=utf-8" />
  <meta name='ocr-system' content='tesseract 3.04.00' />
  <meta name='ocr-capabilities' content='ocr_page ocr_carea ocr_par ocr_line ocrx_word'/>
</head>
<body>
  <div class='ocr_page' id='page_1' title='image "./corpusscriptoru06theogoog/corpusscriptoru06theogoog_0317.png"; bbox 0 0 3017 4892; ppageno 0'>
   <div class='ocr_carea' id='block_1_1' title="bbox 593 325 1249 405">
    <p class='ocr_par' dir='ltr' id='par_1_1' title="bbox 593 325 1249 405">
     <span class='ocr_line' id='line_1_1' title="bbox 593 325 1249 405; baseline -0.011 0"><span class='ocrx_word' id='word_1_1' title='bbox 593 332 802 405; x_wconf 75' lang='lat' dir='ltr'><strong><em>HISTORIA</em></strong></span> <span class='ocrx_word' id='word_1_2' title='bbox 1176 325 1249 400; x_wconf 79' lang='lat' dir='ltr'>sot</span> 
     </span>
    </p>
   </div>
   <div class='ocr_carea' id='block_1_2' title="bbox 25 491 1392 2800">
    <p class='ocr_par' dir='ltr' id='par_1_2' title="bbox 138 491 1253 597">
     <span class='ocr_line' id='line_1_2' title="bbox 138 491 1253 597; baseline -0.014 -22"><span class='ocrx_word' id='word_1_3' title='bbox 138 531 230 597; x_wconf 90' lang='grc' dir='ltr'><strong><em>ρους</em></strong></span> <span class='ocrx_word' id='word_1_4' title='bbox 253 491 523 590; x_wconf 70' lang='grc' dir='ltr'><strong><em>ἀπεργασόμενος,</em></strong></span> <span class='ocrx_word' id='word_1_5' title='bbox 544 495 646 576; x_wconf 79' lang='grc' dir='ltr'><strong><em>οδιως</em></strong></span> <span class='ocrx_word' id='word_1_6' title='bbox 663 499 708 576; x_wconf 79' lang='grc' dir='ltr'><strong><em>τίς</em></strong></span> <span class='ocrx_word' id='word_1_7' title='bbox 729 497 788 582; x_wconf 77' lang='grc' dir='ltr'><strong><em>τὴν</em></strong></span> <span class='ocrx_word' id='word_1_8' title='bbox 808 491 925 564; x_wconf 73' lang='grc' dir='ltr'><strong><em>ἑαυτοῦ</em></strong></span> <span class='ocrx_word' id='word_1_9' title='bbox 947 493 1104 564; x_wconf 83' lang='grc' dir='ltr'><strong><em>δοόλωσιν</em></strong></span> <span class='ocrx_word' id='word_1_10' title='bbox 1124 493 1179 560; x_wconf 80' lang='grc' dir='ltr'><strong><em>καί</em></strong></span> <span class='ocrx_word' id='word_1_11' title='bbox 1196 495 1253 560; x_wconf 86' lang='grc' dir='ltr'><strong><em>πί-</em></strong></span> 
     </span>
    </p>

    <p class='ocr_par' dir='ltr' id='par_1_3' title="bbox 104 591 1253 895">
     <span class='ocr_line' id='line_1_3' title="bbox 104 591 1252 733; baseline -0.02 -53"><span class='ocrx_word' id='word_1_12' title='bbox 104 645 107 652; x_wconf 89' lang='grc'><em>·</em></span> <span class='ocrx_word' id='word_1_13' title='bbox 139 636 225 679; x_wconf 87' lang='grc' dir='ltr'><strong><em>στιν</em></strong></span> <span class='ocrx_word' id='word_1_14' title='bbox 248 611 439 733; x_wconf 60' lang='grc' dir='ltr'><strong><em>διρθὲρμαιε</em></strong></span> <span class='ocrx_word' id='word_1_15' title='bbox 462 605 592 722; x_wconf 84' lang='grc' dir='ltr'><strong><em>κοίτης</em></strong></span> <span class='ocrx_word' id='word_1_16' title='bbox 615 601 718 664; x_wconf 84' lang='grc' dir='ltr'><strong><em>αότοό</em></strong></span> <span class='ocrx_word' id='word_1_17' title='bbox 737 604 902 682; x_wconf 76' lang='grc' dir='ltr'><strong><em>βασιλειας</em></strong></span> <span class='ocrx_word' id='word_1_18' title='bbox 936 596 1073 685; x_wconf 84' lang='grc' dir='ltr'><strong><em>ι’ραστός</em></strong></span> <span class='ocrx_word' id='word_1_19' title='bbox 1092 591 1252 679; x_wconf 84' lang='grc' dir='ltr'><strong><em>α’πιιργό-</em></strong></span> 
     </span>
     <span class='ocr_line' id='line_1_4' title="bbox 140 694 1252 822; baseline -0.015 -44"><span class='ocrx_word' id='word_1_20' title='bbox 140 734 242 796; x_wconf 82' lang='grc' dir='ltr'><strong><em>σατο,</em></strong></span> <span class='ocrx_word' id='word_1_21' title='bbox 262 710 305 784; x_wconf 86' lang='grc' dir='ltr'><strong><em>σός</em></strong></span> <span class='ocrx_word' id='word_1_22' title='bbox 327 707 383 772; x_wconf 88' lang='grc' dir='ltr'><strong><em>καί</em></strong></span> <span class='ocrx_word' id='word_1_23' title='bbox 404 699 534 798; x_wconf 72' lang='grc' dir='ltr'><strong><em>ἄλλους,</em></strong></span> <span class='ocrx_word' id='word_1_24' title='bbox 557 700 572 766; x_wconf 84' lang='lat'><strong><em>6</em></strong></span> <span class='ocrx_word' id='word_1_25' title='bbox 564 697 636 822; x_wconf 75' lang='grc' dir='ltr'><strong><em>δίη</em></strong></span> <span class='ocrx_word' id='word_1_26' title='bbox 659 705 801 786; x_wconf 77' lang='grc' dir='ltr'><strong><em>λέγεται,</em></strong></span> <span class='ocrx_word' id='word_1_27' title='bbox 830 707 982 786; x_wconf 75' lang='grc' dir='ltr'><strong><em>γενέσθαι</em></strong></span> <span class='ocrx_word' id='word_1_28' title='bbox 1010 704 1045 779; x_wconf 76' lang='grc' dir='ltr'><strong><em>ἐξ</em></strong></span> <span class='ocrx_word' id='word_1_29' title='bbox 1072 694 1177 765; x_wconf 80' lang='grc' dir='ltr'><strong><em>όλλων</em></strong></span> <span class='ocrx_word' id='word_1_30' title='bbox 1198 699 1252 762; x_wconf 80' lang='grc' dir='ltr'><strong><em>καί</em></strong></span> 
     </span>
     <span class='ocr_line' id='line_1_5' title="bbox 142 800 1253 932; baseline -0.013 -56"><span class='ocrx_word' id='word_1_31' title='bbox 142 820 220 886; x_wconf 76' lang='grc' dir='ltr'><strong><em>τοῖς</em></strong></span> <span class='ocrx_word' id='word_1_32' title='bbox 242 809 303 876; x_wconf 78' lang='grc' dir='ltr'><strong><em>σίίν</em></strong></span> <span class='ocrx_word' id='word_1_33' title='bbox 325 809 411 932; x_wconf 80' lang='grc' dir='ltr'><strong><em>ριότῷ</em></strong></span> <span class='ocrx_word' id='word_1_34' title='bbox 428 800 636 886; x_wconf 87' lang='grc' dir='ltr'><strong><em>Ῥωμαίοις</em></strong></span> <span class='ocrx_word' id='word_1_35' title='bbox 620 806 803 922; x_wconf 75' lang='grc' dir='ltr'><strong><em>ομονοῆσαι,</em></strong></span> <span class='ocrx_word' id='word_1_36' title='bbox 825 806 882 868; x_wconf 84' lang='grc' dir='ltr'><strong><em>καί</em></strong></span> <span class='ocrx_word' id='word_1_37' title='bbox 899 806 974 884; x_wconf 75' lang='grc' dir='ltr'><strong><em>μιᾶς</em></strong></span> <span class='ocrx_word' id='word_1_38' title='bbox 993 804 1144 886; x_wconf 71' lang='grc' dir='ltr'><strong><em>γενέσθαι</em></strong></span> <span class='ocrx_word' id='word_1_39' title='bbox 1165 823 1253 881; x_wconf 91' lang='grc' dir='ltr'><strong><em>σομ-</em></strong></span> 
     </span>
    </p>

    <p class='ocr_par' dir='ltr' id='par_1_4' title="bbox 25 899 1392 2800">
     <span class='ocr_line' id='line_1_6' title="bbox 25 899 1315 998; baseline -0.011 -23"><span class='ocrx_word' id='word_1_40' title='bbox 25 923 27 938; x_wconf 80' lang='lat'><em>&#39;</em></span> <span class='ocrx_word' id='word_1_41' title='bbox 113 915 258 998; x_wconf 74' lang='grc' dir='ltr'><strong><em>ὅφυίας</em></strong></span> <span class='ocrx_word' id='word_1_42' title='bbox 279 914 334 974; x_wconf 86' lang='grc' dir='ltr'><strong><em>καί</em></strong></span> <span class='ocrx_word' id='word_1_43' title='bbox 359 903 577 994; x_wconf 81' lang='grc' dir='ltr'><strong><em>δισποτιίας’</em></strong></span> <span class='ocrx_word' id='word_1_44' title='bbox 563 929 596 972; x_wconf 84' lang='grc' dir='ltr'><strong><em>ιν</em></strong></span> <span class='ocrx_word' id='word_1_45' title='bbox 617 906 656 990; x_wconf 78' lang='grc' dir='ltr'><strong><em>τῇ</em></strong></span> <span class='ocrx_word' id='word_1_46' title='bbox 675 899 787 968; x_wconf 76' lang='grc' dir='ltr'><strong><em>ἑνώσιι</em></strong></span> <span class='ocrx_word' id='word_1_47' title='bbox 815 906 874 988; x_wconf 81' lang='grc' dir='ltr'><strong><em>τῆς</em></strong></span> <span class='ocrx_word' id='word_1_48' title='bbox 893 905 1026 980; x_wconf 81' lang='grc' dir='ltr'><strong><em>πίστεως</em></strong></span> <span class='ocrx_word' id='word_1_49' title='bbox 1048 926 1100 967; x_wconf 86' lang='grc' dir='ltr'><strong><em>και</em></strong></span> <span class='ocrx_word' id='word_1_50' title='bbox 1096 901 1315 983; x_wconf 77' lang='grc' dir='ltr'><strong><em>εἰλικρι-</em></strong></span> 
     </span>
     <span class='ocr_line' id='line_1_7' title="bbox 145 993 1364 1105; baseline -0.012 -27"><span class='ocrx_word' id='word_1_51' title='bbox 145 1015 229 1088; x_wconf 84' lang='grc' dir='ltr'><strong><em>νοῦς</em></strong></span> <span class='ocrx_word' id='word_1_52' title='bbox 249 1014 435 1084; x_wconf 75' lang='grc' dir='ltr'><strong><em>διαθέσεως.</em></strong></span> <span class='ocrx_word' id='word_1_53' title='bbox 490 1010 562 1070; x_wconf 79' lang='grc' dir='ltr'><strong><em>τότε</em></strong></span> <span class='ocrx_word' id='word_1_54' title='bbox 593 1002 653 1088; x_wconf 85' lang='grc' dir='ltr'><strong><em>γοὶρ</em></strong></span> <span class='ocrx_word' id='word_1_55' title='bbox 685 1004 893 1089; x_wconf 75' lang='grc' dir='ltr'><strong><em>πεπλήρωται</em></strong></span> <span class='ocrx_word' id='word_1_56' title='bbox 915 1002 951 1105; x_wconf 86' lang='grc' dir='ltr'><strong><em>τό</em></strong></span> <span class='ocrx_word' id='word_1_57' title='bbox 979 1000 1186 1090; x_wconf 83' lang='grc' dir='ltr'><strong><em>προφητικόν,</em></strong></span> <span class='ocrx_word' id='word_1_58' title='bbox 1209 993 1258 1065; x_wconf 85' lang='grc' dir='ltr'><strong><em>ότι</em></strong></span> <span class='ocrx_word' id='word_1_59' title='bbox 1360 1038 1364 1043; x_wconf 89' lang='lat'><strong>·</strong></span> 
     </span>
     <span class='ocr_line' id='line_1_8' title="bbox 136 1097 1257 1232; baseline -0.01 -53.881"><span class='ocrx_word' id='word_1_60' title='bbox 136 1108 319 1232; x_wconf 74' lang='grc' dir='ltr'><strong><em>πρόβατον</em></strong></span> <span class='ocrx_word' id='word_1_61' title='bbox 340 1105 421 1193; x_wconf 84' lang='grc' dir='ltr'><strong><em>μιτόι</em></strong></span> <span class='ocrx_word' id='word_1_62' title='bbox 446 1105 549 1174; x_wconf 84' lang='grc' dir='ltr'><strong><em>λόκων</em></strong></span> <span class='ocrx_word' id='word_1_63' title='bbox 568 1103 889 1230; x_wconf 79' lang='grc' dir='ltr'><strong><em>σομβοσκηθήσονται</em></strong></span> <span class='ocrx_word' id='word_1_64' title='bbox 912 1130 964 1170; x_wconf 91' lang='grc' dir='ltr'><strong><em>και</em></strong></span> <span class='ocrx_word' id='word_1_65' title='bbox 959 1101 1155 1192; x_wconf 73' lang='grc' dir='ltr'><strong><em>παρδάλεις</em></strong></span> <span class='ocrx_word' id='word_1_66' title='bbox 1174 1097 1257 1185; x_wconf 82' lang='grc' dir='ltr'><strong><em>μιτό</em></strong></span> 
     </span>
     <span class='ocr_line' id='line_1_9' title="bbox 150 1211 289 1299; baseline 0 -23"><span class='ocrx_word' id='word_1_67' title='bbox 150 1211 289 1299; x_wconf 72' lang='grc' dir='ltr'><strong><em>ἐρίφων.</em></strong></span> 
     </span>
     <span class='ocr_line' id='line_1_10' title="bbox 258 1302 1345 1424; baseline -0.01 -47"><span class='ocrx_word' id='word_1_68' title='bbox 258 1314 329 1377; x_wconf 87' lang='grc' dir='ltr'><strong><em>Καί</em></strong></span> <span class='ocrx_word' id='word_1_69' title='bbox 349 1312 382 1374; x_wconf 90' lang='grc' dir='ltr'><strong><em>τί</em></strong></span> <span class='ocrx_word' id='word_1_70' title='bbox 400 1308 434 1375; x_wconf 87' lang='grc' dir='ltr'><strong><em>τό</em></strong></span> <span class='ocrx_word' id='word_1_71' title='bbox 458 1310 627 1391; x_wconf 72' lang='grc' dir='ltr'><strong><em>ι’ντιόθινς</em></strong></span> <span class='ocrx_word' id='word_1_72' title='bbox 653 1308 848 1392; x_wconf 73' lang='grc' dir='ltr'><strong><em>στρατιώτας</em></strong></span> <span class='ocrx_word' id='word_1_73' title='bbox 864 1308 1042 1389; x_wconf 83' lang='grc' dir='ltr'><strong><em>Ῥωμαίους</em></strong></span> <span class='ocrx_word' id='word_1_74' title='bbox 1059 1309 1131 1424; x_wconf 77' lang='grc' dir='ltr'><strong><em>μετ’</em></strong></span> <span class='ocrx_word' id='word_1_75' title='bbox 1152 1302 1260 1369; x_wconf 79' lang='grc' dir='ltr'><strong><em>αότών</em></strong></span> <span class='ocrx_word' id='word_1_76' title='bbox 1343 1350 1345 1357; x_wconf 71' lang='lat'><em>,</em></span> 
     </span>
     <span class='ocr_line' id='line_1_11' title="bbox 25 1388 1260 1496; baseline -0.011 -16"><span class='ocrx_word' id='word_1_77' title='bbox 25 1432 27 1462; x_wconf 66' lang='lat' dir='ltr'>t</span> <span class='ocrx_word' id='word_1_78' title='bbox 104 1411 171 1482; x_wconf 84' lang='lat'>106</span> <span class='ocrx_word' id='word_1_79' title='bbox 197 1409 412 1496; x_wconf 85' lang='grc' dir='ltr'><strong><em>Βοτανειόιης</em></strong></span> <span class='ocrx_word' id='word_1_80' title='bbox 443 1407 691 1494; x_wconf 79' lang='grc' dir='ltr'><strong><em>παραμιτρήσας</em></strong></span> <span class='ocrx_word' id='word_1_81' title='bbox 712 1408 767 1472; x_wconf 84' lang='grc' dir='ltr'><strong><em>καί</em></strong></span> <span class='ocrx_word' id='word_1_82' title='bbox 788 1411 929 1491; x_wconf 84' lang='grc' dir='ltr'><strong><em>μιξας</em></strong></span> <span class='ocrx_word' id='word_1_83' title='bbox 912 1433 946 1472; x_wconf 82' lang='grc' dir='ltr'><strong><em>εν</em></strong></span> <span class='ocrx_word' id='word_1_84' title='bbox 968 1402 1087 1481; x_wconf 85' lang='grc' dir='ltr'><strong><em>αόιοός</em></strong></span> <span class='ocrx_word' id='word_1_85' title='bbox 1108 1388 1260 1487; x_wconf 81' lang='grc' dir='ltr'><strong><em>πεποίησο</em></strong></span> 
     </span>
     <span class='ocr_line' id='line_1_12' title="bbox 151 1493 1262 1625; baseline -0.012 -47"><span class='ocrx_word' id='word_1_86' title='bbox 151 1511 320 1595; x_wconf 88' lang='grc' dir='ltr'><strong><em>οόνταγμό</em></strong></span> <span class='ocrx_word' id='word_1_87' title='bbox 344 1534 377 1575; x_wconf 85' lang='grc' dir='ltr'><strong><em>τι</em></strong></span> <span class='ocrx_word' id='word_1_88' title='bbox 412 1513 468 1575; x_wconf 86' lang='grc' dir='ltr'><strong><em>καί</em></strong></span> <span class='ocrx_word' id='word_1_89' title='bbox 495 1507 704 1592; x_wconf 79' lang='grc' dir='ltr'><strong><em>στράτευμα,</em></strong></span> <span class='ocrx_word' id='word_1_90' title='bbox 734 1515 790 1572; x_wconf 91' lang='grc' dir='ltr'><strong><em>και</em></strong></span> <span class='ocrx_word' id='word_1_91' title='bbox 819 1508 865 1581; x_wconf 78' lang='grc' dir='ltr'><strong><em>τίς</em></strong></span> <span class='ocrx_word' id='word_1_92' title='bbox 886 1505 944 1590; x_wconf 77' lang='grc' dir='ltr'><strong><em>την</em></strong></span> <span class='ocrx_word' id='word_1_93' title='bbox 967 1505 1139 1587; x_wconf 70' lang='grc' dir='ltr'><strong><em>ἀντιπέρας</em></strong></span> <span class='ocrx_word' id='word_1_94' title='bbox 1159 1493 1262 1625; x_wconf 80' lang='grc' dir='ltr'><strong><em>ρχθηι</em></strong></span> 
     </span>
     <span class='ocr_line' id='line_1_13' title="bbox 120 1601 1262 1694; baseline -0.012 -16.564"><span class='ocrx_word' id='word_1_95' title='bbox 120 1613 217 1694; x_wconf 81' lang='grc' dir='ltr'><strong><em>τῆς</em></strong></span> <span class='ocrx_word' id='word_1_96' title='bbox 236 1609 470 1694; x_wconf 77' lang='grc' dir='ltr'><strong><em>βασιλευούσης</em></strong></span> <span class='ocrx_word' id='word_1_97' title='bbox 504 1610 694 1676; x_wconf 76' lang='grc' dir='ltr'><strong><em>α’πὲσιιιλιν.</em></strong></span> <span class='ocrx_word' id='word_1_98' title='bbox 739 1605 773 1670; x_wconf 82' lang='grc' dir='ltr'><strong><em>οἳ</em></strong></span> <span class='ocrx_word' id='word_1_99' title='bbox 790 1631 844 1672; x_wconf 92' lang='grc' dir='ltr'><strong><em>και</em></strong></span> <span class='ocrx_word' id='word_1_100' title='bbox 838 1603 1092 1690; x_wconf 70' lang='grc' dir='ltr'><strong><em>προελθόντος,</em></strong></span> <span class='ocrx_word' id='word_1_101' title='bbox 1114 1605 1170 1668; x_wconf 83' lang='grc' dir='ltr'><strong><em>καί</em></strong></span> <span class='ocrx_word' id='word_1_102' title='bbox 1186 1601 1262 1684; x_wconf 83' lang='grc' dir='ltr'><strong><em>τιιρί</em></strong></span> 
     </span>
     <span class='ocr_line' id='line_1_14' title="bbox 153 1695 1260 1796; baseline -0.012 -18"><span class='ocrx_word' id='word_1_103' title='bbox 153 1711 214 1796; x_wconf 73' lang='grc' dir='ltr'><strong><em>τὴν</em></strong></span> <span class='ocrx_word' id='word_1_104' title='bbox 235 1710 433 1794; x_wconf 77' lang='grc' dir='ltr'><strong><em>Χαλκηδόνα</em></strong></span> <span class='ocrx_word' id='word_1_105' title='bbox 456 1707 510 1774; x_wconf 87' lang='grc' dir='ltr'><strong><em>καί</em></strong></span> <span class='ocrx_word' id='word_1_106' title='bbox 529 1704 736 1792; x_wconf 88' lang='grc' dir='ltr'><strong><em>Χρυσόπολιν</em></strong></span> <span class='ocrx_word' id='word_1_107' title='bbox 766 1705 937 1790; x_wconf 78' lang='grc' dir='ltr'><strong><em>πηξάμενοι</em></strong></span> <span class='ocrx_word' id='word_1_108' title='bbox 959 1703 1016 1780; x_wconf 83' lang='grc' dir='ltr'><strong><em>τός</em></strong></span> <span class='ocrx_word' id='word_1_109' title='bbox 1039 1695 1207 1789; x_wconf 78' lang='grc' dir='ltr'><strong><em>σκηνός,”</em></strong></span> <span class='ocrx_word' id='word_1_110' title='bbox 1185 1725 1260 1783; x_wconf 88' lang='grc' dir='ltr'><strong><em>αριι</em></strong></span> 
     </span>
     <span class='ocr_line' id='line_1_15' title="bbox 155 1800 1261 1894; baseline -0.008 -20"><span class='ocrx_word' id='word_1_111' title='bbox 155 1814 215 1874; x_wconf 81' lang='lat' dir='ltr'>soii</span> <span class='ocrx_word' id='word_1_112' title='bbox 235 1812 373 1892; x_wconf 90' lang='grc' dir='ltr'><strong><em>μαρτιόυ</em></strong></span> <span class='ocrx_word' id='word_1_113' title='bbox 395 1806 493 1894; x_wconf 88' lang='grc' dir='ltr'><strong><em>μηνός</em></strong></span> <span class='ocrx_word' id='word_1_114' title='bbox 515 1812 567 1892; x_wconf 86' lang='grc' dir='ltr'><strong><em>τῆς</em></strong></span> <span class='ocrx_word' id='word_1_115' title='bbox 592 1806 719 1892; x_wconf 86' lang='grc' dir='ltr'><strong><em>πρώτης</em></strong></span> <span class='ocrx_word' id='word_1_116' title='bbox 748 1809 941 1882; x_wconf 81' lang='grc' dir='ltr'><strong><em>ι’νδικιιώνος</em></strong></span> <span class='ocrx_word' id='word_1_117' title='bbox 969 1808 1003 1870; x_wconf 80' lang='grc' dir='ltr'><strong><em>όν</em></strong></span> <span class='ocrx_word' id='word_1_118' title='bbox 1030 1813 1099 1880; x_wconf 77' lang='grc' dir='ltr'><strong><em>ταῖς</em></strong></span> <span class='ocrx_word' id='word_1_119' title='bbox 1120 1800 1261 1890; x_wconf 87' lang='grc' dir='ltr'><strong><em>πρώταις</em></strong></span> 
     </span>
     <span class='ocr_line' id='line_1_16' title="bbox 25 1903 1261 1997; baseline -0.011 -21"><span class='ocrx_word' id='word_1_120' title='bbox 25 1944 27 1976; x_wconf 73' lang='grc' dir='ltr'><strong><em>ι</em></strong></span> <span class='ocrx_word' id='word_1_121' title='bbox 69 1955 73 1960; x_wconf 96' lang='grc'>-</span> <span class='ocrx_word' id='word_1_122' title='bbox 111 1921 146 1976; x_wconf 87' lang='grc'><strong><em>15</em></strong></span> <span class='ocrx_word' id='word_1_123' title='bbox 156 1913 334 1985; x_wconf 79' lang='grc' dir='ltr'><strong><em>καλάνδαις</em></strong></span> <span class='ocrx_word' id='word_1_124' title='bbox 354 1909 579 1997; x_wconf 81' lang='grc' dir='ltr'><strong><em>τυγχάνοντος,</em></strong></span> <span class='ocrx_word' id='word_1_125' title='bbox 611 1907 729 1993; x_wconf 77' lang='grc' dir='ltr'><strong><em>πολλὴν</em></strong></span> <span class='ocrx_word' id='word_1_126' title='bbox 752 1911 915 1994; x_wconf 86' lang='grc' dir='ltr'><strong><em>θυμηδίαν</em></strong></span> <span class='ocrx_word' id='word_1_127' title='bbox 942 1914 1008 1983; x_wconf 76' lang='grc' dir='ltr'><strong><em>τοῖς</em></strong></span> <span class='ocrx_word' id='word_1_128' title='bbox 1028 1906 1170 1979; x_wconf 91' lang='grc' dir='ltr'><strong><em>πολίταις</em></strong></span> <span class='ocrx_word' id='word_1_129' title='bbox 1190 1903 1261 1985; x_wconf 78' lang='grc' dir='ltr'><strong><em>δνῆ.</em></strong></span> 
     </span>
     <span class='ocr_line' id='line_1_17' title="bbox 156 1998 1392 2136; baseline -0.003 -58"><span class='ocrx_word' id='word_1_130' title='bbox 156 2038 225 2095; x_wconf 83' lang='grc' dir='ltr'><strong><em>ναν,</em></strong></span> <span class='ocrx_word' id='word_1_131' title='bbox 248 2013 410 2094; x_wconf 77' lang='grc' dir='ltr'><strong><em>μαθοῦσιν</em></strong></span> <span class='ocrx_word' id='word_1_132' title='bbox 425 2005 475 2074; x_wconf 86' lang='grc' dir='ltr'><strong><em>ότι</em></strong></span> <span class='ocrx_word' id='word_1_133' title='bbox 496 2013 554 2136; x_wconf 64' lang='grc' dir='ltr'><strong><em>τοηῖ</em></strong></span> <span class='ocrx_word' id='word_1_134' title='bbox 566 2009 776 2076; x_wconf 84' lang='grc' dir='ltr'><strong><em>Βοιανειότον</em></strong></span> <span class='ocrx_word' id='word_1_135' title='bbox 796 2008 966 2076; x_wconf 83' lang='grc' dir='ltr'><strong><em>α’πόστολοι</em></strong></span> <span class='ocrx_word' id='word_1_136' title='bbox 981 1998 1071 2073; x_wconf 81' lang='grc' dir='ltr'><strong><em>οότοι</em></strong></span> <span class='ocrx_word' id='word_1_137' title='bbox 1089 2008 1144 2070; x_wconf 90' lang='grc' dir='ltr'><strong><em>καί</em></strong></span> <span class='ocrx_word' id='word_1_138' title='bbox 1160 2019 1290 2086; x_wconf 74' lang='lat' dir='ltr'>orso-f.</span> <span class='ocrx_word' id='word_1_139' title='bbox 1308 2020 1392 2076; x_wconf 76' lang='lat' dir='ltr'>otor.</span> 
     </span>
     <span class='ocr_line' id='line_1_18' title="bbox 157 2101 1260 2230; baseline -0.006 -53"><span class='ocrx_word' id='word_1_140' title='bbox 157 2116 269 2186; x_wconf 85' lang='grc' dir='ltr'><strong><em>τιώιαι</em></strong></span> <span class='ocrx_word' id='word_1_141' title='bbox 292 2109 472 2192; x_wconf 78' lang='grc' dir='ltr'><strong><em>κατέλαβον.</em></strong></span> <span class='ocrx_word' id='word_1_142' title='bbox 527 2137 611 2196; x_wconf 93' lang='grc' dir='ltr'><strong><em>ηραν</em></strong></span> <span class='ocrx_word' id='word_1_143' title='bbox 640 2111 702 2195; x_wconf 83' lang='grc' dir='ltr'><strong><em>γόρ</em></strong></span> <span class='ocrx_word' id='word_1_144' title='bbox 735 2109 864 2197; x_wconf 79' lang='grc' dir='ltr'><strong><em>φωνην</em></strong></span> <span class='ocrx_word' id='word_1_145' title='bbox 872 2105 1017 2186; x_wconf 83' lang='grc' dir='ltr'><strong><em>όπανιις.</em></strong></span> <span class='ocrx_word' id='word_1_146' title='bbox 1049 2104 1106 2172; x_wconf 82' lang='grc' dir='ltr'><strong><em>καί</em></strong></span> <span class='ocrx_word' id='word_1_147' title='bbox 1124 2101 1260 2230; x_wconf 86' lang='grc' dir='ltr'><strong><em>χόριιας</em></strong></span> 
     </span>
     <span class='ocr_line' id='line_1_19' title="bbox 159 2207 1261 2309; baseline -0.007 -31"><span class='ocrx_word' id='word_1_148' title='bbox 159 2214 314 2295; x_wconf 83' lang='grc' dir='ltr'><strong><em>όπίνιμον</em></strong></span> <span class='ocrx_word' id='word_1_149' title='bbox 336 2237 379 2300; x_wconf 84' lang='grc' dir='ltr'><strong><em>τῳ</em></strong></span> <span class='ocrx_word' id='word_1_150' title='bbox 403 2214 478 2301; x_wconf 86' lang='grc' dir='ltr'><strong><em>θορι,</em></strong></span> <span class='ocrx_word' id='word_1_151' title='bbox 499 2209 612 2278; x_wconf 83' lang='grc' dir='ltr'><strong><em>καθότι</em></strong></span> <span class='ocrx_word' id='word_1_152' title='bbox 632 2212 811 2294; x_wconf 77' lang='grc' dir='ltr'><strong><em>Ῥωμαϊκὰς</em></strong></span> <span class='ocrx_word' id='word_1_153' title='bbox 839 2208 923 2278; x_wconf 80' lang='grc' dir='ltr'><strong><em>εἶδον</em></strong></span> <span class='ocrx_word' id='word_1_154' title='bbox 944 2207 1099 2309; x_wconf 82' lang='grc' dir='ltr'><strong><em>δυνόμιις</em></strong></span> <span class='ocrx_word' id='word_1_155' title='bbox 1119 2208 1176 2272; x_wconf 87' lang='grc' dir='ltr'><strong><em>ιιαί</em></strong></span> <span class='ocrx_word' id='word_1_156' title='bbox 1192 2229 1261 2272; x_wconf 83' lang='grc' dir='ltr'><strong><em>τοι-</em></strong></span> 
     </span>
     <span class='ocr_line' id='line_1_20' title="bbox 159 2301 1262 2428; baseline -0.007 -51"><span class='ocrx_word' id='word_1_157' title='bbox 159 2316 245 2378; x_wconf 78' lang='grc' dir='ltr'><strong><em>αῦτα</em></strong></span> <span class='ocrx_word' id='word_1_158' title='bbox 249 2313 529 2404; x_wconf 32' lang='lat' dir='ltr'>‘nspsnsro&#39;npora</span> <span class='ocrx_word' id='word_1_159' title='bbox 551 2339 594 2402; x_wconf 82' lang='grc' dir='ltr'><strong><em>τρι</em></strong></span> <span class='ocrx_word' id='word_1_160' title='bbox 613 2310 697 2401; x_wconf 84' lang='grc' dir='ltr'><strong><em>τόπιμ</em></strong></span> <span class='ocrx_word' id='word_1_161' title='bbox 731 2312 830 2401; x_wconf 83' lang='grc' dir='ltr'><strong><em>τοόιιμ</em></strong></span> <span class='ocrx_word' id='word_1_162' title='bbox 852 2301 1103 2396; x_wconf 71' lang='grc' dir='ltr'><strong><em>ἐπιδημήσαντα.</em></strong></span> <span class='ocrx_word' id='word_1_163' title='bbox 1144 2303 1262 2428; x_wconf 86' lang='grc' dir='ltr'><strong><em>χρόνος</em></strong></span> 
     </span>
     <span class='ocr_line' id='line_1_21' title="bbox 115 2401 1262 2499; baseline -0.008 -21"><span class='ocrx_word' id='word_1_164' title='bbox 115 2412 216 2499; x_wconf 69' lang='grc' dir='ltr'><strong><em>γογόρ</em></strong></span> <span class='ocrx_word' id='word_1_165' title='bbox 239 2409 493 2498; x_wconf 76' lang='grc' dir='ltr'><strong><em>ιταριλὴλοθινι</em></strong></span> <span class='ocrx_word' id='word_1_166' title='bbox 480 2412 588 2490; x_wconf 87' lang='grc' dir='ltr'><strong><em>ικανός</em></strong></span> <span class='ocrx_word' id='word_1_167' title='bbox 605 2413 662 2499; x_wconf 87' lang='grc' dir='ltr'><strong><em>αφ’</em></strong></span> <span class='ocrx_word' id='word_1_168' title='bbox 685 2406 761 2477; x_wconf 88' lang='grc' dir='ltr'><strong><em>ότου</em></strong></span> <span class='ocrx_word' id='word_1_169' title='bbox 771 2411 950 2495; x_wconf 80' lang='grc' dir='ltr'><strong><em>Ῥωμαίους</em></strong></span> <span class='ocrx_word' id='word_1_170' title='bbox 973 2412 1031 2474; x_wconf 83' lang='grc' dir='ltr'><strong><em>οόκ</em></strong></span> <span class='ocrx_word' id='word_1_171' title='bbox 1051 2408 1145 2494; x_wconf 78' lang='grc' dir='ltr'><strong><em>ἔσχεν</em></strong></span> <span class='ocrx_word' id='word_1_172' title='bbox 1167 2407 1184 2470; x_wconf 89' lang='lat'><strong><em>6</em></strong></span> <span class='ocrx_word' id='word_1_173' title='bbox 1206 2401 1262 2471; x_wconf 88' lang='grc' dir='ltr'><strong><em>τό-</em></strong></span> 
     </span>
     <span class='ocr_line' id='line_1_22' title="bbox 159 2506 1261 2600; baseline -0.008 -21"><span class='ocrx_word' id='word_1_174' title='bbox 159 2537 216 2588; x_wconf 90' lang='grc' dir='ltr'><strong><em>πος</em></strong></span> <span class='ocrx_word' id='word_1_175' title='bbox 237 2513 352 2587; x_wconf 74' lang='grc' dir='ltr'><strong><em>ἐκεῖνος</em></strong></span> <span class='ocrx_word' id='word_1_176' title='bbox 375 2514 589 2600; x_wconf 75' lang='grc' dir='ltr'><strong><em>ἐπιφανέντας</em></strong></span> <span class='ocrx_word' id='word_1_177' title='bbox 619 2511 653 2578; x_wconf 86' lang='grc' dir='ltr'><strong><em>τό</em></strong></span> <span class='ocrx_word' id='word_1_178' title='bbox 672 2512 814 2578; x_wconf 86' lang='grc' dir='ltr'><strong><em>σόνολον.</em></strong></span> <span class='ocrx_word' id='word_1_179' title='bbox 869 2511 1018 2596; x_wconf 86' lang='grc' dir='ltr'><strong><em>Τοόρκων</em></strong></span> <span class='ocrx_word' id='word_1_180' title='bbox 1037 2508 1098 2594; x_wconf 79' lang='grc' dir='ltr'><strong><em>γὰρ</em></strong></span> <span class='ocrx_word' id='word_1_181' title='bbox 1126 2506 1182 2573; x_wconf 74' lang='lat' dir='ltr'><strong><em>iat</em></strong></span> <span class='ocrx_word' id='word_1_182' title='bbox 1199 2510 1261 2571; x_wconf 88' lang='grc' dir='ltr'><strong><em>τών</em></strong></span> 
     </span>
     <span class='ocr_line' id='line_1_23' title="bbox 160 2603 1260 2698; baseline -0.008 -20"><span class='ocrx_word' id='word_1_183' title='bbox 160 2614 285 2698; x_wconf 77' lang='grc' dir='ltr'><strong><em>ἧμιρών</em></strong></span> <span class='ocrx_word' id='word_1_184' title='bbox 300 2616 357 2678; x_wconf 79' lang='grc' dir='ltr'><strong><em>τοῦ</em></strong></span> <span class='ocrx_word' id='word_1_185' title='bbox 381 2611 521 2698; x_wconf 74' lang='grc' dir='ltr'><strong><em>Μιχαὴλ</em></strong></span> <span class='ocrx_word' id='word_1_186' title='bbox 558 2616 674 2696; x_wconf 75' lang='grc' dir='ltr'><strong><em>ἐγίνετο</em></strong></span> <span class='ocrx_word' id='word_1_187' title='bbox 705 2613 902 2697; x_wconf 69' lang='grc' dir='ltr'><strong><em>καταγώγιον</em></strong></span> <span class='ocrx_word' id='word_1_188' title='bbox 935 2617 990 2676; x_wconf 85' lang='grc' dir='ltr'><strong><em>καί</em></strong></span> <span class='ocrx_word' id='word_1_189' title='bbox 1011 2613 1136 2676; x_wconf 76' lang='grc' dir='ltr'><strong><em>πολλῶν</em></strong></span> <span class='ocrx_word' id='word_1_190' title='bbox 1158 2603 1260 2689; x_wconf 77' lang='grc' dir='ltr'><strong><em>αἱμό·</em></strong></span> 
     </span>
     <span class='ocr_line' id='line_1_24' title="bbox 164 2706 1347 2800; baseline -0.001 -25"><span class='ocrx_word' id='word_1_191' title='bbox 164 2735 225 2800; x_wconf 81' lang='grc' dir='ltr'><strong><em>των</em></strong></span> <span class='ocrx_word' id='word_1_192' title='bbox 249 2715 489 2799; x_wconf 87' lang='grc' dir='ltr'><strong><em>Χριστιανικών</em></strong></span> <span class='ocrx_word' id='word_1_193' title='bbox 508 2710 730 2798; x_wconf 74' lang='grc' dir='ltr'><strong><em>μολυντηριον,</em></strong></span> <span class='ocrx_word' id='word_1_194' title='bbox 752 2714 808 2777; x_wconf 83' lang='grc' dir='ltr'><strong><em>καί</em></strong></span> <span class='ocrx_word' id='word_1_195' title='bbox 834 2712 871 2778; x_wconf 89' lang='grc' dir='ltr'><strong><em>τό</em></strong></span> <span class='ocrx_word' id='word_1_196' title='bbox 893 2716 958 2778; x_wconf 82' lang='grc' dir='ltr'><strong><em>πᾶν</em></strong></span> <span class='ocrx_word' id='word_1_197' title='bbox 978 2708 1094 2798; x_wconf 81' lang='grc' dir='ltr'><strong><em>ἔρημος</em></strong></span> <span class='ocrx_word' id='word_1_198' title='bbox 1116 2706 1171 2775; x_wconf 82' lang='grc' dir='ltr'><strong><em>καί</em></strong></span> <span class='ocrx_word' id='word_1_199' title='bbox 1188 2707 1260 2774; x_wconf 74' lang='grc' dir='ltr'><strong><em>όοί·</em></strong></span> <span class='ocrx_word' id='word_1_200' title='bbox 1338 2790 1347 2799; x_wconf 31' lang='lat'><em>¹</em></span> 
     </span>
    </p>
   </div>
   <div class='ocr_carea' id='block_1_3' title="bbox 164 2999 1259 3428">
    <p class='ocr_par' dir='ltr' id='par_1_5' title="bbox 164 2999 1259 3428">
     <span class='ocr_line' id='line_1_25' title="bbox 164 2999 1259 3069; baseline -0.005 -15"><span class='ocrx_word' id='word_1_201' title='bbox 164 3001 244 3054; x_wconf 85' lang='lat' dir='ltr'>tiores</span> <span class='ocrx_word' id='word_1_202' title='bbox 262 2999 555 3069; x_wconf 84' lang='lat' dir='ltr'>benevolentioresque</span> <span class='ocrx_word' id='word_1_203' title='bbox 573 2999 687 3053; x_wconf 88' lang='lat' dir='ltr'>reddens</span> <span class='ocrx_word' id='word_1_204' title='bbox 704 3000 742 3052; x_wconf 86' lang='lat' dir='ltr'><strong><em>ita</em></strong></span> <span class='ocrx_word' id='word_1_205' title='bbox 766 2999 821 3069; x_wconf 73' lang='lat' dir='ltr'>pilii</span> <span class='ocrx_word' id='word_1_206' title='bbox 839 2999 872 3052; x_wconf 91' lang='lat' dir='ltr'>ad</span> <span class='ocrx_word' id='word_1_207' title='bbox 890 3001 1047 3054; x_wconf 80' lang='lat' dir='ltr'>servitutem</span> <span class='ocrx_word' id='word_1_208' title='bbox 1066 3005 1093 3053; x_wconf 91' lang='lat' dir='ltr'>et</span> <span class='ocrx_word' id='word_1_209' title='bbox 1110 2999 1188 3053; x_wconf 81' lang='lat' dir='ltr'>fidem</span> <span class='ocrx_word' id='word_1_210' title='bbox 1203 3000 1259 3064; x_wconf 66' lang='grc' dir='ltr'><strong><em>ὀχ-</em></strong></span> 
     </span>
     <span class='ocr_line' id='line_1_26' title="bbox 165 3071 1257 3142; baseline -0.002 -18"><span class='ocrx_word' id='word_1_211' title='bbox 165 3072 258 3124; x_wconf 75' lang='lat' dir='ltr'>citabat</span> <span class='ocrx_word' id='word_1_212' title='bbox 278 3080 358 3142; x_wconf 84' lang='lat' dir='ltr'>atquc</span> <span class='ocrx_word' id='word_1_213' title='bbox 377 3073 418 3125; x_wconf 92' lang='lat' dir='ltr'>sui</span> <span class='ocrx_word' id='word_1_214' title='bbox 436 3073 515 3140; x_wconf 74' lang='lat' dir='ltr'>regni</span> <span class='ocrx_word' id='word_1_215' title='bbox 533 3077 649 3125; x_wconf 88' lang='lat' dir='ltr'>amantes</span> <span class='ocrx_word' id='word_1_216' title='bbox 672 3073 751 3128; x_wconf 78' lang='lat' dir='ltr'>lecit:</span> <span class='ocrx_word' id='word_1_217' title='bbox 771 3073 809 3124; x_wconf 87' lang='lat' dir='ltr'><strong><em>ita</em></strong></span> <span class='ocrx_word' id='word_1_218' title='bbox 827 3080 856 3124; x_wconf 91' lang='lat' dir='ltr'><strong><em>at</em></strong></span> <span class='ocrx_word' id='word_1_219' title='bbox 874 3073 953 3124; x_wconf 88' lang='lat' dir='ltr'>etiam</span> <span class='ocrx_word' id='word_1_220' title='bbox 963 3071 1020 3136; x_wconf 87' lang='lat' dir='ltr'>alii,</span> <span class='ocrx_word' id='word_1_221' title='bbox 1038 3073 1066 3125; x_wconf 91' lang='lat' dir='ltr'>id</span> <span class='ocrx_word' id='word_1_222' title='bbox 1075 3073 1146 3142; x_wconf 88' lang='lat' dir='ltr'>quod</span> <span class='ocrx_word' id='word_1_223' title='bbox 1174 3072 1257 3138; x_wconf 89' lang='lat' dir='ltr'>aiant,</span> 
     </span>
     <span class='ocr_line' id='line_1_27' title="bbox 165 3142 1259 3208; baseline -0.003 -12"><span class='ocrx_word' id='word_1_224' title='bbox 165 3145 257 3196; x_wconf 86' lang='lat' dir='ltr'>fierent</span> <span class='ocrx_word' id='word_1_225' title='bbox 277 3159 310 3196; x_wconf 82' lang='lat' dir='ltr'><strong><em>ex</em></strong></span> <span class='ocrx_word' id='word_1_226' title='bbox 329 3143 391 3196; x_wconf 88' lang='lat' dir='ltr'>aliis</span> <span class='ocrx_word' id='word_1_227' title='bbox 411 3151 438 3196; x_wconf 88' lang='lat' dir='ltr'>et</span> <span class='ocrx_word' id='word_1_228' title='bbox 460 3159 518 3195; x_wconf 89' lang='lat' dir='ltr'><strong><em>cnm</em></strong></span> <span class='ocrx_word' id='word_1_229' title='bbox 545 3146 603 3196; x_wconf 88' lang='lat' dir='ltr'>eius</span> <span class='ocrx_word' id='word_1_230' title='bbox 631 3143 755 3196; x_wconf 82' lang='lat' dir='ltr'>Romanis</span> <span class='ocrx_word' id='word_1_231' title='bbox 782 3145 975 3208; x_wconf 75' lang='lat' dir='ltr'>consentirent,</span> <span class='ocrx_word' id='word_1_232' title='bbox 1003 3151 1030 3195; x_wconf 88' lang='lat' dir='ltr'>et</span> <span class='ocrx_word' id='word_1_233' title='bbox 1057 3143 1135 3195; x_wconf 89' lang='lat' dir='ltr'>nnius</span> <span class='ocrx_word' id='word_1_234' title='bbox 1162 3142 1259 3194; x_wconf 88' lang='lat' dir='ltr'>ficrent</span> 
     </span>
     <span class='ocr_line' id='line_1_28' title="bbox 166 3214 1258 3284; baseline -0.005 -17"><span class='ocrx_word' id='word_1_235' title='bbox 166 3215 358 3268; x_wconf 89' lang='lat' dir='ltr'>coniunctionis</span> <span class='ocrx_word' id='word_1_236' title='bbox 378 3222 405 3267; x_wconf 84' lang='lat' dir='ltr'>et</span> <span class='ocrx_word' id='word_1_237' title='bbox 423 3216 610 3272; x_wconf 87' lang='lat' dir='ltr'>dominationis</span> <span class='ocrx_word' id='word_1_238' title='bbox 629 3217 656 3268; x_wconf 91' lang='lat' dir='ltr'>in</span> <span class='ocrx_word' id='word_1_239' title='bbox 675 3217 777 3268; x_wconf 79' lang='lat' dir='ltr'>unitate</span> <span class='ocrx_word' id='word_1_240' title='bbox 795 3217 858 3268; x_wconf 87' lang='lat' dir='ltr'>lidei</span> <span class='ocrx_word' id='word_1_241' title='bbox 883 3223 909 3271; x_wconf 88' lang='lat' dir='ltr'>et</span> <span class='ocrx_word' id='word_1_242' title='bbox 936 3216 1058 3284; x_wconf 73' lang='lat' dir='ltr'>integrae</span> <span class='ocrx_word' id='word_1_243' title='bbox 1086 3214 1258 3266; x_wconf 85' lang='lat' dir='ltr'>constitutio.</span> 
     </span>
     <span class='ocr_line' id='line_1_29' title="bbox 164 3284 1258 3354; baseline -0.001 -15"><span class='ocrx_word' id='word_1_244' title='bbox 164 3289 210 3340; x_wconf 91' lang='lat' dir='ltr'>nis.</span> <span class='ocrx_word' id='word_1_245' title='bbox 247 3287 390 3340; x_wconf 80' lang='lat' dir='ltr'>tamenim</span> <span class='ocrx_word' id='word_1_246' title='bbox 411 3303 476 3340; x_wconf 87' lang='lat' dir='ltr'>vera</span> <span class='ocrx_word' id='word_1_247' title='bbox 493 3287 564 3341; x_wconf 80' lang='lat' dir='ltr'>facta</span> <span class='ocrx_word' id='word_1_248' title='bbox 583 3297 624 3341; x_wconf 88' lang='lat' dir='ltr'>est</span> <span class='ocrx_word' id='word_1_249' title='bbox 641 3289 772 3341; x_wconf 86' lang='lat' dir='ltr'>divinatio</span> <span class='ocrx_word' id='word_1_250' title='bbox 790 3288 854 3352; x_wconf 70' lang='lat' dir='ltr'>illa,</span> <span class='ocrx_word' id='word_1_251' title='bbox 869 3301 935 3341; x_wconf 80' lang='lat' dir='ltr'>oves</span> <span class='ocrx_word' id='word_1_252' title='bbox 954 3302 1014 3338; x_wconf 89' lang='lat' dir='ltr'>cam</span> <span class='ocrx_word' id='word_1_253' title='bbox 1034 3286 1106 3354; x_wconf 89' lang='lat' dir='ltr'>lupis</span> <span class='ocrx_word' id='word_1_254' title='bbox 1123 3284 1203 3339; x_wconf 88' lang='lat' dir='ltr'>simul</span> <span class='ocrx_word' id='word_1_255' title='bbox 1231 3292 1258 3338; x_wconf 89' lang='lat' dir='ltr'>et</span> 
     </span>
     <span class='ocr_line' id='line_1_30' title="bbox 164 3356 652 3428; baseline 0 -18"><span class='ocrx_word' id='word_1_256' title='bbox 164 3356 282 3426; x_wconf 87' lang='lat' dir='ltr'>pardales</span> <span class='ocrx_word' id='word_1_257' title='bbox 300 3373 359 3409; x_wconf 85' lang='lat' dir='ltr'>cunr</span> <span class='ocrx_word' id='word_1_258' title='bbox 376 3357 469 3425; x_wconf 81' lang='lat' dir='ltr'>hoedis</span> <span class='ocrx_word' id='word_1_259' title='bbox 486 3369 589 3428; x_wconf 85' lang='lat' dir='ltr'>pastam</span> <span class='ocrx_word' id='word_1_260' title='bbox 610 3360 652 3411; x_wconf 90' lang='lat' dir='ltr'>iri.</span> 
     </span>
    </p>
   </div>
   <div class='ocr_carea' id='block_1_4' title="bbox 134 3453 1362 4230">
    <p class='ocr_par' dir='ltr' id='par_1_6' title="bbox 165 3453 1362 3733">
     <span class='ocr_line' id='line_1_31' title="bbox 260 3453 1259 3522; baseline 0.001 -20"><span class='ocrx_word' id='word_1_261' title='bbox 260 3453 329 3516; x_wconf 83' lang='lat' dir='ltr'><strong>Quid</strong></span> <span class='ocrx_word' id='word_1_262' title='bbox 348 3453 468 3505; x_wconf 77' lang='lat' dir='ltr'>deinde?</span> <span class='ocrx_word' id='word_1_263' title='bbox 503 3456 603 3507; x_wconf 88' lang='lat' dir='ltr'>militcs</span> <span class='ocrx_word' id='word_1_264' title='bbox 621 3455 754 3508; x_wconf 79' lang='lat' dir='ltr'>Romanos</span> <span class='ocrx_word' id='word_1_265' title='bbox 774 3471 834 3507; x_wconf 90' lang='lat' dir='ltr'>cunr</span> <span class='ocrx_word' id='word_1_266' title='bbox 851 3457 884 3509; x_wconf 89' lang='lat' dir='ltr'><strong><em>iis</em></strong></span> <span class='ocrx_word' id='word_1_267' title='bbox 908 3456 1063 3508; x_wconf 85' lang='lat' dir='ltr'>Botaniates</span> <span class='ocrx_word' id='word_1_268' title='bbox 1088 3467 1205 3522; x_wconf 85' lang='lat' dir='ltr'>aequans</span> <span class='ocrx_word' id='word_1_269' title='bbox 1231 3460 1259 3504; x_wconf 89' lang='lat' dir='ltr'>ot</span> 
     </span>
     <span class='ocr_line' id='line_1_32' title="bbox 165 3523 1258 3579; baseline 0 -4"><span class='ocrx_word' id='word_1_270' title='bbox 165 3523 274 3575; x_wconf 85' lang='lat' dir='ltr'>miscens</span> <span class='ocrx_word' id='word_1_271' title='bbox 292 3538 371 3574; x_wconf 89' lang='lat' dir='ltr'>unum</span> <span class='ocrx_word' id='word_1_272' title='bbox 391 3526 475 3575; x_wconf 88' lang='lat' dir='ltr'>exiis</span> <span class='ocrx_word' id='word_1_273' title='bbox 500 3525 565 3576; x_wconf 86' lang='lat' dir='ltr'>iecit</span> <span class='ocrx_word' id='word_1_274' title='bbox 584 3527 702 3576; x_wconf 83' lang='lat' dir='ltr'>ordinem</span> <span class='ocrx_word' id='word_1_275' title='bbox 723 3534 750 3577; x_wconf 88' lang='lat' dir='ltr'>ct</span> <span class='ocrx_word' id='word_1_276' title='bbox 771 3529 917 3578; x_wconf 84' lang='lat' dir='ltr'>exereitum</span> <span class='ocrx_word' id='word_1_277' title='bbox 939 3529 1011 3578; x_wconf 88' lang='lat' dir='ltr'>etin</span> <span class='ocrx_word' id='word_1_278' title='bbox 1030 3527 1171 3579; x_wconf 87' lang='lat' dir='ltr'>advorsum</span> <span class='ocrx_word' id='word_1_279' title='bbox 1195 3523 1258 3576; x_wconf 88' lang='lat' dir='ltr'>litus</span> 
     </span>
     <span class='ocr_line' id='line_1_33' title="bbox 166 3590 1362 3661; baseline -0.001 -16"><span class='ocrx_word' id='word_1_280' title='bbox 166 3593 233 3645; x_wconf 88' lang='lat' dir='ltr'>urbis</span> <span class='ocrx_word' id='word_1_281' title='bbox 252 3595 341 3645; x_wconf 83' lang='lat' dir='ltr'>misit:</span> <span class='ocrx_word' id='word_1_282' title='bbox 362 3596 408 3659; x_wconf 90' lang='lat' dir='ltr'>qui</span> <span class='ocrx_word' id='word_1_283' title='bbox 427 3597 505 3644; x_wconf 86' lang='lat' dir='ltr'>etiarn</span> <span class='ocrx_word' id='word_1_284' title='bbox 525 3596 661 3661; x_wconf 78' lang='lat' dir='ltr'>progressi</span> <span class='ocrx_word' id='word_1_285' title='bbox 682 3604 708 3645; x_wconf 91' lang='lat' dir='ltr'>ct</span> <span class='ocrx_word' id='word_1_286' title='bbox 727 3597 800 3647; x_wconf 86' lang='lat' dir='ltr'>circa</span> <span class='ocrx_word' id='word_1_287' title='bbox 819 3595 1016 3650; x_wconf 79' lang='lat' dir='ltr'>chalcedonem</span> <span class='ocrx_word' id='word_1_288' title='bbox 1035 3605 1062 3646; x_wconf 88' lang='lat' dir='ltr'>et</span> <span class='ocrx_word' id='word_1_289' title='bbox 1080 3590 1260 3661; x_wconf 77' lang='lat' dir='ltr'>chrysopolin</span> <span class='ocrx_word' id='word_1_290' title='bbox 1359 3592 1362 3598; x_wconf 86' lang='lat'>&#39;</span> 
     </span>
     <span class='ocr_line' id='line_1_34' title="bbox 167 3664 1260 3733; baseline -0.001 -15"><span class='ocrx_word' id='word_1_291' title='bbox 167 3667 274 3733; x_wconf 77' lang='lat' dir='ltr'>ligantes</span> <span class='ocrx_word' id='word_1_292' title='bbox 294 3664 420 3728; x_wconf 85' lang='lat' dir='ltr'>tentoria,</span> <span class='ocrx_word' id='word_1_293' title='bbox 441 3679 499 3714; x_wconf 91' lang='lat' dir='ltr'><strong><em>cum</em></strong></span> <span class='ocrx_word' id='word_1_294' title='bbox 517 3664 594 3715; x_wconf 90' lang='lat' dir='ltr'>modo</span> <span class='ocrx_word' id='word_1_295' title='bbox 614 3664 720 3716; x_wconf 76' lang='lat' dir='ltr'>adesset</span> <span class='ocrx_word' id='word_1_296' title='bbox 742 3667 840 3718; x_wconf 86' lang='lat' dir='ltr'>mensis</span> <span class='ocrx_word' id='word_1_297' title='bbox 865 3667 973 3717; x_wconf 88' lang='lat' dir='ltr'>martius</span> <span class='ocrx_word' id='word_1_298' title='bbox 986 3668 1088 3732; x_wconf 86' lang='lat' dir='ltr'>primae</span> <span class='ocrx_word' id='word_1_299' title='bbox 1106 3665 1260 3717; x_wconf 76' lang='lat' dir='ltr'>indictionis</span> 
     </span>
    </p>

    <p class='ocr_par' dir='ltr' id='par_1_7' title="bbox 134 3734 1280 4230">
     <span class='ocr_line' id='line_1_35' title="bbox 134 3734 1260 3803; baseline 0.001 -17"><span class='ocrx_word' id='word_1_300' title='bbox 134 3795 139 3802; x_wconf 43' lang='grc'>,</span> <span class='ocrx_word' id='word_1_301' title='bbox 167 3736 252 3803; x_wconf 80' lang='lat' dir='ltr'>primis</span> <span class='ocrx_word' id='word_1_302' title='bbox 273 3734 402 3799; x_wconf 84' lang='lat' dir='ltr'>calendis,</span> <span class='ocrx_word' id='word_1_303' title='bbox 420 3734 529 3785; x_wconf 88' lang='lat' dir='ltr'>multum</span> <span class='ocrx_word' id='word_1_304' title='bbox 549 3735 673 3803; x_wconf 84' lang='lat' dir='ltr'>gaudium</span> <span class='ocrx_word' id='word_1_305' title='bbox 694 3736 799 3787; x_wconf 87' lang='lat' dir='ltr'>civibus</span> <span class='ocrx_word' id='word_1_306' title='bbox 818 3737 978 3800; x_wconf 88' lang='lat' dir='ltr'>iniecerunt,</span> <span class='ocrx_word' id='word_1_307' title='bbox 1006 3746 1065 3786; x_wconf 87' lang='lat' dir='ltr'><strong><em>cnm</em></strong></span> <span class='ocrx_word' id='word_1_308' title='bbox 1090 3735 1260 3787; x_wconf 83' lang='lat' dir='ltr'>animadver-</span> 
     </span>
     <span class='ocr_line' id='line_1_36' title="bbox 167 3805 1260 3871; baseline 0.003 -13"><span class='ocrx_word' id='word_1_309' title='bbox 167 3813 257 3871; x_wconf 77' lang='lat' dir='ltr'>terent,</span> <span class='ocrx_word' id='word_1_310' title='bbox 279 3806 437 3858; x_wconf 84' lang='lat' dir='ltr'>Botnniatae</span> <span class='ocrx_word' id='word_1_311' title='bbox 455 3807 552 3858; x_wconf 88' lang='lat' dir='ltr'>missos</span> <span class='ocrx_word' id='word_1_312' title='bbox 571 3805 620 3857; x_wconf 89' lang='lat' dir='ltr'><strong><em>hos</em></strong></span> <span class='ocrx_word' id='word_1_313' title='bbox 641 3814 668 3857; x_wconf 92' lang='lat' dir='ltr'>ct</span> <span class='ocrx_word' id='word_1_314' title='bbox 687 3807 786 3860; x_wconf 87' lang='lat' dir='ltr'>milites</span> <span class='ocrx_word' id='word_1_315' title='bbox 808 3807 967 3859; x_wconf 82' lang='lat' dir='ltr'>advenisse:</span> <span class='ocrx_word' id='word_1_316' title='bbox 997 3807 1163 3860; x_wconf 85' lang='lat' dir='ltr'>sustulerant</span> <span class='ocrx_word' id='word_1_317' title='bbox 1190 3809 1260 3862; x_wconf 82' lang='lat' dir='ltr'>enim</span> 
     </span>
     <span class='ocr_line' id='line_1_37' title="bbox 168 3877 1259 3948; baseline 0 -19"><span class='ocrx_word' id='word_1_318' title='bbox 168 3878 303 3929; x_wconf 83' lang='lat' dir='ltr'>clamorem</span> <span class='ocrx_word' id='word_1_319' title='bbox 329 3891 420 3929; x_wconf 88' lang='lat' dir='ltr'>omnes</span> <span class='ocrx_word' id='word_1_320' title='bbox 448 3885 475 3928; x_wconf 90' lang='lat' dir='ltr'>et</span> <span class='ocrx_word' id='word_1_321' title='bbox 498 3879 598 3946; x_wconf 80' lang='lat' dir='ltr'>gratias</span> <span class='ocrx_word' id='word_1_322' title='bbox 625 3879 777 3930; x_wconf 79' lang='lat' dir='ltr'>tribuerunt</span> <span class='ocrx_word' id='word_1_323' title='bbox 800 3879 869 3931; x_wconf 91' lang='lat' dir='ltr'>deo·</span> <span class='ocrx_word' id='word_1_324' title='bbox 896 3879 959 3948; x_wconf 86' lang='lat' dir='ltr'>quia</span> <span class='ocrx_word' id='word_1_325' title='bbox 983 3878 1114 3930; x_wconf 82' lang='lat' dir='ltr'>Romanas</span> <span class='ocrx_word' id='word_1_326' title='bbox 1133 3877 1259 3930; x_wconf 82' lang='lat' dir='ltr'>videbant</span> 
     </span>
     <span class='ocr_line' id='line_1_38' title="bbox 168 3947 1280 4023; baseline -0.001 -22"><span class='ocrx_word' id='word_1_327' title='bbox 168 3951 232 4001; x_wconf 82' lang='lat' dir='ltr'>vires</span> <span class='ocrx_word' id='word_1_328' title='bbox 253 3957 279 3999; x_wconf 90' lang='lat' dir='ltr'>et</span> <span class='ocrx_word' id='word_1_329' title='bbox 297 3947 361 3998; x_wconf 86' lang='lat' dir='ltr'>talia</span> <span class='ocrx_word' id='word_1_330' title='bbox 379 3949 512 4015; x_wconf 82' lang='lat' dir='ltr'>praesidia</span> <span class='ocrx_word' id='word_1_331' title='bbox 530 3950 563 4000; x_wconf 84' lang='lat' dir='ltr'>ad</span> <span class='ocrx_word' id='word_1_332' title='bbox 582 3949 652 4002; x_wconf 87' lang='lat' dir='ltr'>hune</span> <span class='ocrx_word' id='word_1_333' title='bbox 671 3951 760 4002; x_wconf 86' lang='lat' dir='ltr'>locum</span> <span class='ocrx_word' id='word_1_334' title='bbox 777 3950 929 4001; x_wconf 87' lang='lat' dir='ltr'>advenisse.</span> <span class='ocrx_word' id='word_1_335' title='bbox 965 3958 1069 4016; x_wconf 89' lang='lat' dir='ltr'>tempus</span> <span class='ocrx_word' id='word_1_336' title='bbox 1089 3952 1159 4002; x_wconf 89' lang='lat' dir='ltr'>enim</span> <span class='ocrx_word' id='word_1_337' title='bbox 1175 3965 1258 4017; x_wconf 89' lang='lat' dir='ltr'>prae.</span> <span class='ocrx_word' id='word_1_338' title='bbox 1276 4002 1280 4023; x_wconf 48' lang='lat'><strong>¹</strong></span> 
     </span>
     <span class='ocr_line' id='line_1_39' title="bbox 167 4020 1257 4102; baseline 0.001 -31"><span class='ocrx_word' id='word_1_339' title='bbox 167 4021 269 4072; x_wconf 84' lang='lat' dir='ltr'>teriorat</span> <span class='ocrx_word' id='word_1_340' title='bbox 287 4026 328 4070; x_wconf 84' lang='lat' dir='ltr'><strong><em>sat</em></strong></span> <span class='ocrx_word' id='word_1_341' title='bbox 352 4035 489 4102; x_wconf 82' lang='lat' dir='ltr'>magnum,</span> <span class='ocrx_word' id='word_1_342' title='bbox 517 4035 549 4070; x_wconf 86' lang='lat' dir='ltr'><strong><em>ex</em></strong></span> <span class='ocrx_word' id='word_1_343' title='bbox 577 4035 630 4088; x_wconf 87' lang='lat' dir='ltr'>qao</span> <span class='ocrx_word' id='word_1_344' title='bbox 654 4021 787 4073; x_wconf 82' lang='lat' dir='ltr'>Romanos</span> <span class='ocrx_word' id='word_1_345' title='bbox 812 4035 866 4072; x_wconf 93' lang='lat' dir='ltr'><strong><em>non</em></strong></span> <span class='ocrx_word' id='word_1_346' title='bbox 895 4020 1007 4073; x_wconf 86' lang='lat' dir='ltr'>haberet</span> <span class='ocrx_word' id='word_1_347' title='bbox 1030 4020 1106 4075; x_wconf 88' lang='lat' dir='ltr'>loons</span> <span class='ocrx_word' id='word_1_348' title='bbox 1131 4021 1181 4074; x_wconf 89' lang='lat' dir='ltr'>ille</span> <span class='ocrx_word' id='word_1_349' title='bbox 1206 4037 1257 4088; x_wconf 84' lang='lat' dir='ltr'><strong><em>np-</em></strong></span> 
     </span>
     <span class='ocr_line' id='line_1_40' title="bbox 168 4090 1257 4158; baseline 0.001 -16"><span class='ocrx_word' id='word_1_350' title='bbox 168 4101 283 4158; x_wconf 85' lang='lat' dir='ltr'>parentes</span> <span class='ocrx_word' id='word_1_351' title='bbox 304 4091 419 4141; x_wconf 89' lang='lat' dir='ltr'>omnino.</span> <span class='ocrx_word' id='word_1_352' title='bbox 440 4091 580 4142; x_wconf 73' lang='lat' dir='ltr'>&#39;lurcorum</span> <span class='ocrx_word' id='word_1_353' title='bbox 593 4093 662 4143; x_wconf 88' lang='lat' dir='ltr'>enirn</span> <span class='ocrx_word' id='word_1_354' title='bbox 681 4091 774 4150; x_wconf 74' lang='lat' dir='ltr'>diebus</span> <span class='ocrx_word' id='word_1_355' title='bbox 792 4090 932 4144; x_wconf 88' lang='lat' dir='ltr'>llichaclis</span> <span class='ocrx_word' id='word_1_356' title='bbox 953 4101 1011 4144; x_wconf 83' lang='lat' dir='ltr'>eret</span> <span class='ocrx_word' id='word_1_357' title='bbox 1027 4093 1210 4146; x_wconf 79' lang='lat' dir='ltr'>deversorium</span> <span class='ocrx_word' id='word_1_358' title='bbox 1229 4099 1257 4143; x_wconf 91' lang='lat' dir='ltr'>et</span> 
     </span>
     <span class='ocr_line' id='line_1_41' title="bbox 169 4161 1276 4230; baseline 0 -16"><span class='ocrx_word' id='word_1_359' title='bbox 169 4163 237 4215; x_wconf 89' lang='lat' dir='ltr'>multi</span> <span class='ocrx_word' id='word_1_360' title='bbox 256 4163 393 4230; x_wconf 77' lang='lat' dir='ltr'>sanguinis</span> <span class='ocrx_word' id='word_1_361' title='bbox 415 4161 557 4217; x_wconf 85' lang='lat' dir='ltr'>Christiani</span> <span class='ocrx_word' id='word_1_362' title='bbox 576 4165 668 4217; x_wconf 90' lang='lat' dir='ltr'>sordes</span> <span class='ocrx_word' id='word_1_363' title='bbox 689 4173 716 4216; x_wconf 94' lang='lat' dir='ltr'>et</span> <span class='ocrx_word' id='word_1_364' title='bbox 735 4165 843 4216; x_wconf 89' lang='lat' dir='ltr'>omnino</span> <span class='ocrx_word' id='word_1_365' title='bbox 866 4163 941 4215; x_wconf 88' lang='lat' dir='ltr'>locus</span> <span class='ocrx_word' id='word_1_366' title='bbox 959 4179 1060 4218; x_wconf 77' lang='lat' dir='ltr'>vacuus</span> <span class='ocrx_word' id='word_1_367' title='bbox 1084 4173 1112 4216; x_wconf 90' lang='lat' dir='ltr'>et</span> <span class='ocrx_word' id='word_1_368' title='bbox 1135 4166 1276 4216; x_wconf 79' lang='lat' dir='ltr'>desertos</span> 
     </span>
    </p>
   </div>
   <div class='ocr_carea' id='block_1_5' title="bbox 169 4233 1256 4305">
    <p class='ocr_par' dir='ltr' id='par_1_8' title="bbox 169 4233 1256 4305">
     <span class='ocr_line' id='line_1_42' title="bbox 169 4233 1256 4305; baseline -0.001 -19"><span class='ocrx_word' id='word_1_369' title='bbox 169 4241 192 4287; x_wconf 87' lang='lat' dir='ltr'>ot</span> <span class='ocrx_word' id='word_1_370' title='bbox 206 4235 358 4292; x_wconf 81' lang='lat' dir='ltr'>inaccessas</span> <span class='ocrx_word' id='word_1_371' title='bbox 379 4243 444 4288; x_wconf 87' lang='lat' dir='ltr'>crat.</span> <span class='ocrx_word' id='word_1_372' title='bbox 467 4243 605 4305; x_wconf 80' lang='lat' dir='ltr'>postquam</span> <span class='ocrx_word' id='word_1_373' title='bbox 624 4243 712 4292; x_wconf 87' lang='lat' dir='ltr'>antem</span> <span class='ocrx_word' id='word_1_374' title='bbox 729 4245 784 4290; x_wconf 87' lang='lat' dir='ltr'>tum</span> <span class='ocrx_word' id='word_1_375' title='bbox 808 4243 989 4305; x_wconf 76' lang='lat' dir='ltr'>apparuerant</span> <span class='ocrx_word' id='word_1_376' title='bbox 1011 4236 1144 4292; x_wconf 77' lang='lat' dir='ltr'>Romanae</span> <span class='ocrx_word' id='word_1_377' title='bbox 1168 4233 1256 4288; x_wconf 83' lang='lat' dir='ltr'>dorni·</span> 
     </span>
    </p>
   </div>
   <div class='ocr_carea' id='block_1_6' title="bbox 0 0 1524 4892">
    <p class='ocr_par' dir='ltr' id='par_1_9' title="bbox 0 0 1524 4892">
     <span class='ocr_line' id='line_1_43' title="bbox 0 0 1524 4892; baseline 0 0"><span class='ocrx_word' id='word_1_378' title='bbox 0 0 1524 4892; x_wconf 95' lang='lat' dir='ltr'><strong><em> </em></strong></span> 
     </span>
    </p>
   </div>
  </div>
 </body>
</html>
