3017 4892
603 278 812 352 aaronis.
863 254 872 269 '
1182 274 1258 349 ars
1351 332 1358 342 .

69 514 72 517 ,
144 447 258 529 μαίων
272 432 422 525 διἰθόμοτς
437 441 742 525 σ’ντιλαμβόνεσθαι,
764 442 875 528 πόρρω
892 450 1025 529 θέμενος
1043 446 1101 533 τήν
1119 447 1176 513 τοῦ
1195 452 1259 528 βα-

146 550 266 622 σιλέως
291 550 427 628 βαθεῖαν
457 542 575 628 ταότην
605 543 769 616 α’πόνοισν.
822 544 852 611 οῖ
875 550 910 613 δὲ
938 542 1146 625 συνελθόντες
1171 550 1278 638 odaei,

147 646 199 732 μή
223 652 359 729 θαρρεῖν
392 647 478 733 ου’τρῖ
498 638 813 732 πορεγγυησόμενοι,
836 649 866 713 εἰ
884 649 929 732 μὴ
953 650 1008 716 καί
1026 654 1091 717 τεόν
1111 647 1283 735 τιαρασή.Χ

148 773 226 831 μοιν
245 751 300 830 τῆς
318 750 482 829 βασιλείας
504 742 712 830 ε’νιενδόσηται
733 746 790 832 τὴν
808 748 1024 836 λαμπρότητα,
1047 759 1183 816 ποιεῖται
1205 756 1262 817 καί

151 946 337 1031 ὑπόδειγμα
356 944 530 1031 κράτιστον,
554 949 608 1011 καί
621 949 849 1032 περιβάλλεται
867 956 927 1032 μὲν
937 952 1090 1034 χλαμόδα
1104 957 1157 1017 καί
1176 952 1259 1036 βόσ-

151 1072 213 1115 σαν
235 1051 289 1113 καί
310 1046 496 1131 όλουργίδα,
521 1046 578 1131 τὴν
602 1049 630 1111 δ’
651 1051 813 1135 εδφημιάν
836 1054 894 1116 tud
912 1047 1047 1134 κρότους
1068 1050 1155 1133 παρρὶ
1177 1051 1259 1119 πόν-

152 1174 219 1215 των
240 1152 437 1231 εἰσδέχεται,
467 1150 621 1231 δευτέραν
652 1149 782 1231 α’γόντος
806 1156 866 1216 τοῦ
892 1149 1017 1217 ιὀυλιόυ
1037 1147 1135 1236 μηνός
1155 1155 1211 1233 τῆς
1231 1150 1258 1219 α’

154 1250 350 1325 ἰνδικτίιονας
373 1244 490 1314 όπόταν
519 1244 535 1311 ό
555 1247 721 1335 ἑωσφόρος
749 1248 840 1336 ἥλιος
868 1249 924 1316 τόν
945 1249 1126 1336 ἰσημερινόν
1147 1251 1261 1316 κόκλον

107 1366 144 1420 10
155 1348 300 1415 ἐλαόνοτν
325 1349 548 1439 καθαρώτερον
581 1345 650 1433 ἅμα
679 1351 734 1414 καί
767 1352 986 1438 λαμπρότερον
1019 1347 1073 1415 τόν
1102 1356 1261 1435 περίγειον

153 1448 272 1533 κόσμον
294 1451 478 1536 ἐργάζεται,
508 1451 563 1516 καί
586 1461 652 1527 τοῖς
681 1452 864 1535 α’νθρτόποις
893 1452 951 1538 την
971 1452 1093 1536 ἡμέραν
1113 1452 1262 1535 μεγίστην

101 1554 211 1615 ’ἰιαί
230 1554 409 1636 χαριέσσαν
431 1555 485 1614 καί
513 1552 776 1634 δπερβλόζουσαν
803 1561 869 1627 τοῖς
889 1552 1022 1635 α’γαθυῖς
1044 1552 1260 1631 ἀποδείκνυσι,

154 1651 210 1715 καί
231 1648 347 1731 κόσμον
368 1646 442 1714 όλον
459 1652 604 1735 χαρίτων
628 1650 777 1735 α’ρρήτων
795 1650 1002 1737 ἐμπίπλησιν.
1029 1717 1033 1721 Α

248 1740 407 1832 ’Ἀρχεται
441 1754 610 1835 τοιγαροῦν
638 1754 704 1815 ταῖν
732 1756 890 1834 κοσμικοῖν
918 1751 1019 1836 ἔργων
1042 1753 1058 1817 ό
1082 1758 1151 1830 νόος
1171 1745 1263 1833 οὗτος
1295 1738 1311 1748 ’

112 1855 146 1908 15
157 1845 312 1933 δεσπότης
343 1847 397 1913 καί
423 1848 586 1932 βασιλεός.
642 1854 697 1917 καί
724 1856 851 1937 πρῶτον
881 1856 940 1931 μὲν
960 1855 1169 1938 καταπλήττει
1189 1852 1261 1932 τοός

161 1938 302 2023 Οόννους
325 1941 487 2034 ἅπαντας,
521 1944 591 2016 ὅσοι
623 1951 678 2037 τὴν
699 1949 783 2017 ἓιόαν
810 1956 1016 2036 κατέτρεχον,
1041 1957 1095 2018 καί
1113 1950 1261 2035 θάμβους

156 2054 213 2145 καί
233 2047 369 2134 α’πορίας
390 2057 511 2137 πληροῖ,
555 2058 611 2118 καί
632 2048 748 2138 ἤρξατο
768 2063 900 2139 συρρεῖν
923 2056 972 2119 ἐπ’
994 2053 1094 2119 αδτόν
1114 2060 1276 2133 πλεῖστον,

157 2143 231 2216 όσον
257 2152 432 2234 Τουρκικὸν
451 2158 573 2237 πλῆθος
595 2155 768 2242 ε’νδουλικρῖ
795 2156 839 2240 τῷ
862 2154 1066 2240 φρονήματι·
1111 2150 1261 2239 παρῆσαν

158 2248 217 2334 γὰρ
240 2249 340 2339 τούτῳ
365 2252 550 2335 αότόμολοι,
571 2257 626 2339 τη’ν
647 2277 679 2320 τε
703 2258 851 2320 δουλείαν
873 2254 1109 2338 όμολογοόντες,
1128 2259 1183 2319 καί
1204 2253 1261 2339 την
1335 2306 1347 2318 ,

116 2366 150 2423 20
160 2351 240 2435 πρός
262 2347 362 2417 αότόν
383 2342 511 2436 όμιλίαν
533 2360 590 2421 καί
610 2355 665 2440 την
687 2350 790 2420 uiros
809 2357 890 2421 θέαν
908 2357 1093 2440 ευέργεσιάν
1111 2360 1263 2441 μεγίστην
1353 2380 1355 2386 ’

160 2447 242 2519 εἶναι
265 2459 514 2537 κατατιθέμενοι.
536 2450 574 2541 ἦν
600 2455 661 2543 γόρ
681 2453 842 2542 θεαθῆναι
861 2460 921 2537 μὲν
941 2456 1161 2543 φοβερώτατος
1181 2455 1264 2537 όμοῦ

162 2558 216 2619 καί
236 2553 393 2639 ἦδότατος
414 2560 459 2645 τῷ
481 2568 515 2622 τε
536 2559 776 2643 καταπληκτικηῖ
802 2558 860 2621 τοό
878 2562 1034 2639 μεγέθους
1057 2559 1112 2621 καί
1130 2558 1169 2643 τῇ
1190 2557 1263 2620 ε’πι-

164 2660 281 2741 φανείη
303 2657 357 2738 τῆς
380 2650 489 2741 ῥώμης
517 2656 572 2722 καί
597 2661 639 2742 τῷ
661 2657 713 2740 τῆς
736 2650 843 2739 ὄψεως
870 2658 1004 2745 χαροπηῑ
1023 2654 1078 2721 καί
1097 2657 1263 2740 α’στραπη.

163 2954 375 3025 imprudentiam.
415 2952 458 3005 ilii
482 2959 569 3006 autem
594 2953 627 3007 ad
646 2966 706 3007 enm
735 2954 930 3007 conuenientes
955 2964 1015 3005 carn
1035 2954 1217 3008 declarassent
1234 2969 1265 3009 ιο

164 3031 188 3082 ei
205 3043 260 3080 non
281 3026 428 3079 confisuros
450 3040 529 3089 esse,
552 3025 605 3080 uisi
626 3026 704 3078 etiam
722 3026 866 3093 insignium
889 3025 967 3095 regni
986 3025 1117 3079 induisset
1134 3025 1264 3092 splendo-

162 3117 233 3164 rem,
258 3099 345 3151 reddit
371 3098 450 3150 etiam
476 3097 528 3148 hoc
548 3113 613 3150 suae
630 3096 854 3165 magnanimitatis
881 3105 908 3148 et
930 3098 1075 3149 communis
1094 3095 1265 3150 obedientias

164 3174 347 3224 documentum
368 3169 554 3235 iratissimum,
578 3178 605 3221 et
623 3170 708 3220 induit
735 3168 846 3235 pallium
866 3176 893 3220 et
911 3168 1008 3220 lineam
1028 3176 1131 3220 vestem
1152 3176 1180 3220 et
1199 3182 1265 3234 pur.

163 3259 267 3312 puram,
287 3242 473 3295 salutationem
502 3250 589 3293 autam
614 3242 752 3309 potentiue
778 3240 811 3291 ab
837 3241 958 3292 omnibus
984 3241 1101 3307 accipit,
1121 3240 1264 3293 secundum

164 3316 229 3367 diem
255 3322 353 3383 agente
377 3313 446 3366 iulio
471 3328 563 3367 mense
587 3313 742 3364 indictionis
761 3312 788 3376 1,
818 3313 922 3379 quando
950 3310 990 3364 sol
1018 3311 1117 3364 lucifer
1135 3310 1265 3363 circulum
1308 3327 1391 3372 tc‘ts

165 3386 326 3452 aequinoctii
347 3385 435 3438 terens
451 3386 535 3451 magis
554 3400 648 3451 pirum
667 3382 746 3437 simul
767 3383 1013 3450 etsplendidiorem
1031 3392 1167 3436 terrenum
1185 3396 1264 3434 muu-

166 3456 222 3507 dum
242 3455 305 3506 iaoit
325 3463 352 3506 et
369 3455 520 3507 hominibus
542 3457 611 3507 diem
631 3457 772 3507 maximum
792 3463 819 3506 et
836 3455 978 3507 iucundum
998 3465 1025 3508 ct
1043 3456 1197 3509 affluentem
1211 3453 1264 3505 bo.

166 3527 205 3578 nis
224 3526 320 3589 reddit,
341 3534 367 3575 et
384 3526 506 3577 mundum
525 3528 682 3581 universum
701 3528 794 3594 gratiis
819 3527 1043 3605 inenarrabilibus
1062 3527 1164 3594 impiet.

101 3670 110 3679 .
263 3611 379 3679 attingit
406 3626 470 3680 ergo
499 3613 631 3663 mundana
657 3616 768 3681 negotia
792 3616 921 3669 iuvenilis
948 3616 992 3668 hic
1014 3617 1135 3667 dominus
1161 3624 1188 3666 ot
1206 3629 1264 3677 ron,
1320 3611 1331 3625 ⁸

167 3691 242 3751 atque
261 3683 373 3750 primum
394 3683 499 3750 quidem
518 3684 637 3733 concutit
653 3684 763 3737 Hunnos
790 3700 891 3751 omnes,
911 3690 956 3755 qui
970 3688 1101 3740 orientem
1119 3701 1265 3754 percurato.

91 3812 96 3821 Ι
166 3754 241 3817 bant,
269 3762 295 3803 et
314 3761 424 3820 stupore
443 3762 522 3821 atque
542 3754 706 3806 dubitatione
726 3755 833 3823 implet:
858 3767 938 3825 atquo
966 3760 1057 3827 eoepit
1077 3758 1213 3809 confluere
1232 3757 1265 3809 ad

168 3840 223 3877 eum
251 3824 365 3893 piurima
390 3824 528 3876 multitudo
552 3826 692 3879 Tuscorum
717 3830 943 3894 animoaervilir
972 3832 1081 3883 aderant
1107 3831 1176 3881 enim
1202 3828 1264 3880 hnic
1290 3826 1310 3878 A

167 3896 328 3965 transfugae,
350 3898 505 3947 sermtotem
524 3899 680 3963 profitentes
701 3908 728 3951 et
749 3901 806 3951 eius
826 3903 1054 3966 consuetudinem,
1074 3904 1176 3953 eteius
1196 3916 1264 3951 eou-

167 3976 282 4035 speetum
300 3968 459 4019 beneficium
480 3971 618 4020 triariorum
634 3986 693 4023 esse
713 3978 874 4024 statuentes:
894 3977 1039 4023 eratenim
1059 3974 1187 4041 adspectu
1207 3987 1264 4023 ma-

167 4042 232 4093 xime
257 4038 444 4091 formidolosus
468 4040 546 4092 simui
573 4040 816 4104 e't-suavissimus,
850 4044 995 4095 efficientia
1018 4044 1206 4113 magnitudinis
1240 4049 1267 4092 et

169 4120 312 4179 conspectu
331 4110 436 4163 roboris
457 4116 483 4161 et
501 4112 639 4166 oculorum
659 4110 741 4165 alacri
763 4120 789 4164 et
808 4112 916 4181 fulgura
935 4116 1072 4167 emittente
1098 4116 1183 4169 uultu.
1222 4113 1266 4165 di-

169 4183 280 4239 lueidutn
300 4184 370 4237 eninr
386 4182 486 4237 babens
503 4186 557 4239 oris
576 4182 678 4237 vultum
692 4186 799 4251 integro
818 4184 915 4239 rubore
929 4184 1021 4253 oeulos
1039 4186 1184 4256 praebebat
1202 4196 1266 4253 gra·
