3017 4892
288 337 337 414 50
583 340 802 413 utcutmts
829 340 1090 412 Arrffloutu

287 508 386 588 ptam
407 505 463 588 τῆς
482 503 615 590 ᾄόχεονς,
638 505 791 589 κόρταμό
810 532 842 571 τι
872 504 1054 588 ἀνίστησιν,
1090 501 1162 590 ἴσην
1185 505 1222 570 δὲ
1242 496 1300 586 τὴν
1325 500 1404 568 nimi

289 608 354 672 τῶν
377 604 486 690 νεότωη
504 599 584 688 ἄχρι
605 611 664 670 τοῦ
685 607 819 691 οόραίσυ
838 608 970 672 εόθεῖαν
990 608 1163 691 aramque,
1194 605 1253 670 οόα
1276 599 1311 668 ἓν
1333 599 1403 692 ἴσην

289 709 327 772 tt
349 705 592 793 τῷόψοόματι·
642 704 680 771 τό
713 706 856 793 μὲνγὰρ
891 706 970 792 πρὸς
1003 710 1102 772 vairos
1122 707 1217 772 τοῦδε
1239 705 1285 780 εἰς
1302 699 1402 786 όψος

282 809 465 893 -όπαίρεται,
487 807 527 873 roi
550 811 586 874 ot
609 806 688 892 πρός
709 806 817 894 όσφόν
837 796 1064 892 ταπεινοτέραν
1092 803 1235 891 ἔχεικαὶ
1253 809 1400 888 χθαμα-

289 911 433 992 λωτόραν
460 907 519 992 τὴν
547 908 715 989 σύνθεσιν,
753 904 795 986 ὥς
825 914 960 976 εὀενόναι
987 908 1107 994 ταότην
1141 907 1306 993 όναφερεί
1330 909 1426 971 sesto

218 1045 222 1054 ·
289 996 418 1098 συοπιρῖ,
454 1011 489 1074 ε’νι
508 1013 684 1092 χόαμαλοό
715 1010 886 1098 ἀρχομένη.
941 1010 977 1075 τό
1011 1011 1046 1083 δὲ
1066 1007 1210 1090 βάδισμα
1234 1004 1402 1092 διάφορον

289 1117 355 1184 τοῖς
378 1101 485 1187 ἄλλοις
500 1106 601 1189 ,ζιόοις
619 1113 675 1175 καί
696 1113 783 1188 ξένον
803 1108 872 1193 ἔχει
890 1110 1108 1178 παντάπασιν·
1138 1110 1179 1172 ου’
1199 1106 1260 1192 γὰρ
1283 1102 1396 1194 ὥσπερ

223 1215 228 1228 ‘
287 1213 391 1276 ἐκεῖνα
410 1208 486 1287 τεός
506 1208 673 1286 όπισδίους
700 1215 802 1290 πόδας
818 1211 933 1298 ἐγείρει
950 1210 1125 1297 πρότερον,
1144 1204 1215 1275 εἶτα
1235 1207 1311 1287 τοός
1332 1212 1398 1290 όμ-

288 1316 487 1397 προσθιλιυς,
517 1312 587 1378 ἀλλ’
608 1312 742 1392 ἐναλλὰξ
769 1313 845 1389 roric
866 1316 920 1397 τῆς
949 1315 1027 1395 μιᾶς
1045 1314 1187 1395 πλευρᾶς
1209 1308 1269 1375 δόο
1289 1310 1396 1385 πόδας

289 1408 376 1495 αἴρει
396 1436 429 1478 τε
450 1412 507 1478 καί
524 1421 613 1495 navet,
639 1416 695 1480 καί
715 1408 813 1490 erlbac
835 1411 918 1497 όμοό
938 1415 1013 1490 τούς
1041 1415 1095 1497 τῆς
1120 1409 1231 1497 ἑτέρας
1250 1413 1397 1497 πλευροῖς
1406 1421 1440 1472 10

290 1508 348 1577 δύο
371 1512 473 1592 πόδας
493 1517 527 1581 όν
548 1514 737 1604 ἰσοεαλόντρι
759 1516 816 1580 καί
836 1514 957 1600 κινήσει
978 1520 1034 1580 καί
1053 1507 1154 1598 όρσει.

393 1619 541 1693 Τοοοῦτος
571 1619 607 1683 δὲ
629 1614 718 1701 κατὰ,
734 1615 811 1692 eoric
830 1621 1011 1702 [opora'poof
1035 1613 1172 1700 χρόνους
1189 1610 1354 1698 τυγχάνων
1373 1613 1394 1678 ό

293 1713 489 1799 Μονομόχος
518 1713 573 1782 ἔπε’
593 1719 794 1782 πολυειόόσα
823 1715 980 1803 όβρότησί
1006 1741 1041 1782 τε
1071 1719 1126 1781 καί
1153 1714 1298 1799 θρόψεσε
1327 1713 1390 1800 πρό

290 1814 351 1880 δόο
372 1819 429 1899 τῆς
446 1817 503 1880 τοῦ
523 1817 597 1900 βίου
620 1819 840 1905 καταστροφῆς
869 1815 1026 1884 ἐνιαυτοῖν
1053 1815 1233 1899 μεταβολήν
1249 1817 1315 1880 τεόν
1336 1813 1393 1900 ἕρ-

280 1940 354 1998 ·γοον
374 1917 586 2003 ἀνυπονόητον
608 1918 801 1999 ἐπεδείξατο.
850 1921 1039 2004 προστεθεὶς
1064 1919 1127 2002 χόρ
1160 1924 1225 1992 τοῖς
1253 1917 1392 1981 δεινοτό-
1402 1920 1435 1970 15

291 2037 360 2098 ροις
395 2018 458 2080 τῶν
489 2017 674 2102 φορολόχων
708 2018 854 2101 όνδροῖν,
884 2015 941 2095 oric
969 2017 1170 2106 σεκρετιαοός
1191 2017 1209 2080 ό
1231 2013 1393 2091 πολιτικός

293 2111 386 2198 λόγος
413 2111 479 2181 οἶδε
505 2123 634 2194 καλεῖν,
654 2109 757 2204 ἄρδην
787 2117 934 2186 όπόντων
958 2124 1073 2206 ζημίας
1104 2119 1308 2205 οάροόπτους
1337 2121 1392 2182 καί

292 2215 446 2294 λοιπόδας
469 2221 742 2305 ’μεμηχανημένας
767 2220 1013 2307 κατεσοφίσατο,
1036 2226 1093 2288 καί
1117 2218 1194 2296 roric
1212 2224 1307 2302 βίους
1327 2222 1393 2284 τῶν

292 2314 439 2384 όποοσοῦν
460 2318 679 2404 εόποροόντων
700 2312 896 2403 όκμνελίζαν
918 2315 958 2407 ἦν
968 2371 979 2401 ,
1009 2324 1098 2400 δίκας
1116 2317 1245 2397 ἀδίκους
1266 2321 1391 2403 ἐπόγαν

292 2420 348 2483 καί
369 2423 545 2506 καινοῳανῆ
566 2423 731 2507 ζητήματα
753 2424 809 2489 καί
828 2425 1048 2508 προβλήματα.
1105 2424 1160 2489 καί
1180 2423 1197 2488 ό
1219 2420 1434 2505 στεναχμόςνθ

291 2509 369 2593 ὅσον
385 2523 447 2584 τῶν
474 2513 557 2586 orirer
578 2523 797 2606 ζημιουμένου
824 2523 879 2589 καί
898 2530 1138 2607 καθελκομίνοον
1166 2529 1213 2601 είς
1231 2524 1288 2607 τὴν
1310 2515 1391 2586 οἷσίν-

292 2617 382 2684 δνσιν
410 2621 483 2686 αἵτε
507 2623 650 2708 φρουροί
670 2621 855 2708 πλήθουσαν
865 2628 929 2692 τόν
949 2629 1157 2710 ε’ναγομόνων,
1178 2625 1233 2690 καί
1246 2627 1391 2708 καθημε-

292 2720 381 2805 ρινδς
401 2720 549 2809 όδυρμός.
609 2729 671 2791 τοῖν
697 2727 734 2791 δὲ
768 2731 986 2815 παραδόντων
1010 2730 1066 2793 τοῦ
1087 2721 1203 2814 ἄλγους
1236 2723 1269 2791 οἱ
1294 2723 1390 2810 μήτε)

366 2922 390 2972 1.
410 2923 456 2989 ἴση
475 2920 506 2975 (l.
613 2921 639 2974 ὃ.
660 2923 691 2976 ἐκ
708 2921 817 2996 θάμαί
838 2922 868 2975 c.
889 2923 1006 2975 correxit
1022 2922 1164 2991 interpres.

260 3101 263 3108 '
292 3111 350 3155 snm
368 3077 447 3155 huius
466 3102 499 3154 ad
516 3100 683 3154 altitudinem
713 3099 860 3163 extollitur,
881 3101 982 3155 femora
1007 3109 1095 3155 autem
1112 3079 1198 3169 mbgis
1215 3108 1322 3154 tenuem
1340 3099 1389 3154 ba.

291 3174 357 3225 bent
375 3180 403 3223 et
414 3173 584 3224 humiliorem
600 3172 828 3238 compositionem,
842 3173 879 3222 ita
894 3180 924 3224 ut
934 3174 1028 3226 similis
1040 3181 1114 3226 esset
1125 3173 1192 3225 baec
1204 3172 1277 3224 celso
1290 3173 1391 3226 cuidam

293 3241 475 3309 speculatorio
502 3259 535 3294 ex
554 3242 646 3294 humili
671 3241 733 3292 loco
753 3242 902 3307 incipienti.
933 3259 1043 3311 gressus
1061 3252 1149 3295 autem
1166 3245 1289 3296 diversus
1308 3259 1325 3294 a
1342 3259 1389 3294 ee.
1436 3278 1442 3284 -

292 3314 359 3364 teris
378 3312 537 3365 animalibus
557 3321 584 3363 et
602 3327 710 3379 prorsus
729 3312 833 3364 alienus
853 3322 904 3376 est;
920 3330 1010 3381 neque
1028 3316 1097 3364 enim
1115 3313 1210 3364 utilia
1229 3317 1390 3380 posteriores

293 3383 375 3450 perles
401 3382 500 3435 attollit
526 3384 617 3450 prius,
644 3381 739 3434 deinde
765 3385 931 3448 anteriores,
950 3385 998 3437 sed
1021 3384 1141 3436 vicissim
1165 3383 1275 3435 alterius
1300 3385 1390 3438 lateris

293 3454 359 3505 duos
378 3454 460 3520 pedes
480 3453 552 3505 tollit
569 3462 596 3505 et
613 3460 719 3519 movet,
739 3461 767 3511 et
783 3470 875 3508 rursus
891 3456 970 3509 simul
987 3455 1098 3508 alterius
1119 3454 1211 3506 lateris
1223 3455 1289 3508 duos
1311 3458 1390 3523 pedes

294 3525 351 3590 pari
370 3532 398 3576 et
414 3532 488 3576 motu
502 3532 529 3576 et
548 3526 694 3577 erectione.

392 3611 462 3666 Talis
487 3620 574 3665 autem
601 3613 735 3680 prioribus
763 3617 839 3668 annis
865 3630 925 3669 cnm
952 3623 1024 3668 esset
1046 3614 1251 3679 monomachus,
1271 3615 1299 3666 in
1318 3616 1390 3666 varia

291 3685 489 3754 magnificentia
502 3693 529 3737 et
541 3683 656 3738 mollitie
666 3686 767 3740 duobus
781 3689 857 3743 annis
867 3697 929 3741 ante
942 3690 1015 3740 vitae
1030 3687 1108 3739 finem
1118 3688 1290 3739 mutationem
1305 3686 1390 3738 facto.

291 3772 350 3808 rum
367 3759 576 3832 inexspectatum
596 3759 720 3811 ostendit.
760 3762 918 3813 coniunctus
937 3759 1007 3813 enim
1020 3760 1225 3812 terribilior-ibus
1241 3766 1390 3810 eraotornm

245 3846 248 3855 s
292 3830 476 3898 vectigalium,
496 3845 563 3899 quos
573 3838 692 3884 secretos
706 3832 844 3899 popularis
862 3846 949 3886 sermo
962 3830 1033 3883 solet
1041 3833 1189 3896 nominare,
1203 3832 1310 3883 omnino
1325 3843 1390 3880 eon.

293 3907 334 3950 tra
352 3915 444 3954 omnes
474 3917 575 3968 poenas
604 3903 754 3969 insperatas
781 3911 808 3955 et
826 3905 916 3956 debita
933 3905 1045 3954 inventa
1072 3904 1247 3971 excogitavit,
1267 3910 1295 3953 et
1312 3901 1390 3953 vitam

295 3984 401 4036 eorum,
421 3972 467 4041 qui
489 3974 585 4041 quovis
604 3974 682 4026 modo
705 3975 803 4026 divites
822 3983 922 4038 esseut,
941 3973 1112 4040 debilitabat,
1132 3990 1190 4027 cum
1209 3976 1251 4028 ius
1268 3973 1390 4024 iniustum

294 4043 406 4094 inferret
438 4050 465 4094 et
500 4045 631 4098 inauditas
664 4045 854 4113 inquisitiones
887 4053 915 4097 et
941 4052 1095 4110 praetexta,
1124 4054 1151 4098 et
1168 4045 1297 4114 querelae
1317 4057 1390 4111 quam

293 4115 422 4165 maximae
442 4127 551 4178 eorum,
571 4119 630 4182 qui·
642 4117 679 4168 ita
698 4124 774 4167 erant
792 4116 877 4183 puniti
899 4123 926 4167 et
949 4118 1035 4167 coacti
1054 4118 1087 4169 ad
1105 4116 1276 4183 reddendum,
1296 4123 1324 4168 et
1344 4129 1390 4166 eu-

294 4185 396 4237 stodiae
413 4183 509 4251 plenae
528 4186 646 4240 adductis
673 4195 700 4238 et
717 4187 887 4255 quotidianus
907 4179 1038 4252 planetus.
1064 4189 1215 4252 boantem,
1234 4190 1280 4256 qni
1300 4184 1390 4238 dolore

261 4315 269 4325 ,
294 4259 388 4313 tentati
406 4264 490 4324 erant,
511 4257 556 4328 qui
574 4258 690 4312 nondum
710 4267 795 4326 erant,
813 4257 1036 4322 miserabiliores,
1056 4274 1116 4312 eum
1134 4258 1324 4314 omnibuslisci
1343 4273 1389 4310 ex-
