3017 4892
606 342 815 413 nrsroam.
972 292 975 299 ’
1105 334 1108 344 ·
1184 332 1256 409 ιον

96 591 101 599 ¹
136 516 311 605 μιζουσιν,
330 511 369 575 έν
388 510 431 597 τῷ
448 512 507 575 τοῦ
520 512 785 593 χρυσοτρικλίνοο
807 508 957 595 βασιλείῳ
971 504 1074 593 θρόνῳ
1097 500 1258 585 καθιδρύ-
1346 502 1349 505 ’

152 612 474 689 nomanatissimus*
496 608 554 695 τήν
577 608 682 695 α’ρχήν
705 613 917 693 ε’γχειριζουσι
937 604 1120 692 μόναρχον·
1145 599 1202 685 τήν
1224 625 1258 667 τε
1327 674 1331 679 ,

153 718 329 781 δέσποιναν
348 716 403 780 καί
420 714 542 799 μητέρα
574 712 688 777 τούτου
708 713 906 795 ’καθαιροῦσι
926 707 1016 790 ’μετὰ
1039 706 1185 791 σφοδρᾶς
1204 704 1259 785 τῆς
1347 783 1350 789 ¹

154 814 326 902 δπιφοριῖς,
346 808 416 881 εἶτα
433 814 486 879 καί
502 814 600 903 πλοίῳ
611 811 810 899 παραδόντες
830 808 997 897 ὑπερόριον
1017 808 1157 873 τίθενται
1180 799 1259 869 κατὰ

120 912 213 992 Ι5τὸν
232 911 311 981 ἔιδον
337 911 503 1001 πορθμόν,
532 911 568 979 ὃν
589 913 705 979 Στενὸν
731 909 762 977 οἱ
782 918 907 977 πολῖται
930 903 1200 989 κατονομάζουσιν
1225 905 1260 971 ἐκ
1352 928 1359 945 ·

155 1020 214 1100 τῆς
235 1015 367 1099 θέσεως,
388 1015 670 1101 έγκαταστησαντες
689 1011 808 1099 ταύτην
828 1016 968 1101 τῳ’παρ’
989 1004 1087 1093 αὐτῆς
1110 1004 1259 1073 συστάντι

157 1122 394 1207 ῳροντιστηρίῳ
414 1117 468 1182 καί
487 1122 644 1205 λεγομένῳ
661 1119 861 1203 Πιπερούδη,
881 1114 1156 1201 μελαμῳοροῡσαν
1176 1110 1259 1173 έπα-

158 1221 363 1297 ποδείξαντες
383 1218 439 1283 καί
458 1222 653 1302 κεκαρμένην
672 1215 728 1295 τοὶς
748 1221 871 1305 τρίχας,
894 1219 948 1282 καί
976 1217 1020 1305 τῷ
1041 1212 1175 1298 τάγματι
1196 1213 1258 1275 τῶν

156 1320 368 1399 μοναζουσοῖν
393 1299 652 1399 κδεαζεύξαντες.
758 1395 761 1402 .

114 1442 150 1495 10
255 1417 290 1483 Ὁ
312 1420 342 1484 δ’
369 1413 427 1484 orla
447 1424 600 1505 Διογένης
620 1424 717 1506 μέχρι
746 1427 804 1487 τοῦ
834 1426 973 1503 θίματος
1005 1420 1068 1485 τῶν
1086 1418 1260 1501 Ἀρμενια-
1271 1430 1289 1485 i.
1308 1430 1359 1486 tot
1373 1446 1397 1483 r.

158 1519 224 1581 κῶν
244 1517 374 1602 προϊών,
397 1522 466 1585 ε’πεί
489 1519 529 1587 τοὶ
553 1522 620 1585 κατ’
642 1521 741 1605 αὐτὸν
773 1519 1032 1607 ε’πληροῳορήθη,
1054 1520 1108 1582 καί
1129 1516 1172 1591 ὥς
1194 1522 1259 1590 τοῖς

125 1638 146 1680 0
159 1617 303 1695 πολίταις
326 1623 464 1696 καὶτοῖς
485 1617 669 1705 ἀνακτόροις
689 1621 953 1705 ἐπικεκήρυκται,
975 1612 1131 1703 φρούριόν
1153 1640 1183 1681 τι
1203 1640 1259 1681 κα·

159 1719 290 1802 τασχών
300 1718 438 1787 Δόκειαν
458 1722 748 1802 κατονομαζέμενον
763 1724 860 1786 ἐκεῖσε
876 1715 1258 1803 κατεστρατοπεδεύσατο,

160 1818 177 1884 ὃ
207 1822 243 1882 δέ
271 1824 403 1903 Καῖσαρ
440 1818 496 1885 καί
528 1817 608 1885 δ’τοὶ
641 1825 784 1905 σκῆπτρα
807 1824 875 1886 νέον
904 1817 1114 1904 ε’γχειρισθείς
1145 1816 1260 1883 τούτου

117 1946 151 1999 15
161 1915 304 2001 α’νεψιός,
329 1920 408 2000 μετὰ
431 1919 466 1984 τὸ
482 1918 586 1984 πάντα
607 1919 647 1985 τίι
666 1920 744 1986 κατὰ
769 1919 826 2003 τὴν
845 1920 1079 2003 βασιλεύουσαν
1101 1920 1261 2008 διαθεῖναι

161 2017 240 2083 κατὰ
264 2016 299 2083 τὸ
322 2023 573 2103 βεβουλευμένον
601 2009 729 2105 ου’τοίς,
751 2022 807 2088 καί
831 2020 905 2097 τούς
932 2023 991 2102 μὲν
1013 2023 1067 2105 τῆς
1088 2018 1261 2104 συγκλήτου

160 2123 280 2204 βουλῆς
302 2123 531 2187 οἰκειώσασθαι
546 2127 600 2187 καί
618 2128 713 2206 τιμᾶν
727 2122 842 2201 αὐτοῦς
865 2124 1157 2209 προκατάρξασθαι,
1182 2118 1261 2213 πρὸς

163 2222 199 2286 δέ
221 2220 294 2298 τούς
314 2227 366 2307 τῆς
389 2225 508 2308 α’γορυῖς
530 2224 568 2287 τὰ
594 2226 717 2309 συνήθη
741 2228 962 2310 δημηγορῆσαι
988 2222 1042 2289 καί
1061 2222 1105 2300 ὥς
1125 2221 1182 2307 τήν
1196 2248 1262 2287 πα-

161 2324 264 2411 τρῳαν
284 2327 451 2403 βασιλείαν
465 2323 567 2413 ῳὴῳῳ
581 2328 662 2390 θεοῦ
683 2327 728 2403 είς
743 2322 861 2391 ἑαυτὸν
881 2325 1079 2409 α’νεκτησατο,
1102 2326 1158 2388 καί
1179 2320 1263 2387 aino-

118 2426 291 2505 ρησχέσεσι
313 2424 554 2509 φιλανθρώποις
578 2425 747 2504 εὐέλπιδας
768 2426 897 2501 τούτους
921 2425 1141 2509 ποιήσασθαι,
1159 2442 1263 2508 ’στρα-

160 2522 235 2588 τιὰν
255 2528 384 2608 πέμψαι
406 2524 488 2591 κατὰ
508 2531 576 2592 τοῦ
585 2533 755 2611 Διογένους
785 2526 971 2609 έσκέψαντο.
1014 2524 1069 2591 καί
1088 2530 1263 2612 στρατηγὸν

163 2623 381 2710 αὐτοκράτορα
416 2628 693 2714 προχειρισάμενοι
727 2630 789 2693 τῶν
817 2630 876 2691 τοῦ
900 2630 1067 2711 Καίσαρος
1094 2623 1172 2691 υἱοῖν
1193 2624 1261 2705 ἕνα,

166 2728 403 2791 Κανσταντῖνον
424 2726 556 2809 ὀνόματι
563 2776 574 2806 ,
595 2728 631 2792 τὸ
656 2728 780 2810 ἀξίωμα
800 2728 1081 2812 πρωτοπρὸεδρον,
1101 2726 1176 2803 τούς
1198 2750 1263 2790 πα-

165 2826 363 2911 ρατυχόντας
387 2831 450 2892 τῶν
471 2832 675 2913 στρατιωτῶν
697 2831 784 2917 αυτῷ
815 2828 1041 2915 ἐγχειρίζουσι,
1065 2834 1120 2896 καί
1140 2832 1288 2914 ταχέως,

234 2979 260 3031 2.
280 2993 315 3031 an
332 2972 382 3047 τὴν
403 2978 470 3034 tillv

164 3118 256 3182 filium,
276 3135 354 3187 quem
375 3120 496 3173 exDucis
516 3122 705 3174 coniunctione
722 3130 861 3191 genuerat,
880 3122 1067 3189 imperatorem
1086 3128 1114 3173 et
1132 3118 1263 3171 dominum

83 3184 88 3194 ’
165 3193 326 3255 renuntiant,
346 3192 373 3243 in
393 3194 467 3244 aurci
486 3194 599 3245 triclinii
622 3195 698 3265 regio
719 3194 788 3248 solio
810 3194 975 3247 collocantes
1000 3208 1059 3246 eum
1079 3200 1106 3244 ct
1124 3192 1263 3259 imperium

165 3264 190 3313 ei
208 3264 314 3315 tradunt
331 3265 447 3328 unicum,
469 3272 495 3315 et
514 3266 645 3319 dominam
670 3275 834 3335 matremque
855 3266 912 3318 eius
931 3266 1061 3317 deiiciurrt
1080 3264 1183 3333 ingenti
1203 3278 1262 3315 oum

164 3336 277 3401 impetu:
297 3334 394 3387 deinde
414 3337 493 3387 etiam
518 3341 581 3390 navi
599 3340 720 3390 traditam
741 3339 860 3391 exsulem
887 3338 975 3389 ferunt
1004 3337 1037 3388 ad
1055 3335 1187 3388 orientale
1207 3335 1264 3386 lre.

164 3414 217 3456 tum
243 3406 328 3473 (quod
351 3415 491 3475 angustum
517 3413 592 3461 cives
611 3418 710 3464 vocant
729 3427 762 3462 ex
781 3413 866 3480 situ),
895 3409 1082 3462 includendam
1102 3407 1264 3460 monasterio

165 3476 197 3526 ab
217 3491 248 3526 ea
267 3478 373 3529 condito
394 3487 420 3529 et
440 3489 535 3531 vocato
555 3481 696 3547 l’ipernde‚
723 3483 843 3535 restibus
861 3484 946 3551 nigris
966 3482 1081 3534 indutam
1102 3488 1129 3532 et
1147 3478 1264 3531 crinibus

165 3548 249 3598 tonsis
268 3545 354 3597 ordini
372 3550 560 3600 monacharum
579 3553 747 3618 adscriptam.

262 3616 398 3685 Augustus
417 3620 506 3685 igitur
532 3636 618 3687 usque
644 3622 676 3672 ad
699 3625 864 3687 provinciam
888 3623 1081 3676 Armeniacam
1097 3637 1265 3690 progressus,

166 3695 304 3755 postquam
330 3704 398 3756 quae
424 3690 459 3739 ad
484 3704 543 3741 eum
570 3691 739 3756 pertinebant
759 3695 905 3759 comperit,
925 3696 1104 3760 proscriptum
1122 3708 1151 3744 se
1172 3706 1231 3742 esse
1250 3706 1282 3750 al
1307 3737 1323 3772 t

166 3758 269 3812 civibus
296 3769 323 3811 et
346 3760 467 3827 palatio,
495 3760 607 3812 castello
628 3769 721 3827 capto,
751 3763 822 3831 quod
840 3765 955 3815 Dosceia
981 3768 1101 3829 vocatur,
1123 3762 1160 3814 ibi
1180 3768 1265 3814 castra
1359 3816 1362 3825 ,

166 3832 262 3898 posuit.
310 3832 409 3886 Cacsar
434 3839 523 3884 autem
549 3840 593 3895 et,
620 3833 664 3883 cui
683 3843 816 3900 sceptrum
841 3850 925 3903 nuper
953 3835 1077 3888 traditum
1102 3842 1167 3897 erat,
1185 3833 1265 3887 huius

165 3903 251 3954 allinis
262 3913 410 3973 postquam,
433 3920 501 3972 qnae
520 3905 663 3976 constituta
682 3914 757 3957 erant
775 3906 802 3957 in
821 3908 941 3975 reginam
955 3907 1152 3975 disposuerunt,
1173 3913 1200 3957 et
1218 3922 1265 3959 se.

165 3982 271 4028 ratores
291 3977 342 4029 sibi
360 3976 538 4027 conciliarunt
555 3984 582 4027 et
595 3976 726 4029 honorare
746 3992 793 4030 eos
814 3986 970 4046 coeperunt,
992 3981 1020 4030 in
1040 3978 1097 4030 loro
1117 3986 1204 4029 autem
1220 3996 1263 4033 res

166 4057 306 4100 consuetas
324 4048 408 4099 locuti
428 4056 501 4112 sunt,
529 4056 555 4099 et
574 4049 705 4115 quomodo
728 4066 840 4118 regnum
860 4036 997 4118 paternum
1018 4066 1051 4101 ex
1069 4051 1201 4103 sententia
1220 4051 1263 4103 dei

165 4118 214 4172 sibi
233 4118 453 4183 reconciliasset,
480 4127 507 4170 et
523 4128 663 4189 postquam
686 4122 823 4189 promissis
850 4122 970 4175 humanis
987 4122 1056 4175 hona
1076 4122 1124 4173 hos
1144 4136 1192 4189 spe
1210 4123 1262 4171 im.

165 4189 317 4257 plenarum,
338 4193 484 4245 exercitum
502 4193 608 4245 mittere
627 4203 720 4247 contra
737 4195 886 4263 Augustum
910 4201 1066 4249 statuerunt.
1104 4202 1184 4262 atque
1203 4208 1261 4243 cum

167 4262 258 4317 ducem
276 4277 405 4334 sumnum
424 4262 546 4319 Caesaris
565 4265 681 4320 liliorum
705 4282 786 4323 unum
806 4275 951 4332 creassent,
971 4267 1180 4331 Constantinum,
1200 4264 1261 4332 dip-
