3017 4892
256 274 306 364 εδ
350 311 353 320 ·
507 297 509 302 ·
559 293 779 364 arcelaus
809 289 1069 400 ammaonte

257 459 295 524 τό
319 463 471 545 θριγγίον.
514 458 570 525 καί
582 459 781 536 εἰσπεσόντες
803 458 893 524 ἔνδον
907 458 1044 534 πολλοός
1065 456 1208 547 όνῄρουν
1229 458 1286 526 καί
1304 483 1374 526 συ·

254 563 408 627 νεπότουν
429 563 494 628 τιόυ
516 564 550 626 όκ
573 563 632 626 τοῦ
646 561 810 647 χάρακος,
830 557 957 646 ἐτέρους
984 562 1020 627 δδ
1041 562 1161 651 ζωγρίρι
1181 554 1266 628 εἷλον
1285 567 1374 626 πολ-ι·

255 659 341 736 λαός.
367 657 397 726 οἶ
417 662 452 726 δὲ
475 664 705 745 περισωθέντες
725 659 812 740 ε’·ντός
834 663 943 725 πολιόν
972 656 1151 744 όπότρομοι
1172 662 1370 748 εἰσεδέχθη-

233 767 323 828 'aaa
367 760 397 828 οἱ
419 765 448 828 δ’
472 761 526 828 ἐπί
544 763 609 826 τόν
622 765 738 846 τειχοόν
759 766 804 852 τῷ
827 759 918 851 φόβρι
931 763 1190 838 καταικισθέντες
1204 766 1260 846 τῆς
1280 786 1368 828 ουν-

254 865 382 948 δρομῆς,
404 866 458 930 καί
479 865 661 929 τῶνπυλῶν
682 869 848 950 κυριεῦσαι
871 861 948 938 τοός
971 861 1142 944 πολεμίους
1163 869 1399 952 νομι’σαντες,5

254 968 356 1030 ταῦτα
370 964 593 1043 καταλιπόντες
615 967 776 1048 δρομαίως
797 965 850 1032 ἐπί
871 963 909 1030 τό
927 961 1036 1049 πρόσω
1050 965 1106 1046 τῆς
1119 961 1238 1040 πόλεως
1258 961 1362 1031 ἔθεον.

253 1065 310 1131 καί
330 1057 368 1150 ἦν
394 1065 577 1148 ἐψιλωμένα
606 1065 708 1132 πάντα
732 1065 893 1153 φυλάκων,
923 1065 979 1130 καί
997 1065 1114 1148 δρόμος
1136 1064 1198 1128 aad
1221 1063 1279 1149 τὴν
1302 1069 1363 1128 πό-

236 1171 303 1233 λιν
321 1169 375 1232 καί
394 1171 524 1244 δίαυλος
555 1159 701 1254 ἄτακτος,
734 1172 798 1232 τεόν
828 1173 887 1248 μὲν
916 1165 997 1251 πρός
1018 1165 1094 1240 πυός
1126 1163 1223 1241 νσοός
1245 1169 1301 1229 καί
1319 1161 1361 1231 τό

251 1265 323 1352 tepet
347 1265 612 1354 πρυσῳευγόντων
632 1267 690 1333 καί
707 1267 765 1353 τήν
785 1271 850 1336 τόν
872 1261 938 1333 όνω
959 1266 1148 1349 συμμαχίαν
1167 1268 1363 1348 ἐκκαλουμέ-

251 1391 323 1449 νων,
347 1371 457 1434 τῶνδὲ
479 1367 537 1448 σόν
552 1367 712 1453 ’όδυρμοῖς
733 1371 927 1454 προσιόντων
947 1367 1047 1444 οἴκοις
1068 1375 1272 1451 συγγενικυῑς,
1295 1369 1360 1432 τεόν
1374 1390 1411 1444 10

253 1471 288 1534 tt
312 1468 392 1554 πρός
422 1469 521 1555 όλκὴν
548 1476 819 1556 παρεγγυωμόνωτ
843 1475 1049 1556 τραπέσθαι,
1071 1467 1109 1534 τό
1138 1471 1192 1553 τῆς
1211 1466 1360 1545 ἁλώσεως
1421 1541 1424 1546 ,

157 1644 159 1648 ,
253 1573 502 1653 ἐνθυμουμένων
524 1571 626 1636 δεινό.
681 1573 755 1637 otta
782 1581 925 1656 γυναῖκες
954 1567 1068 1655 ταότης
1095 1573 1150 1653 τῆς
1175 1571 1359 1653 συνδρομῆς

252 1669 400 1754 όπῆρχον
421 1669 582 1756 όμὲτοχοι.
636 1671 691 1737 καί
718 1674 749 1738 εἰ
767 1675 811 1758 μή
830 1699 879 1750 τις
913 1669 1060 1758 λογισμός
1080 1667 1283 1756 ὑπερήφανος
1300 1665 1359 1734 vot

242 1771 444 1868 μεμηνότος
466 1779 670 1858 περιεγένετο,
691 1769 714 1858 ἢ
726 1770 955 1861 φιλάνθρωπος
966 1771 1083 1851 ἔννοια,
1105 1771 1148 1846 σός
1163 1770 1252 1854 λόγος
1272 1770 1356 1852 μόλ.

48 1913 63 1920 ·
95 1861 241 1922 ‘'f“
254 1889 309 1944 λον
330 1872 426 1962 αἱρεῖ,
447 1872 499 1941 ἵνα
516 1875 562 1960 μή
585 1879 622 1964 τῇ
642 1879 696 1960 τῆς
728 1866 858 1941 εἰσόδου
877 1872 1030 1959 συγχύσει
1050 1875 1154 1948 κακοῖς
1178 1863 1258 1955 όγαν
1280 1874 1355 1937 δια·
1368 1898 1403 1952 15

251 1979 329 2062 τεθῇ
350 1975 387 2039 τό
412 1973 596 2063 ὁμόφυλον,
622 1971 718 2061 ἢκαί
735 1976 871 2052 παλαιός
889 1977 995 2058 λόγος,
1025 1973 1063 2042 όν
1084 1977 1139 2038 καί
1160 1973 1247 2060 αότῷ
1267 1975 1357 2038 ε’πει-

252 2081 323 2138 πείι
346 2075 417 2140 τινὰ
442 2081 586 2162 λέγεται,
610 2075 644 2142 τό
665 2077 758 2144 “asim
781 2079 836 2141 καί
856 2075 901 2162 μή
925 2076 1114 2161 sinescalco?
1130 2078 1188 2159 τῆς
1208 2075 1272 2139 τῶν
1293 2099 1354 2139 πυ.

204 2222 212 2232 x
252 2181 316 2244 λτόν
337 2179 540 2261 ἐπικρατείας
569 2179 665 2246 αότόν
685 2175 891 2264 διεκιόλυσεν,
914 2177 1063 2263 εόμαροῖς
1092 2170 1131 2242 όν
1150 2179 1282 2258 ἐπέτυχε
1301 2179 1356 2260 τῆς

251 2281 400 2364 ἐπιβολῆς
421 2282 475 2344 καί
493 2283 602 2362 μεῖζον
629 2272 648 2366 ἢ
678 2267 755 2346 aare
785 2278 859 2354 τούς
884 2279 1015 2354 λοιποός
1043 2277 1228 2353 όποοτότας
1254 2273 1354 2361 ἤρατο

251 2383 349 2466 κλέος,
371 2384 495 2468 πολέμῳ
523 2379 579 2466 τήν
608 2385 669 2446 aas
695 2381 815 2446 πόλεων
842 2377 1036 2466 μητρόπολιν
1064 2373 1113 2444 ἑνί
1131 2381 1186 2442 καί
1207 2377 1399 2468 συντόμιραο

252 2476 539 2565 παραστησόμενος.
591 2485 648 2548 νόν
672 2485 707 2546 δὲ
735 2480 983 2568 καταφρονήσας
1010 2483 1069 2544 τοῦ
1090 2477 1211 2564 πρόσω,
1235 2477 1296 2543 σόν
1315 2480 1355 2564 τῇ

251 2580 320 2671 νίκῃ
342 2586 398 2647 καί
416 2589 470 2666 τῆς
492 2583 607 2661 οἰκείας
631 2585 819 2658 δυναστείαις
842 2583 894 2646 καί
920 2577 1080 2664 σωτηρίας
1098 2583 1253 2660 ἐξέπεσεν.
1296 2573 1353 2642 οδ-

130 2692 312 2759 πεντακις
330 2681 375 2748 ,ἓν
403 2688 528 2760 πολλοῖς
554 2687 618 2748 τεόν
647 2681 945 2770 α’νόραγαθημότων
976 2685 1125 2771 πολλάκις
1153 2682 1172 2764 ἦ
1202 2681 1300 2763 α’νοχὴ
1322 2681 1354 2745 τὸ

326 2862 366 2918 12.
388 2877 421 2916 aa
440 2846 697 2938 δνδυμουμένουτλ
769 2859 849 2939 ’16.
869 2857 910 2916 τόν
926 2863 974 2915 καλ
992 2856 1080 2916 αὐτόν
1101 2859 1139 2914 c:
1217 2931 1226 2952 x

253 3009 299 3080 qui
318 3009 345 3062 in
364 3009 439 3063 vallo
460 3017 550 3062 erant=
580 3009 648 3062 alios
675 3011 753 3063 viros
781 3009 924 3076 capiebant
941 3009 1054 3072 multos,
1080 3008 1180 3061 serrati
1199 3015 1287 3060 antem
1311 3008 1355 3060 ina

197 3141 200 3146 ¹
253 3089 294 3133 tra
322 3091 412 3148 portas
438 3082 535 3148 trepidi
569 3081 671 3147 recepti
706 3090 777 3133 aunt.
823 3083 870 3148 qui
895 3089 983 3132 autem
1008 3082 1037 3131 in
1060 3081 1141 3131 muris
1172 3087 1265 3143 eraut,
1284 3089 1355 3132 metu

253 3155 378 3206 concussi
409 3155 524 3220 impetus
557 3161 584 3203 et
620 3153 704 3218 portis
736 3154 835 3219 potitos
869 3167 928 3204 esse
937 3200 946 3206 ,
956 3152 1048 3204 hostes
1071 3153 1208 3215 arbitrati,
1241 3151 1282 3202 his
1308 3166 1354 3201 re.
1417 3177 1421 3187 ι

252 3225 325 3278 lictis
359 3239 439 3276 cursa
464 3225 496 3276 ad
521 3218 665 3292 ea‚'quae
691 3231 751 3274 ante
769 3223 861 3275 urbem
880 3232 956 3288 sunt,
982 3223 1132 3275 currebant.
1181 3229 1356 3292 atqueerant

251 3296 349 3348 nudata
382 3296 470 3346 omnia
503 3296 674 3358 custodibus,
702 3303 728 3346 et
754 3311 846 3346 cursus
873 3304 929 3347 erat
956 3311 1005 3362 per
1036 3295 1129 3346 urbem
1157 3304 1184 3346 et
1213 3295 1354 3361 trepidatio

252 3370 356 3419 incerta
385 3380 444 3417 cum
468 3366 515 3416 alii
544 3367 576 3417 ad
602 3366 702 3432 templa
729 3376 756 3419 et
784 3368 846 3418 fana
869 3367 1065 3435 confugerent,
1086 3375 1114 3416 et
1130 3381 1285 3433 superorum
1305 3379 1369 3416 au.-

253 3436 346 3490 xilium
365 3439 538 3500 invocarent,
559 3438 608 3490 alli
632 3437 806 3491 lamentantes
833 3439 993 3490 accederent
1013 3438 1045 3488 ad
1072 3439 1164 3489 domos
1183 3439 1354 3504 propinquas,

252 3509 300 3560 alii
323 3510 368 3575 qui
394 3508 425 3560 ad
451 3507 633 3561 fortitudinem
658 3527 687 3562 se
714 3519 821 3562 vertere
848 3512 914 3562 iussi
940 3515 1015 3560 erant
1044 3511 1258 3576 expugnationis}
1273 3509 1354 3559 terri-

252 3580 317 3633 bilia
337 3579 406 3631 laeta
424 3581 584 3646 cogitarent,
605 3596 693 3650 neque
711 3582 839 3634 mulieres
858 3583 936 3633 lrnins
956 3595 1102 3635 concursus
1120 3581 1262 3633 manebant
1275 3581 1354 3646 igna-

252 3667 316 3715 rae,
337 3659 417 3720 atque
443 3653 495 3704 nisi
519 3653 647 3720 quaedam
674 3657 742 3705 ratio
766 3654 840 3706 celsa
868 3655 980 3706 victoms
1005 3653 1183 3721 superfuisset
1209 3653 1269 3703 sive
1304 3651 1355 3702 hn-

252 3739 329 3775 mana
358 3725 502 3792 cogitatio,
527 3733 557 3776 ut
584 3726 651 3776 ratic
677 3727 762 3795 magis
789 3726 947 3792 persuadet,
966 3739 1002 3776 ne
1021 3726 1107 3777 aditos
1133 3723 1293 3776 confusione
1310 3722 1355 3772 ni-

252 3796 301 3846 mis
321 3794 390 3846 male
409 3803 566 3848 tractaretur
585 3810 651 3866 gena
672 3805 784 3868 cognata
803 3798 862 3848 sive
881 3798 960 3848 etiam
971 3807 1157 3860 vetassermo,
1177 3804 1207 3845 ut
1226 3803 1253 3844 et
1270 3796 1356 3861 ipsum

253 3865 383 3933 quendam
401 3865 535 3918 elocutum
564 3885 624 3921 esse
643 3871 763 3922 tradunt:
790 3870 891 3919 “vince
909 3882 963 3920 neu
982 3870 1061 3919 nimis
1093 3868 1208 3930 vince,’'
1230 3883 1246 3916 a
1263 3873 1355 3932 porta-

252 3951 308 3989 rum
328 3939 505 4004 occupatione
525 3955 584 3992 enm
600 3942 740 4003 arcuisset,
760 3938 842 3990 iacile
855 3941 993 3991 evenisset
1011 3941 1037 3990 ei
1051 3941 1165 4007 impetus
1186 3947 1213 3989 et
1230 3939 1355 3988 maiorem

253 4023 329 4076 quam
349 4009 376 4058 in
396 4011 493 4062 ceteris
512 4014 639 4078 apostatis
659 4017 841 4076 comparasset
853 4009 976 4077 gloriam,
995 4013 1017 4062 si
1036 4010 1112 4063 bello
1131 4011 1236 4062 urbium
1255 4017 1356 4059 metro.

251 4079 327 4146 polin
347 4095 399 4130 uno
426 4091 453 4132 et
479 4083 555 4134 brevi
575 4084 742 4134 subiecisset.
786 4091 962 4132 runcantem
988 4099 1047 4133 cum
1065 4082 1221 4149 negligeret
1238 4093 1354 4148 sequen.
1436 4080 1440 4088 '

251 4152 303 4214 tia,
322 4152 408 4203 simul
435 4169 493 4204 cum
519 4156 632 4205 victoria
659 4154 737 4203 etiam
756 4167 829 4202 suam
856 4154 941 4218 ipsius
965 4155 1172 4206 dominationem
1199 4161 1226 4204 et
1244 4152 1354 4205 salutem

253 4221 375 4290 perdidit.
413 4226 450 4278 ita
469 4227 497 4276 in
515 4224 604 4277 multis
631 4225 738 4277 fortium
758 4223 887 4277 laetorum
912 4240 994 4294 saepe
1021 4226 1129 4295 requies
1152 4225 1280 4277 maiorem
1299 4222 1354 4274 eri-
