3017 4892
285 318 360 402 est
576 329 794 402 arcaturis
830 327 1091 401 tutareris

285 497 352 579 μοό
373 493 575 562 όιασείεσθαι
593 493 669 572 rode
690 492 881 578 ἀνθρώπους
912 499 968 560 καί
988 494 1148 582 ἀνωφελὲς
1175 497 1314 572 αάτσῖς
1340 497 1441 560 τίθε-

287 603 368 664 σθαι
387 594 422 662 τό
446 600 501 682 τῆς
523 597 708 680 ἐλευθερίας
729 595 900 680 διάταγμα.
950 589 1022 686 ᾔδει
1042 595 1103 681 γάρ
1126 601 1231 663 τοῦτο
1264 593 1312 660 τό
1338 594 1440 679 ἔργον

288 701 344 766 ἐπί
363 700 420 763 τοῦ
434 696 543 764 Δοόνα
566 696 702 774 πολλοός
726 694 1008 782 όιαλοοβησόμενον
1028 697 1084 762 καί
1099 695 1155 782 την
1175 697 1348 781 μερικὴν
1370 703 1433 762 τόν

287 797 413 884 χρόνιον
443 802 631 884 ἐλευθερίαν
671 799 882 882 ἀνελεύθερον
913 807 978 875 τοῖς
1006 804 1134 874 πολλοῖς
1158 792 1431 882 ἐργασάμενον.

288 899 418 984 ἐστηοεν
441 893 499 965 odo
521 902 669 966 ἐντεῦθεν
690 904 770 966 πᾶσι
790 910 856 977 τοῖς
877 901 1132 980 πολιτευομένοις
1161 901 1224 964 καί
1255 907 1448 988 πανταχῇῡ

286 1004 345 1085 γῆς
366 1005 544 1067 κατοικοῦσι
563 1001 732 1083 Ῥωμαίοις
762 1002 816 1068 τόν
839 1002 938 1087 φόβον
958 1006 1020 1066 τῶν
1045 1000 1270 1086 ὀφλημάτων,
1299 1005 1368 1064 καί
1388 1005 1425 1086 τῷ

288 1093 356 1166 όννι
386 1104 579 1184 ἐλευθέρους
608 1103 722 1167 τοότου
752 1103 770 1166 ό
801 1100 954 1184 βασιλεός
982 1103 1037 1165 καί
1064 1105 1200 1174 πολίτας
1229 1099 1422 1180 Ῥωμαίων

288 1199 476 1318 εἶργάσατρ,
497 1195 535 1265 od
556 1206 699 1326 χρυσοῦν
721 1204 890 1268 ἀακτόλιον
919 1205 1027 1277 αάτοΐς
1047 1198 1233 1285 παρασχών
1265 1196 1295 1284 ἢ
1319 1201 1421 1286 ράπι-

233 1343 241 1354 -
288 1325 356 1382 αμα
378 1297 456 1366 sord
477 1302 611 1406 κόρρης,
633 1302 677 1380 ἀς
706 1313 773 1380 τοϊς
801 1305 1081 1427 ἐλευθερουμένοις
1104 1300 1138 1367 τό
1161 1301 1374 1384 πρόσθεν’
1356 1306 1421 1383 εγί·

288 1425 373 1481 asro,
405 1403 486 1467 ἀλλά
517 1408 642 1487 χρυσοῦ
673 1402 776 1492 πηγάς
806 1409 861 1470 καί
892 1403 1057 1470 ταλάντονν
1078 1402 1269 1500 πλημύρας
1302 1403 1439 1478 αάτοῑςλ

289 1501 571 1628 ἀποχαριζόμενρς,
593 1504 648 1569 καί
667 1504 701 1570 τό
722 1509 781 1570 τοῦ
800 1531 874 1590 πριν
893 1508 967 1588 βιόυ
982 1502 1119 1588 ἀβίωτον
1138 1496 1316 1585 εὔδαιμον
1338 1501 1417 1566 τοό-

289 1627 355 1681 τοις
378 1629 429 1670 ναι
449 1604 608 1691 μακάριον
629 1600 673 1684 εἰς
693 1607 727 1672 τό
746 1604 824 1691 εξης
846 1603 1067 1692 ἐργαζόμενος.

391 1700 501 1783 Οόεονς
525 1701 582 1773 odo
602 1710 766 1792 εὐσεβείας
787 1711 843 1774 καί
863 1712 1032 1795 θεοφιλίας
1053 1704 1179 1790 ἔχοντες
1205 1706 1336 1792 αὐτοῦ,
1362 1710 1411 1771 καί

290 1809 453 1891 εόψυχίας
485 1810 636 1895 μεγίστης
665 1813 721 1874 καί
742 1813 977 1894 μεγαλουργίας
1004 1812 1246 1891 ἀντεχομένου,
1269 1805 1346 1872 ἔδει
1365 1807 1409 1890 μη

290 1911 325 1974 ἐν
350 1909 460 1992 χειρός
487 1910 599 1992 κυρίου
628 1915 868 1985 πολλαπλασίας
897 1910 956 1986 τός
984 1909 1162 1983 ἀντιδόσεις
1186 1913 1334 1991 λαβεῖν,
1358 1912 1433 1980 καλιῇ

289 2015 387 2094 μέχρι
406 2013 533 2076 ’πολλοό
559 2013 634 2088 τούς
656 2011 831 2096 τυρόνναυς
858 2006 922 2079 ναῖ’
945 2011 1207 2096 εοραννόφρονας
1236 2010 1304 2074 καί
1326 2005 1406 2076 ἀλό-

290 2135 406 2194 στορας
427 2113 602 2198 ἀντερίζειν
633 2115 720 2202 αὐτῷ
742 2117 798 2178 καί
817 2119 873 2198 τῆς
900 2115 1068 2196 βασιλείας
1094 2113 1330 2197 ἀμφισβητεῖν,
1354 2116 1407 2175 ναί

291 2233 353 2275 που
374 2214 464 2277 codro
484 2207 602 2277 θεοό’
584 2239 621 2297 ην
644 2217 702 2279 rori
723 2217 831 2279 δικαία
852 2213 954 2334 ψήφιρ
975 2212 1009 2277 τό
1032 2215 1094 2276 πόν
1115 2211 1328 2288 διιθόνοντος
1352 2211 1403 2275 ναί

289 2336 332 2435 ρῳ
352 2315 410 2376 rori
433 2311 525 2378 ἐλέου
546 2316 693 2404 μέτριρ’
670 2320 938 2399 αντιμετρυόντος
959 2313 1014 2379 τόν
1034 2311 1131 2378 ἔλεον.
1174 2313 1234 2376 οόκ
1256 2309 1319 2377 οάν
1334 2314 1400 2377 oo'd'

290 2441 308 2497 η
299 2399 406 2477 ‘dedo
429 2416 540 2499 ψῆφος
567 2413 624 2496 τὴν
659 2411 825 2534 ἀπόφασιν
854 2415 1043 2499 ἀνεβάλετο,
1064 2439 1118 2478 και
1146 2407 1199 2477 τόν
1221 2414 1427 2495 Βρυέννιονλλ

289 2517 499 2632 βρσιλειοόνεα
530 2539 610 2580 κατα
637 2540 694 2601 την
719 2515 987 2601 Μανεάονιιιην’
973 2541 1007 2582 εν
1038 2513 1324 2599 Ἀόριανυυπόλει,
1346 2515 1398 2580 ναί

291 2640 349 2699 την
373 2618 542 2700 Βριαρέως
562 2614 657 2700 ἶσχόν
679 2618 902 2702 α’γεροοχοόντα
921 2621 977 2683 καί
997 2611 1256 2700 ἐγκανχοόμενον,
1280 2619 1339 2681 καί
1355 2619 1396 2701 roi

289 2721 424 2804 βασιλεῖ1
435 2707 481 2783 τό
489 2719 653 2804 δευτερεῖα
675 2724 785 2806 φερειν
808 2723 863 2784 καί
881 2718 1022 2784 ὑπείκειν
1041 2714 1087 2801 μη
1111 2713 1312 2804 ἀνεχόμενον,
1336 2713 1393 2780 ἀπό

362 2911 389 2967 9.
409 2917 495 2986 κόρης
512 2913 542 2969 G.

291 3098 410 3168 gradum,
429 3104 570 3182 praeterea
588 3097 735 3182 prohibens
756 3097 802 3161 iis,
816 3098 955 3164 quominus
969 3102 1099 3164 propter.
1178 3133 1185 3147 .
1205 3133 1236 3148 ..
1255 3111 1383 3149 vexaren-

174 3171 177 3178 '
290 3179 334 3222 tur
358 3170 481 3222 homines
506 3171 663 3238 irritumque
688 3171 722 3221 iis
754 3134 911 3220 redderetur
937 3168 1069 3220 libertatis
1096 3168 1247 3220 decretum:
1277 3176 1382 3221 noverat

292 3243 361 3294 enim
378 3242 446 3293 hanc
465 3257 520 3292 rem
540 3241 588 3294 sub
614 3242 687 3292 Duca
715 3239 814 3291 multos
835 3255 948 3291 vexasse
968 3249 994 3292 et
1018 3241 1139 3306 partitam
1156 3254 1282 3312 annorum
1298 3240 1378 3292 liber-

290 3319 372 3364 tatem
389 3313 490 3362 irritam
509 3311 629 3379 plurimis
648 3311 805 3363 reddidisse.
854 3313 958 3363 sedavit
977 3312 1058 3379 igitur
1083 3311 1146 3362 inde
1172 3299 1290 3362 omnibns
1312 3315 1377 3363 cisi.

289 3382 339 3434 bus
359 3390 385 3433 et
404 3382 502 3449 ubique
522 3381 699 3433 habitantibus
714 3383 840 3434 Romanis
858 3392 956 3434 metum
974 3383 1137 3434 debitorum.
1158 3390 1185 3433 et
1203 3398 1295 3434 revera
1310 3381 1375 3436 libe.

217 3485 221 3490 ·
290 3469 335 3506 ros
354 3469 402 3504 rex
422 3461 448 3504 et
467 3453 541 3504 cives
561 3453 694 3506 Romanos
712 3454 836 3517 reddidit,
856 3469 910 3505 non
932 3469 1041 3506 aureum
1060 3453 1212 3505 annulum'
1205 3454 1238 3504 ris
1258 3454 1374 3520 praebens

290 3525 337 3578 vel
355 3524 508 3592 colaphum,
526 3532 555 3575 ut
573 3521 693 3578 liberatis
713 3533 792 3577 antea
809 3491 915 3590 adcidit,
934 3526 982 3577 sed
1001 3527 1058 3577 auri
1079 3525 1167 3576 fontes
1187 3533 1214 3575 et
1231 3524 1374 3578 talentorum

290 3596 454 3658 abundantes
473 3597 506 3648 iis
526 3596 641 3662 donans,
668 3605 694 3649 et
719 3598 836 3664 priorem
860 3600 941 3648 vitam
962 3598 1070 3648 minime
1094 3596 1205 3652 vitalem
1224 3597 1321 3648 felicem
1337 3598 1372 3648 bis

291 3677 318 3720 et
335 3669 437 3721 beatam
457 3669 483 3722 in
503 3676 637 3736 posterum
658 3670 783 3722 reddens.

390 3766 434 3819 Sic
460 3765 542 3836 igitur
567 3781 625 3817 cum
651 3765 777 3833 pietatem
808 3778 835 3820 et
862 3766 904 3817 dei
934 3780 1050 3817 amorem
1073 3774 1178 3817 teneret
1206 3766 1228 3816 is
1247 3774 1271 3817 et
1291 3766 1370 3817 virtuti

289 3840 419 3891 maximae
439 3847 466 3890 et
490 3837 705 3923 magnificentiae
723 3838 858 3928 studeret,
885 3838 1025 3905 oportebat
1050 3853 1110 3889 eum
1132 3852 1185 3888 non
1209 3852 1310 3888 emano
1325 3839 1368 3888 do-

290 3911 356 3960 mini
374 3910 536 3978 multiplices
562 3910 720 3961 mutationes
740 3902 885 3996 accipere,
917 3919 944 3961 et
962 3910 1006 3960 diu
1026 3917 1154 3974 tyrannos
1175 3916 1201 3960 et
1218 3917 1367 3975 tyrannorum

291 3977 408 4032 asseclas
427 3990 454 4032 et
472 3981 603 4034 scelestos
619 3982 766 4034 adversarii
786 3984 853 4033 ciet
870 3982 904 4032 de
922 3994 1007 4048 regno
1021 3989 1141 4032 certare.
1163 3987 1242 4048 atque
1256 3979 1366 4048 quomodo

291 4051 342 4101 lroc
362 4049 404 4099 dei
424 4061 496 4115 crat,
514 4055 560 4123 qui
587 4056 657 4105 iusto
687 4053 814 4121 sullrngio
843 4054 970 4105 uniuersa
997 4052 1128 4119 gubernat
1148 4060 1174 4101 et
1192 4051 1366 4102 misericordiae

290 4130 375 4174 metro
395 4122 500 4172 metitur
518 4123 743 4177 misericordiam:
763 4139 814 4175 nec
833 4125 923 4175 divina
942 4137 996 4173 vox
1021 4138 1177 4189 responsum
1196 4119 1325 4183 differebat,
1342 4129 1364 4170 ot

291 4193 466 4260 bryennium,
488 4196 532 4259 qui
552 4210 662 4263 regnum
690 4187 832 4248 affectabat
850 4193 1022 4249 Macedoniae
1039 4193 1215 4261 Adrianopoli
1239 4203 1262 4245 et
1281 4192 1365 4245 Briarei

295 4265 376 4319 robur
396 4261 512 4317 iactabat
531 4266 734 4334 ostentabatque
752 4283 842 4338 neque
860 4268 920 4335 regi
939 4267 1068 4322 secundas
1090 4273 1179 4335 partes
1197 4270 1374 4334 egerentes..
