<?xml version="1.0" encoding="UTF-8"?>
<!DOCTYPE html PUBLIC "-//W3C//DTD XHTML 1.0 Transitional//EN"
    "http://www.w3.org/TR/xhtml1/DTD/xhtml1-transitional.dtd">
<html xmlns="http://www.w3.org/1999/xhtml" xml:lang="en" lang="en">
 <head>
  <title>
</title>
<meta http-equiv="Content-Type" content="text/html;charset=utf-8" />
  <meta name='ocr-system' content='tesseract 3.04.00' />
  <meta name='ocr-capabilities' content='ocr_page ocr_carea ocr_par ocr_line ocrx_word'/>
</head>
<body>
  <div class='ocr_page' id='page_1' title='image "./corpusscriptoru06theogoog/corpusscriptoru06theogoog_0106.png"; bbox 0 0 3017 4892; ppageno 0'>
   <div class='ocr_carea' id='block_1_1' title="bbox 169 327 1047 437">
    <p class='ocr_par' dir='ltr' id='par_1_1' title="bbox 169 327 1047 437">
     <span class='ocr_line' id='line_1_1' title="bbox 169 327 1047 437; baseline -0.008 -20"><span class='ocrx_word' id='word_1_1' title='bbox 169 327 173 335; x_wconf 77' lang='grc'>’</span> <span class='ocrx_word' id='word_1_2' title='bbox 224 337 274 417; x_wconf 80' lang='lat'><strong>88</strong></span> <span class='ocrx_word' id='word_1_3' title='bbox 522 345 741 413; x_wconf 78' lang='lat' dir='ltr'><strong>mussans</strong></span> <span class='ocrx_word' id='word_1_4' title='bbox 766 345 1047 437; x_wconf 79' lang='lat' dir='ltr'><strong>srrnmoms</strong></span> 
     </span>
    </p>
   </div>
   <div class='ocr_carea' id='block_1_2' title="bbox 97 492 1446 2806">
    <p class='ocr_par' dir='ltr' id='par_1_2' title="bbox 225 492 1332 691">
     <span class='ocr_line' id='line_1_2' title="bbox 225 492 1332 624; baseline -0.007 -53"><span class='ocrx_word' id='word_1_5' title='bbox 225 504 350 623; x_wconf 70' lang='grc' dir='ltr'><em>δηλαδη</em></span> <span class='ocrx_word' id='word_1_6' title='bbox 368 508 424 590; x_wconf 78' lang='grc' dir='ltr'><strong>τῆς</strong></span> <span class='ocrx_word' id='word_1_7' title='bbox 445 508 595 592; x_wconf 74' lang='grc' dir='ltr'><strong>δευτέρας</strong></span> <span class='ocrx_word' id='word_1_8' title='bbox 614 507 840 589; x_wconf 77' lang='grc' dir='ltr'><em>ἐπινεμησεως,</em></span> <span class='ocrx_word' id='word_1_9' title='bbox 867 503 1010 624; x_wconf 75' lang='grc' dir='ltr'><em>εἰκοστην</em></span> <span class='ocrx_word' id='word_1_10' title='bbox 1032 506 1086 569; x_wconf 85' lang='grc' dir='ltr'><em>καί</em></span> <span class='ocrx_word' id='word_1_11' title='bbox 1106 504 1215 587; x_wconf 91' lang='grc' dir='ltr'><em>τρίτην</em></span> <span class='ocrx_word' id='word_1_12' title='bbox 1232 492 1332 584; x_wconf 72' lang='grc' dir='ltr'><em>ἀγον-</em></span> 
     </span>
     <span class='ocr_line' id='line_1_3' title="bbox 225 601 1331 691; baseline -0.005 -20"><span class='ocrx_word' id='word_1_13' title='bbox 225 631 279 683; x_wconf 88' lang='grc' dir='ltr'><strong>τος</strong></span> <span class='ocrx_word' id='word_1_14' title='bbox 294 608 350 679; x_wconf 85' lang='grc' dir='ltr'><strong>τοό</strong></span> <span class='ocrx_word' id='word_1_15' title='bbox 372 608 475 671; x_wconf 83' lang='grc' dir='ltr'><em>ου’τοό</em></span> <span class='ocrx_word' id='word_1_16' title='bbox 496 607 603 691; x_wconf 84' lang='grc' dir='ltr'><em>μηνός,</em></span> <span class='ocrx_word' id='word_1_17' title='bbox 623 608 697 690; x_wconf 89' lang='grc' dir='ltr'><em>περί</em></span> <span class='ocrx_word' id='word_1_18' title='bbox 719 609 872 688; x_wconf 76' lang='grc' dir='ltr'><strong>δευτέραν</strong></span> <span class='ocrx_word' id='word_1_19' title='bbox 893 602 1007 681; x_wconf 87' lang='grc' dir='ltr'><em>νυκτός</em></span> <span class='ocrx_word' id='word_1_20' title='bbox 1030 601 1177 691; x_wconf 72' lang='grc' dir='ltr'><em>φυλακὴν</em></span> <span class='ocrx_word' id='word_1_21' title='bbox 1202 604 1331 685; x_wconf 77' lang='grc' dir='ltr'><em>γέγονεν</em></span> 
     </span>
    </p>

    <p class='ocr_par' dir='ltr' id='par_1_3' title="bbox 147 702 1446 1395">
     <span class='ocr_line' id='line_1_4' title="bbox 147 702 1328 825; baseline -0.006 -54"><span class='ocrx_word' id='word_1_22' title='bbox 147 717 150 727; x_wconf 95' lang='grc'><strong>’</strong></span> <span class='ocrx_word' id='word_1_23' title='bbox 226 705 346 825; x_wconf 61' lang='grc' dir='ltr'><em>ἀθρόον</em></span> <span class='ocrx_word' id='word_1_24' title='bbox 370 707 502 787; x_wconf 87' lang='grc' dir='ltr'><em>σεισμός</em></span> <span class='ocrx_word' id='word_1_25' title='bbox 524 710 585 772; x_wconf 80' lang='grc' dir='ltr'><strong>τάν</strong></span> <span class='ocrx_word' id='word_1_26' title='bbox 606 704 734 771; x_wconf 87' lang='grc' dir='ltr'><em>ποόποτε</em></span> <span class='ocrx_word' id='word_1_27' title='bbox 753 711 927 790; x_wconf 73' lang='grc' dir='ltr'><em>γενομένων</em></span> <span class='ocrx_word' id='word_1_28' title='bbox 959 702 1260 789; x_wconf 74' lang='grc' dir='ltr'><em>ἐκπληκτικάτερος,</em></span> <span class='ocrx_word' id='word_1_29' title='bbox 1289 704 1328 765; x_wconf 88' lang='grc' dir='ltr'><em>ἐκ</em></span> 
     </span>
     <span class='ocr_line' id='line_1_5' title="bbox 225 800 1328 932; baseline -0.006 -60"><span class='ocrx_word' id='word_1_30' title='bbox 225 810 288 872; x_wconf 76' lang='grc' dir='ltr'><em>τεόν</em></span> <span class='ocrx_word' id='word_1_31' title='bbox 302 801 459 932; x_wconf 72' lang='grc' dir='ltr'><em>ἐσπερίων</em></span> <span class='ocrx_word' id='word_1_32' title='bbox 478 832 586 892; x_wconf 87' lang='grc' dir='ltr'><em>μερων</em></span> <span class='ocrx_word' id='word_1_33' title='bbox 604 808 792 890; x_wconf 83' lang='grc' dir='ltr'><em>ἀρξόμενος.</em></span> <span class='ocrx_word' id='word_1_34' title='bbox 836 810 983 882; x_wconf 81' lang='grc' dir='ltr'><em>τοσοῦτος</em></span> <span class='ocrx_word' id='word_1_35' title='bbox 1004 800 1083 871; x_wconf 88' lang='grc' dir='ltr'><em>δέ</em></span> <span class='ocrx_word' id='word_1_36' title='bbox 1061 832 1101 888; x_wconf 91' lang='grc' dir='ltr'><strong>ην</strong></span> <span class='ocrx_word' id='word_1_37' title='bbox 1133 804 1169 869; x_wconf 88' lang='grc' dir='ltr'><strong>τό</strong></span> <span class='ocrx_word' id='word_1_38' title='bbox 1190 806 1328 886; x_wconf 70' lang='grc' dir='ltr'><em>μέγεθος</em></span> 
     </span>
     <span class='ocr_line' id='line_1_6' title="bbox 227 900 1446 992; baseline -0.004 -20.878"><span class='ocrx_word' id='word_1_39' title='bbox 227 932 271 983; x_wconf 90' lang='grc' dir='ltr'><em>ς</em></span> <span class='ocrx_word' id='word_1_40' title='bbox 227 932 345 973; x_wconf 87' lang='grc' dir='ltr'><strong>και</strong></span> <span class='ocrx_word' id='word_1_41' title='bbox 368 908 469 982; x_wconf 64' lang='grc' dir='ltr'><em>οέκιας</em></span> <span class='ocrx_word' id='word_1_42' title='bbox 488 910 671 992; x_wconf 73' lang='grc' dir='ltr'><em>ἀνατρέψαι</em></span> <span class='ocrx_word' id='word_1_43' title='bbox 689 908 820 989; x_wconf 86' lang='grc' dir='ltr'><em>πολλἀς,</em></span> <span class='ocrx_word' id='word_1_44' title='bbox 843 908 950 989; x_wconf 75' lang='grc' dir='ltr'><em>ολιγας</em></span> <span class='ocrx_word' id='word_1_45' title='bbox 969 910 1005 979; x_wconf 94' lang='grc' dir='ltr'><em>δ</em></span> <span class='ocrx_word' id='word_1_46' title='bbox 1015 900 1240 988; x_wconf 70' lang='grc' dir='ltr'><strong>ἀνυβρίστους</strong></span> <span class='ocrx_word' id='word_1_47' title='bbox 1267 920 1358 975; x_wconf 74' lang='grc' dir='ltr'><em>κιο-5</em></span> <span class='ocrx_word' id='word_1_48' title='bbox 1445 972 1446 975; x_wconf 8' lang='grc' dir='ltr'><strong>Ἴ</strong></span> 
     </span>
     <span class='ocr_line' id='line_1_7' title="bbox 225 1006 1327 1094; baseline -0.004 -23"><span class='ocrx_word' id='word_1_49' title='bbox 225 1012 376 1072; x_wconf 84' lang='grc' dir='ltr'><em>ταλιπεῑν.</em></span> <span class='ocrx_word' id='word_1_50' title='bbox 420 1006 496 1071; x_wconf 85' lang='grc' dir='ltr'><em>οάδέ</em></span> <span class='ocrx_word' id='word_1_51' title='bbox 516 1011 589 1073; x_wconf 90' lang='grc' dir='ltr'><em>ναοί</em></span> <span class='ocrx_word' id='word_1_52' title='bbox 605 1009 661 1091; x_wconf 82' lang='grc' dir='ltr'><strong>τῆς</strong></span> <span class='ocrx_word' id='word_1_53' title='bbox 688 1008 804 1073; x_wconf 77' lang='grc' dir='ltr'><em>τούτου</em></span> <span class='ocrx_word' id='word_1_54' title='bbox 836 1007 1049 1094; x_wconf 76' lang='grc' dir='ltr'><strong><em>σφοδρότητος</em></strong></span> <span class='ocrx_word' id='word_1_55' title='bbox 1077 1006 1199 1085; x_wconf 76' lang='grc' dir='ltr'><em>α’διγεϊς</em></span> <span class='ocrx_word' id='word_1_56' title='bbox 1223 1026 1327 1085; x_wconf 88' lang='grc' dir='ltr'><em>μεμε-</em></span> 
     </span>
     <span class='ocr_line' id='line_1_8' title="bbox 224 1099 1325 1194; baseline 0 -21"><span class='ocrx_word' id='word_1_57' title='bbox 224 1105 357 1193; x_wconf 73' lang='grc' dir='ltr'><em>νήκασιν</em></span> <span class='ocrx_word' id='word_1_58' title='bbox 377 1108 457 1173; x_wconf 88' lang='grc' dir='ltr'><strong>ἀλλά</strong></span> <span class='ocrx_word' id='word_1_59' title='bbox 477 1113 533 1175; x_wconf 87' lang='grc' dir='ltr'><em>καί</em></span> <span class='ocrx_word' id='word_1_60' title='bbox 552 1108 646 1176; x_wconf 72' lang='lat' dir='ltr'><strong>edroi</strong></span> <span class='ocrx_word' id='word_1_61' title='bbox 669 1110 747 1175; x_wconf 88' lang='grc' dir='ltr'><em>κατά</em></span> <span class='ocrx_word' id='word_1_62' title='bbox 770 1135 840 1174; x_wconf 88' lang='grc' dir='ltr'><em>τινα</em></span> <span class='ocrx_word' id='word_1_63' title='bbox 862 1112 965 1194; x_wconf 75' lang='grc' dir='ltr'><em>μέρη,</em></span> <span class='ocrx_word' id='word_1_64' title='bbox 999 1106 1114 1174; x_wconf 62' lang='lat' dir='ltr'><strong>torto</strong></span> <span class='ocrx_word' id='word_1_65' title='bbox 1143 1099 1190 1182; x_wconf 83' lang='grc' dir='ltr'><strong>οἷς</strong></span> <span class='ocrx_word' id='word_1_66' title='bbox 1214 1109 1269 1170; x_wconf 86' lang='grc' dir='ltr'><em>καί</em></span> <span class='ocrx_word' id='word_1_67' title='bbox 1287 1104 1325 1173; x_wconf 85' lang='grc' dir='ltr'><em>τά</em></span> 
     </span>
     <span class='ocr_line' id='line_1_9' title="bbox 225 1204 1329 1294; baseline -0.002 -22"><span class='ocrx_word' id='word_1_68' title='bbox 225 1216 356 1274; x_wconf 80' lang='grc' dir='ltr'><em>πλεῖστα</em></span> <span class='ocrx_word' id='word_1_69' title='bbox 379 1206 653 1294; x_wconf 71' lang='grc' dir='ltr'><strong>περιερράγησαν·</strong></span> <span class='ocrx_word' id='word_1_70' title='bbox 697 1215 752 1273; x_wconf 88' lang='grc' dir='ltr'><em>καί</em></span> <span class='ocrx_word' id='word_1_71' title='bbox 774 1214 874 1285; x_wconf 86' lang='grc' dir='ltr'><em>κίονες</em></span> <span class='ocrx_word' id='word_1_72' title='bbox 898 1204 1003 1291; x_wconf 69' lang='grc' dir='ltr'><em>ὥσπερ</em></span> <span class='ocrx_word' id='word_1_73' title='bbox 1025 1212 1091 1273; x_wconf 85' lang='grc' dir='ltr'><em>τισί</em></span> <span class='ocrx_word' id='word_1_74' title='bbox 1111 1209 1329 1290; x_wconf 82' lang='grc' dir='ltr'><em>λαξευτηρίοις</em></span> 
     </span>
     <span class='ocr_line' id='line_1_10' title="bbox 224 1304 1327 1395; baseline -0.003 -21"><span class='ocrx_word' id='word_1_75' title='bbox 224 1309 514 1395; x_wconf 77' lang='grc' dir='ltr'><em>περιεδρόφθησαν.</em></span> <span class='ocrx_word' id='word_1_76' title='bbox 572 1314 613 1374; x_wconf 82' lang='grc' dir='ltr'><strong>ου’</strong></span> <span class='ocrx_word' id='word_1_77' title='bbox 639 1313 701 1394; x_wconf 75' lang='grc' dir='ltr'><strong>γάρ</strong></span> <span class='ocrx_word' id='word_1_78' title='bbox 732 1307 818 1390; x_wconf 82' lang='grc' dir='ltr'><em>ἀπαξ</em></span> <span class='ocrx_word' id='word_1_79' title='bbox 845 1306 1059 1393; x_wconf 71' lang='grc' dir='ltr'><em>προσβαλών,</em></span> <span class='ocrx_word' id='word_1_80' title='bbox 1091 1308 1133 1384; x_wconf 73' lang='grc' dir='ltr'><strong>ὥς</strong></span> <span class='ocrx_word' id='word_1_81' title='bbox 1163 1307 1201 1373; x_wconf 78' lang='grc' dir='ltr'><strong>τό</strong></span> <span class='ocrx_word' id='word_1_82' title='bbox 1226 1304 1327 1371; x_wconf 68' lang='grc' dir='ltr'><em>πολλοὶ</em></span> 
     </span>
    </p>

    <p class='ocr_par' dir='ltr' id='par_1_4' title="bbox 128 1409 1397 2101">
     <span class='ocr_line' id='line_1_11' title="bbox 128 1409 1375 1497; baseline -0.002 -24"><span class='ocrx_word' id='word_1_83' title='bbox 128 1465 138 1473; x_wconf 91' lang='grc'><strong>.</strong></span> <span class='ocrx_word' id='word_1_84' title='bbox 225 1409 343 1496; x_wconf 64' lang='lat' dir='ltr'><strong>alcides,</strong></span> <span class='ocrx_word' id='word_1_85' title='bbox 366 1409 540 1497; x_wconf 74' lang='grc' dir='ltr'><em>ἐλώφησεν,</em></span> <span class='ocrx_word' id='word_1_86' title='bbox 554 1411 646 1476; x_wconf 84' lang='grc' dir='ltr'><strong>ἀλλά</strong></span> <span class='ocrx_word' id='word_1_87' title='bbox 668 1412 750 1494; x_wconf 81' lang='grc' dir='ltr'><em>μετὰ</em></span> <span class='ocrx_word' id='word_1_88' title='bbox 772 1413 986 1497; x_wconf 86' lang='grc' dir='ltr'><em>σφοδρότητος</em></span> <span class='ocrx_word' id='word_1_89' title='bbox 1007 1412 1235 1495; x_wconf 78' lang='grc' dir='ltr'><em>κινησειςτρείς</em></span> <span class='ocrx_word' id='word_1_90' title='bbox 1247 1432 1329 1490; x_wconf 90' lang='grc' dir='ltr'><em>προ-</em></span> <span class='ocrx_word' id='word_1_91' title='bbox 1339 1426 1375 1481; x_wconf 85' lang='lat'><strong>50</strong></span> 
     </span>
     <span class='ocr_line' id='line_1_12' title="bbox 224 1504 1332 1599; baseline -0.004 -24"><span class='ocrx_word' id='word_1_92' title='bbox 224 1514 327 1593; x_wconf 82' lang='grc' dir='ltr'><em>σεχοῖς</em></span> <span class='ocrx_word' id='word_1_93' title='bbox 350 1510 570 1596; x_wconf 78' lang='grc' dir='ltr'><em>ἐτελέσδησαν.</em></span> <span class='ocrx_word' id='word_1_94' title='bbox 594 1513 652 1599; x_wconf 89' lang='grc' dir='ltr'><strong>ἀφ’</strong></span> <span class='ocrx_word' id='word_1_95' title='bbox 675 1504 720 1578; x_wconf 75' lang='grc' dir='ltr'><strong>ὧν</strong></span> <span class='ocrx_word' id='word_1_96' title='bbox 742 1512 880 1588; x_wconf 78' lang='grc' dir='ltr'><em>κωκυτὸς</em></span> <span class='ocrx_word' id='word_1_97' title='bbox 899 1517 1047 1595; x_wconf 80' lang='grc' dir='ltr'><em>μέγιστος</em></span> <span class='ocrx_word' id='word_1_98' title='bbox 1068 1511 1123 1575; x_wconf 86' lang='grc' dir='ltr'><em>καί</em></span> <span class='ocrx_word' id='word_1_99' title='bbox 1133 1506 1232 1595; x_wconf 80' lang='grc' dir='ltr'><em>φόβος</em></span> <span class='ocrx_word' id='word_1_100' title='bbox 1254 1504 1332 1586; x_wconf 83' lang='grc' dir='ltr'><em>ὅσος-</em></span> 
     </span>
     <span class='ocr_line' id='line_1_13' title="bbox 225 1605 1353 1697; baseline -0.004 -20"><span class='ocrx_word' id='word_1_101' title='bbox 225 1609 352 1679; x_wconf 69' lang='lat' dir='ltr'><strong>edituo</strong></span> <span class='ocrx_word' id='word_1_102' title='bbox 371 1622 437 1687; x_wconf 83' lang='grc' dir='ltr'><em>τοῖς</em></span> <span class='ocrx_word' id='word_1_103' title='bbox 461 1612 643 1696; x_wconf 74' lang='grc' dir='ltr'><em>ἀνθρώποις</em></span> <span class='ocrx_word' id='word_1_104' title='bbox 666 1618 817 1696; x_wconf 82' lang='grc' dir='ltr'><em>ἐπέπεσε,</em></span> <span class='ocrx_word' id='word_1_105' title='bbox 840 1616 896 1678; x_wconf 87' lang='grc' dir='ltr'><em>καί</em></span> <span class='ocrx_word' id='word_1_106' title='bbox 914 1614 975 1677; x_wconf 82' lang='grc' dir='ltr'><em>τεόν</em></span> <span class='ocrx_word' id='word_1_107' title='bbox 997 1614 1103 1678; x_wconf 74' lang='grc' dir='ltr'><em>οίκιαῖν</em></span> <span class='ocrx_word' id='word_1_108' title='bbox 1133 1608 1268 1688; x_wconf 75' lang='grc' dir='ltr'><strong>ἐξιόντες</strong></span> <span class='ocrx_word' id='word_1_109' title='bbox 1291 1605 1324 1675; x_wconf 88' lang='grc' dir='ltr'><strong>τό</strong></span> <span class='ocrx_word' id='word_1_110' title='bbox 1349 1688 1353 1697; x_wconf 34' lang='lat'>¹</span> 
     </span>
     <span class='ocr_line' id='line_1_14' title="bbox 224 1710 1329 1800; baseline -0.003 -21"><span class='ocrx_word' id='word_1_111' title='bbox 224 1710 360 1797; x_wconf 75' lang='grc' dir='ltr'><em>σόνηθες</em></span> <span class='ocrx_word' id='word_1_112' title='bbox 382 1712 576 1799; x_wconf 78' lang='grc' dir='ltr'><em>ἐπιφώνημα</em></span> <span class='ocrx_word' id='word_1_113' title='bbox 597 1712 676 1800; x_wconf 89' lang='grc' dir='ltr'><em>πρός</em></span> <span class='ocrx_word' id='word_1_114' title='bbox 697 1716 775 1780; x_wconf 76' lang='grc' dir='ltr'><em>θεόν</em></span> <span class='ocrx_word' id='word_1_115' title='bbox 799 1713 951 1798; x_wconf 81' lang='grc' dir='ltr'><em>ἀνεβόων,</em></span> <span class='ocrx_word' id='word_1_116' title='bbox 981 1718 1037 1779; x_wconf 87' lang='grc' dir='ltr'><em>καί</em></span> <span class='ocrx_word' id='word_1_117' title='bbox 1055 1721 1199 1798; x_wconf 72' lang='grc' dir='ltr'><em>γυναῖκες</em></span> <span class='ocrx_word' id='word_1_118' title='bbox 1223 1716 1329 1777; x_wconf 73' lang='grc' dir='ltr'><em>θαλα-</em></span> 
     </span>
     <span class='ocr_line' id='line_1_15' title="bbox 224 1810 1397 1902; baseline -0.002 -23"><span class='ocrx_word' id='word_1_119' title='bbox 224 1811 416 1897; x_wconf 86' lang='grc' dir='ltr'><em>μευόμεναι,</em></span> <span class='ocrx_word' id='word_1_120' title='bbox 435 1818 477 1902; x_wconf 77' lang='grc' dir='ltr'><strong>τῷ</strong></span> <span class='ocrx_word' id='word_1_121' title='bbox 499 1810 591 1902; x_wconf 75' lang='grc' dir='ltr'><em>φόβῳ</em></span> <span class='ocrx_word' id='word_1_122' title='bbox 613 1820 884 1900; x_wconf 74' lang='grc' dir='ltr'><em>κατασεισθῆναι,</em></span> <span class='ocrx_word' id='word_1_123' title='bbox 905 1812 962 1897; x_wconf 77' lang='grc' dir='ltr'><strong>τήν</strong></span> <span class='ocrx_word' id='word_1_124' title='bbox 985 1818 1067 1881; x_wconf 72' lang='lat' dir='ltr'><strong>aiod</strong></span> <span class='ocrx_word' id='word_1_125' title='bbox 1085 1822 1246 1897; x_wconf 75' lang='grc' dir='ltr'><em>περιεῖλον</em></span> <span class='ocrx_word' id='word_1_126' title='bbox 1274 1811 1330 1877; x_wconf 85' lang='grc' dir='ltr'><em>καί</em></span> <span class='ocrx_word' id='word_1_127' title='bbox 1393 1867 1397 1877; x_wconf 85' lang='grc'><strong>..</strong></span> 
     </span>
     <span class='ocr_line' id='line_1_16' title="bbox 225 1906 1373 2039; baseline -0.002 -60"><span class='ocrx_word' id='word_1_128' title='bbox 225 1924 290 1989; x_wconf 78' lang='grc' dir='ltr'><em>τοῖς</em></span> <span class='ocrx_word' id='word_1_129' title='bbox 313 1911 484 2039; x_wconf 74' lang='grc' dir='ltr'><em>ἀπαίθρρις</em></span> <span class='ocrx_word' id='word_1_130' title='bbox 506 1918 684 2000; x_wconf 86' lang='grc' dir='ltr'><em>ἐφίσταντο,</em></span> <span class='ocrx_word' id='word_1_131' title='bbox 706 1915 764 1999; x_wconf 73' lang='grc' dir='ltr'><strong>τὴν</strong></span> <span class='ocrx_word' id='word_1_132' title='bbox 787 1916 884 2001; x_wconf 75' lang='grc' dir='ltr'><em>αὐτὴν</em></span> <span class='ocrx_word' id='word_1_133' title='bbox 908 1920 1097 2001; x_wconf 85' lang='grc' dir='ltr'><em>ἐπαφιεῖσαι</em></span> <span class='ocrx_word' id='word_1_134' title='bbox 1116 1913 1245 2035; x_wconf 76' lang='grc' dir='ltr'><em>φωνην.</em></span> <span class='ocrx_word' id='word_1_135' title='bbox 1258 1906 1326 1978; x_wconf 81' lang='grc' dir='ltr'><em>εἶτα</em></span> <span class='ocrx_word' id='word_1_136' title='bbox 1340 1923 1373 1977; x_wconf 87' lang='grc'><strong>15</strong></span> 
     </span>
     <span class='ocr_line' id='line_1_17' title="bbox 226 2009 1329 2131; baseline -0.001 -51"><span class='ocrx_word' id='word_1_137' title='bbox 226 2040 280 2098; x_wconf 89' lang='grc' dir='ltr'><strong>της</strong></span> <span class='ocrx_word' id='word_1_138' title='bbox 298 2014 411 2090; x_wconf 87' lang='grc' dir='ltr'><em>νυκτός</em></span> <span class='ocrx_word' id='word_1_139' title='bbox 432 2018 550 2099; x_wconf 87' lang='grc' dir='ltr'><em>ἐκείνης</em></span> <span class='ocrx_word' id='word_1_140' title='bbox 573 2009 650 2098; x_wconf 79' lang='grc' dir='ltr'><em>ἀχρι</em></span> <span class='ocrx_word' id='word_1_141' title='bbox 670 2022 733 2082; x_wconf 80' lang='grc' dir='ltr'><em>’των</em></span> <span class='ocrx_word' id='word_1_142' title='bbox 757 2021 833 2081; x_wconf 88' lang='grc' dir='ltr'><strong>δέκα</strong></span> <span class='ocrx_word' id='word_1_143' title='bbox 853 2042 904 2081; x_wconf 88' lang='grc' dir='ltr'><strong>και</strong></span> <span class='ocrx_word' id='word_1_144' title='bbox 901 2014 1053 2081; x_wconf 78' lang='grc' dir='ltr'><em>δυόδεκα</em></span> <span class='ocrx_word' id='word_1_145' title='bbox 1073 2015 1187 2131; x_wconf 88' lang='grc' dir='ltr'><em>τρόμοι</em></span> <span class='ocrx_word' id='word_1_146' title='bbox 1210 2018 1329 2097; x_wconf 76' lang='grc' dir='ltr'><em>τῆςγης</em></span> 
     </span>
    </p>

    <p class='ocr_par' dir='ltr' id='par_1_5' title="bbox 97 2111 1331 2233">
     <span class='ocr_line' id='line_1_18' title="bbox 97 2111 1331 2233; baseline -0.002 -54"><span class='ocrx_word' id='word_1_147' title='bbox 97 2130 217 2189; x_wconf 67' lang='lat'>51845.</span> <span class='ocrx_word' id='word_1_148' title='bbox 227 2111 466 2233; x_wconf 78' lang='grc' dir='ltr'><em>η’κολοόθηραν,</em></span> <span class='ocrx_word' id='word_1_149' title='bbox 495 2117 557 2231; x_wconf 72' lang='grc' dir='ltr'><strong>τρῖν</strong></span> <span class='ocrx_word' id='word_1_150' title='bbox 585 2122 854 2202; x_wconf 74' lang='grc' dir='ltr'><em>προημησαμένων</em></span> <span class='ocrx_word' id='word_1_151' title='bbox 875 2121 978 2205; x_wconf 75' lang='grc' dir='ltr'><em>πολλῷ</em></span> <span class='ocrx_word' id='word_1_152' title='bbox 1012 2120 1067 2204; x_wconf 81' lang='grc' dir='ltr'><em>τιό</em></span> <span class='ocrx_word' id='word_1_153' title='bbox 1075 2112 1215 2198; x_wconf 89' lang='grc' dir='ltr'><em>περιόντι</em></span> <span class='ocrx_word' id='word_1_154' title='bbox 1238 2112 1331 2179; x_wconf 88' lang='grc' dir='ltr'><em>ἐλάτ-</em></span> 
     </span>
    </p>

    <p class='ocr_par' dir='ltr' id='par_1_6' title="bbox 225 2206 1375 2806">
     <span class='ocr_line' id='line_1_19' title="bbox 228 2206 1330 2301; baseline -0.002 -20"><span class='ocrx_word' id='word_1_155' title='bbox 228 2238 334 2289; x_wconf 85' lang='grc' dir='ltr'><em>τονες·</em></span> <span class='ocrx_word' id='word_1_156' title='bbox 378 2207 494 2299; x_wconf 73' lang='grc' dir='ltr'><strong>ἢνάρ</strong></span> <span class='ocrx_word' id='word_1_157' title='bbox 506 2207 557 2298; x_wconf 81' lang='grc' dir='ltr'><strong>όν,</strong></span> <span class='ocrx_word' id='word_1_158' title='bbox 580 2220 611 2281; x_wconf 86' lang='grc' dir='ltr'><strong>εἰ</strong></span> <span class='ocrx_word' id='word_1_159' title='bbox 629 2226 694 2291; x_wconf 82' lang='grc' dir='ltr'><em>τοῖς</em></span> <span class='ocrx_word' id='word_1_160' title='bbox 717 2214 825 2301; x_wconf 90' lang='grc' dir='ltr'><em>προόην</em></span> <span class='ocrx_word' id='word_1_161' title='bbox 848 2222 1021 2297; x_wconf 80' lang='grc' dir='ltr'><em>ἐξισωνται,</em></span> <span class='ocrx_word' id='word_1_162' title='bbox 1046 2206 1179 2281; x_wconf 73' lang='grc' dir='ltr'><em>οὐδὲν</em></span> <span class='ocrx_word' id='word_1_163' title='bbox 1159 2241 1197 2300; x_wconf 87' lang='grc' dir='ltr'><strong>ην</strong></span> <span class='ocrx_word' id='word_1_164' title='bbox 1218 2214 1253 2280; x_wconf 87' lang='grc' dir='ltr'><strong>τό</strong></span> <span class='ocrx_word' id='word_1_165' title='bbox 1267 2238 1330 2279; x_wconf 83' lang='grc' dir='ltr'><strong>κω-</strong></span> 
     </span>
     <span class='ocr_line' id='line_1_20' title="bbox 227 2305 1330 2403; baseline -0.005 -22"><span class='ocrx_word' id='word_1_166' title='bbox 227 2320 329 2383; x_wconf 79' lang='grc' dir='ltr'><em>λῦσον</em></span> <span class='ocrx_word' id='word_1_167' title='bbox 347 2316 392 2399; x_wconf 77' lang='grc' dir='ltr'><strong>μη</strong></span> <span class='ocrx_word' id='word_1_168' title='bbox 418 2315 492 2399; x_wconf 83' lang='grc' dir='ltr'><strong>οέχι</strong></span> <span class='ocrx_word' id='word_1_169' title='bbox 511 2321 616 2381; x_wconf 82' lang='grc' dir='ltr'><em>πᾶσαν</em></span> <span class='ocrx_word' id='word_1_170' title='bbox 637 2315 719 2397; x_wconf 86' lang='grc' dir='ltr'><em>όμοῦ</em></span> <span class='ocrx_word' id='word_1_171' title='bbox 740 2342 798 2399; x_wconf 87' lang='grc' dir='ltr'><strong>την</strong></span> <span class='ocrx_word' id='word_1_172' title='bbox 820 2344 930 2403; x_wconf 88' lang='grc' dir='ltr'><em>κτησιν</em></span> <span class='ocrx_word' id='word_1_173' title='bbox 956 2305 1036 2381; x_wconf 89' lang='grc' dir='ltr'><em>δι’</em></span> <span class='ocrx_word' id='word_1_174' title='bbox 1018 2341 1055 2400; x_wconf 87' lang='grc' dir='ltr'><strong>ης</strong></span> <span class='ocrx_word' id='word_1_175' title='bbox 1084 2314 1256 2379; x_wconf 84' lang='grc' dir='ltr'><em>ἐπεπόλασε</em></span> <span class='ocrx_word' id='word_1_176' title='bbox 1278 2338 1330 2377; x_wconf 87' lang='grc' dir='ltr'><strong>και</strong></span> 
     </span>
     <span class='ocr_line' id='line_1_21' title="bbox 226 2414 1375 2503; baseline -0.003 -23"><span class='ocrx_word' id='word_1_177' title='bbox 226 2414 264 2503; x_wconf 77' lang='grc' dir='ltr'><strong>ἢν</strong></span> <span class='ocrx_word' id='word_1_178' title='bbox 286 2420 446 2500; x_wconf 79' lang='grc' dir='ltr'><em>ἐπηλθεν,</em></span> <span class='ocrx_word' id='word_1_179' title='bbox 478 2421 512 2482; x_wconf 84' lang='grc' dir='ltr'><em>ἐκ</em></span> <span class='ocrx_word' id='word_1_180' title='bbox 541 2415 676 2501; x_wconf 68' lang='lat' dir='ltr'><strong>odonna</strong></span> <span class='ocrx_word' id='word_1_181' title='bbox 705 2419 810 2484; x_wconf 86' lang='grc' dir='ltr'><em>αάτων</em></span> <span class='ocrx_word' id='word_1_182' title='bbox 837 2419 1058 2502; x_wconf 83' lang='grc' dir='ltr'><em>ἀνατραπηναι</em></span> <span class='ocrx_word' id='word_1_183' title='bbox 1089 2441 1141 2482; x_wconf 88' lang='grc' dir='ltr'><strong>και</strong></span> <span class='ocrx_word' id='word_1_184' title='bbox 1172 2418 1217 2490; x_wconf 83' lang='grc' dir='ltr'><em>εἰς</em></span> <span class='ocrx_word' id='word_1_185' title='bbox 1237 2414 1375 2488; x_wconf 66' lang='grc' dir='ltr'><em>ου’δένυο</em></span> 
     </span>
     <span class='ocr_line' id='line_1_22' title="bbox 225 2517 1329 2604; baseline -0.004 -22"><span class='ocrx_word' id='word_1_186' title='bbox 225 2521 464 2604; x_wconf 77' lang='grc' dir='ltr'><em>χρησιμεῦσαι,</em></span> <span class='ocrx_word' id='word_1_187' title='bbox 495 2521 551 2582; x_wconf 88' lang='grc' dir='ltr'><em>καί</em></span> <span class='ocrx_word' id='word_1_188' title='bbox 577 2523 725 2602; x_wconf 77' lang='grc' dir='ltr'><em>παγγενεί</em></span> <span class='ocrx_word' id='word_1_189' title='bbox 746 2518 822 2595; x_wconf 85' lang='grc' dir='ltr'><em>τοός</em></span> <span class='ocrx_word' id='word_1_190' title='bbox 845 2518 1010 2603; x_wconf 73' lang='grc' dir='ltr'><em>οἰκήτορας</em></span> <span class='ocrx_word' id='word_1_191' title='bbox 1031 2517 1150 2593; x_wconf 79' lang='grc' dir='ltr'><em>πάντας</em></span> <span class='ocrx_word' id='word_1_192' title='bbox 1171 2518 1329 2581; x_wconf 86' lang='grc' dir='ltr'><em>οἰκτίστυυ</em></span> 
     </span>
     <span class='ocr_line' id='line_1_23' title="bbox 227 2612 1332 2704; baseline -0.003 -24"><span class='ocrx_word' id='word_1_193' title='bbox 227 2617 369 2681; x_wconf 82' lang='grc' dir='ltr'><em>θανάτου</em></span> <span class='ocrx_word' id='word_1_194' title='bbox 393 2618 590 2702; x_wconf 62' lang='lat' dir='ltr'><strong>perlucebat..</strong></span> <span class='ocrx_word' id='word_1_195' title='bbox 615 2623 690 2683; x_wconf 79' lang='grc' dir='ltr'><em>καθ’</em></span> <span class='ocrx_word' id='word_1_196' title='bbox 711 2612 745 2684; x_wconf 79' lang='grc' dir='ltr'><strong>όν</strong></span> <span class='ocrx_word' id='word_1_197' title='bbox 766 2620 804 2701; x_wconf 77' lang='grc' dir='ltr'><em>δὴ</em></span> <span class='ocrx_word' id='word_1_198' title='bbox 829 2622 919 2703; x_wconf 77' lang='grc' dir='ltr'><em>λόγον</em></span> <span class='ocrx_word' id='word_1_199' title='bbox 941 2618 994 2682; x_wconf 84' lang='grc' dir='ltr'><em>καί</em></span> <span class='ocrx_word' id='word_1_200' title='bbox 1016 2626 1082 2694; x_wconf 82' lang='grc' dir='ltr'><em>τοῖς</em></span> <span class='ocrx_word' id='word_1_201' title='bbox 1105 2618 1332 2704; x_wconf 77' lang='grc' dir='ltr'><em>φυσιολογοόσι</em></span> 
     </span>
     <span class='ocr_line' id='line_1_24' title="bbox 227 2710 1333 2806; baseline -0.001 -26"><span class='ocrx_word' id='word_1_202' title='bbox 227 2716 302 2802; x_wconf 84' lang='grc' dir='ltr'><em>περί</em></span> <span class='ocrx_word' id='word_1_203' title='bbox 310 2721 460 2802; x_wconf 75' lang='grc' dir='ltr'><em>σεισμῶν</em></span> <span class='ocrx_word' id='word_1_204' title='bbox 483 2717 528 2796; x_wconf 86' lang='grc' dir='ltr'><strong>οός</strong></span> <span class='ocrx_word' id='word_1_205' title='bbox 547 2722 619 2806; x_wconf 78' lang='grc' dir='ltr'><em>εἰκῇ</em></span> <span class='ocrx_word' id='word_1_206' title='bbox 639 2718 695 2783; x_wconf 85' lang='grc' dir='ltr'><em>καί</em></span> <span class='ocrx_word' id='word_1_207' title='bbox 715 2718 919 2805; x_wconf 75' lang='grc' dir='ltr'><em>ἀναισθήτως</em></span> <span class='ocrx_word' id='word_1_208' title='bbox 941 2717 994 2784; x_wconf 87' lang='grc' dir='ltr'><em>διό</em></span> <span class='ocrx_word' id='word_1_209' title='bbox 1017 2721 1073 2803; x_wconf 78' lang='grc' dir='ltr'><strong>τῆς</strong></span> <span class='ocrx_word' id='word_1_210' title='bbox 1095 2719 1153 2783; x_wconf 79' lang='grc' dir='ltr'><strong>τοῦ</strong></span> <span class='ocrx_word' id='word_1_211' title='bbox 1170 2710 1333 2790; x_wconf 72' lang='grc' dir='ltr'><em>ὕδατοςέν</em></span> 
     </span>
    </p>
   </div>
   <div class='ocr_carea' id='block_1_3' title="bbox 193 3021 1335 4299">
    <p class='ocr_par' dir='ltr' id='par_1_7' title="bbox 193 3021 1332 3857">
     <span class='ocr_line' id='line_1_25' title="bbox 193 3021 1321 3092; baseline 0 -17"><span class='ocrx_word' id='word_1_212' title='bbox 193 3033 197 3038; x_wconf 75' lang='grc'><em>’</em></span> <span class='ocrx_word' id='word_1_213' title='bbox 230 3021 337 3075; x_wconf 89' lang='lat' dir='ltr'><strong>tertiam</strong></span> <span class='ocrx_word' id='word_1_214' title='bbox 355 3028 454 3090; x_wconf 73' lang='lat' dir='ltr'><strong>agente</strong></span> <span class='ocrx_word' id='word_1_215' title='bbox 473 3022 566 3073; x_wconf 90' lang='lat' dir='ltr'><strong>eodem</strong></span> <span class='ocrx_word' id='word_1_216' title='bbox 583 3037 676 3075; x_wconf 89' lang='lat' dir='ltr'><strong>mense</strong></span> <span class='ocrx_word' id='word_1_217' title='bbox 697 3023 771 3073; x_wconf 86' lang='lat' dir='ltr'><strong>eirca</strong></span> <span class='ocrx_word' id='word_1_218' title='bbox 788 3021 899 3075; x_wconf 90' lang='lat' dir='ltr'><strong>alteram</strong></span> <span class='ocrx_word' id='word_1_219' title='bbox 917 3024 1005 3075; x_wconf 90' lang='lat' dir='ltr'><strong>noctis</strong></span> <span class='ocrx_word' id='word_1_220' title='bbox 1030 3021 1152 3092; x_wconf 74' lang='lat' dir='ltr'><strong>vigiliam</strong></span> <span class='ocrx_word' id='word_1_221' title='bbox 1179 3022 1265 3078; x_wconf 81' lang='lat' dir='ltr'><strong>factus</strong></span> <span class='ocrx_word' id='word_1_222' title='bbox 1292 3038 1321 3075; x_wconf 90' lang='lat' dir='ltr'><strong>es</strong></span> 
     </span>
     <span class='ocr_line' id='line_1_26' title="bbox 229 3093 1332 3167; baseline 0.001 -23"><span class='ocrx_word' id='word_1_223' title='bbox 229 3094 377 3159; x_wconf 79' lang='lat' dir='ltr'><strong>derepente</strong></span> <span class='ocrx_word' id='word_1_224' title='bbox 396 3100 590 3144; x_wconf 90' lang='lat' dir='ltr'><strong>terraemotus</strong></span> <span class='ocrx_word' id='word_1_225' title='bbox 609 3094 653 3157; x_wconf 92' lang='lat' dir='ltr'><strong>iis,</strong></span> <span class='ocrx_word' id='word_1_226' title='bbox 673 3094 852 3161; x_wconf 90' lang='lat' dir='ltr'><strong>quiunquam</strong></span> <span class='ocrx_word' id='word_1_227' title='bbox 872 3094 989 3167; x_wconf 85' lang='lat' dir='ltr'><strong>luerunt,</strong></span> <span class='ocrx_word' id='word_1_228' title='bbox 1009 3093 1172 3157; x_wconf 83' lang='lat' dir='ltr'><strong>terribilior,</strong></span> <span class='ocrx_word' id='word_1_229' title='bbox 1198 3094 1231 3145; x_wconf 93' lang='lat' dir='ltr'><strong>ab</strong></span> <span class='ocrx_word' id='word_1_230' title='bbox 1255 3096 1332 3151; x_wconf 85' lang='lat' dir='ltr'><strong>occi-</strong></span> 
     </span>
     <span class='ocr_line' id='line_1_27' title="bbox 228 3162 1332 3233; baseline 0 -16"><span class='ocrx_word' id='word_1_231' title='bbox 228 3163 380 3217; x_wconf 78' lang='lat' dir='ltr'><strong>dentalibus</strong></span> <span class='ocrx_word' id='word_1_232' title='bbox 401 3164 546 3229; x_wconf 89' lang='lat' dir='ltr'><strong>partibus</strong></span> <span class='ocrx_word' id='word_1_233' title='bbox 539 3166 689 3229; x_wconf 81' lang='lat' dir='ltr'><strong>iucipiens·</strong></span> <span class='ocrx_word' id='word_1_234' title='bbox 709 3170 798 3215; x_wconf 88' lang='lat' dir='ltr'><strong>tantus</strong></span> <span class='ocrx_word' id='word_1_235' title='bbox 817 3173 904 3217; x_wconf 86' lang='lat' dir='ltr'><strong>autem</strong></span> <span class='ocrx_word' id='word_1_236' title='bbox 926 3162 983 3216; x_wconf 87' lang='lat' dir='ltr'><strong>erat</strong></span> <span class='ocrx_word' id='word_1_237' title='bbox 999 3165 1189 3233; x_wconf 80' lang='lat' dir='ltr'><strong>magnitudine,</strong></span> <span class='ocrx_word' id='word_1_238' title='bbox 1206 3172 1235 3215; x_wconf 90' lang='lat' dir='ltr'><strong>ut</strong></span> <span class='ocrx_word' id='word_1_239' title='bbox 1254 3165 1332 3217; x_wconf 85' lang='lat' dir='ltr'><strong>etiarn</strong></span> 
     </span>
     <span class='ocr_line' id='line_1_28' title="bbox 229 3234 1332 3305; baseline 0.001 -18"><span class='ocrx_word' id='word_1_240' title='bbox 229 3236 321 3287; x_wconf 93' lang='lat' dir='ltr'><strong>domos</strong></span> <span class='ocrx_word' id='word_1_241' title='bbox 353 3242 488 3285; x_wconf 89' lang='lat' dir='ltr'><strong>everteret</strong></span> <span class='ocrx_word' id='word_1_242' title='bbox 512 3234 626 3298; x_wconf 89' lang='lat' dir='ltr'><strong>multas,</strong></span> <span class='ocrx_word' id='word_1_243' title='bbox 647 3250 745 3300; x_wconf 90' lang='lat' dir='ltr'><strong>paucas</strong></span> <span class='ocrx_word' id='word_1_244' title='bbox 774 3242 873 3287; x_wconf 90' lang='lat' dir='ltr'><strong>tantum</strong></span> <span class='ocrx_word' id='word_1_245' title='bbox 901 3234 1010 3287; x_wconf 90' lang='lat' dir='ltr'><strong>illaesas</strong></span> <span class='ocrx_word' id='word_1_246' title='bbox 1039 3236 1219 3303; x_wconf 90' lang='lat' dir='ltr'><strong>relinqueret,</strong></span> <span class='ocrx_word' id='word_1_247' title='bbox 1244 3252 1332 3305; x_wconf 85' lang='lat' dir='ltr'><strong>neque</strong></span> 
     </span>
     <span class='ocr_line' id='line_1_29' title="bbox 228 3304 1331 3374; baseline 0.002 -17"><span class='ocrx_word' id='word_1_248' title='bbox 228 3304 334 3371; x_wconf 87' lang='lat' dir='ltr'><strong>templa</strong></span> <span class='ocrx_word' id='word_1_249' title='bbox 344 3304 442 3354; x_wconf 85' lang='lat' dir='ltr'><strong>buius</strong></span> <span class='ocrx_word' id='word_1_250' title='bbox 435 3312 535 3369; x_wconf 77' lang='lat' dir='ltr'><strong>impetu</strong></span> <span class='ocrx_word' id='word_1_251' title='bbox 552 3308 650 3355; x_wconf 89' lang='lat' dir='ltr'><strong>intaeta</strong></span> <span class='ocrx_word' id='word_1_252' title='bbox 663 3315 826 3370; x_wconf 88' lang='lat' dir='ltr'><strong>manserunt,</strong></span> <span class='ocrx_word' id='word_1_253' title='bbox 839 3307 886 3359; x_wconf 92' lang='lat' dir='ltr'><strong>sed</strong></span> <span class='ocrx_word' id='word_1_254' title='bbox 902 3316 928 3358; x_wconf 89' lang='lat' dir='ltr'><strong>et</strong></span> <span class='ocrx_word' id='word_1_255' title='bbox 946 3308 1004 3373; x_wconf 91' lang='lat' dir='ltr'><strong>ipsa</strong></span> <span class='ocrx_word' id='word_1_256' title='bbox 1013 3308 1041 3358; x_wconf 89' lang='lat' dir='ltr'><strong>iu</strong></span> <span class='ocrx_word' id='word_1_257' title='bbox 1054 3306 1192 3359; x_wconf 91' lang='lat' dir='ltr'><strong>nonnullis</strong></span> <span class='ocrx_word' id='word_1_258' title='bbox 1204 3309 1331 3374; x_wconf 90' lang='lat' dir='ltr'><strong>partibus,</strong></span> 
     </span>
     <span class='ocr_line' id='line_1_30' title="bbox 228 3374 1332 3447; baseline 0.004 -20"><span class='ocrx_word' id='word_1_259' title='bbox 228 3378 257 3427; x_wconf 92' lang='lat' dir='ltr'><strong>iu</strong></span> <span class='ocrx_word' id='word_1_260' title='bbox 277 3374 338 3426; x_wconf 91' lang='lat' dir='ltr'><strong>aliis</strong></span> <span class='ocrx_word' id='word_1_261' title='bbox 358 3381 445 3425; x_wconf 90' lang='lat' dir='ltr'><strong>autem</strong></span> <span class='ocrx_word' id='word_1_262' title='bbox 463 3374 576 3440; x_wconf 89' lang='lat' dir='ltr'><strong>plurima</strong></span> <span class='ocrx_word' id='word_1_263' title='bbox 595 3374 679 3427; x_wconf 80' lang='lat' dir='ltr'><strong>fracta</strong></span> <span class='ocrx_word' id='word_1_264' title='bbox 701 3386 771 3441; x_wconf 91' lang='lat' dir='ltr'><strong>sunt,</strong></span> <span class='ocrx_word' id='word_1_265' title='bbox 795 3385 820 3428; x_wconf 93' lang='lat' dir='ltr'><strong>et</strong></span> <span class='ocrx_word' id='word_1_266' title='bbox 835 3378 975 3429; x_wconf 79' lang='lat' dir='ltr'><strong>columnae</strong></span> <span class='ocrx_word' id='word_1_267' title='bbox 988 3380 1063 3447; x_wconf 91' lang='lat' dir='ltr'><strong>quasi</strong></span> <span class='ocrx_word' id='word_1_268' title='bbox 1083 3378 1153 3430; x_wconf 93' lang='lat' dir='ltr'><strong>stilis</strong></span> <span class='ocrx_word' id='word_1_269' title='bbox 1172 3378 1332 3431; x_wconf 87' lang='lat' dir='ltr'><strong>laceraban-</strong></span> 
     </span>
     <span class='ocr_line' id='line_1_31' title="bbox 229 3444 1332 3528; baseline 0.001 -29"><span class='ocrx_word' id='word_1_270' title='bbox 229 3456 288 3499; x_wconf 90' lang='lat' dir='ltr'><strong>tur.</strong></span> <span class='ocrx_word' id='word_1_271' title='bbox 307 3460 397 3528; x_wconf 83' lang='lat' dir='ltr'><strong>neque</strong></span> <span class='ocrx_word' id='word_1_272' title='bbox 417 3446 488 3496; x_wconf 89' lang='lat' dir='ltr'><strong>euim</strong></span> <span class='ocrx_word' id='word_1_273' title='bbox 506 3444 590 3498; x_wconf 90' lang='lat' dir='ltr'><strong>semel</strong></span> <span class='ocrx_word' id='word_1_274' title='bbox 610 3445 729 3499; x_wconf 89' lang='lat' dir='ltr'><strong>incidens</strong></span> <span class='ocrx_word' id='word_1_275' title='bbox 751 3456 781 3499; x_wconf 91' lang='lat' dir='ltr'><strong>ut</strong></span> <span class='ocrx_word' id='word_1_276' title='bbox 799 3448 956 3517; x_wconf 90' lang='lat' dir='ltr'><strong>plerumque</strong></span> <span class='ocrx_word' id='word_1_277' title='bbox 974 3452 1033 3503; x_wconf 87' lang='lat' dir='ltr'><strong>beri</strong></span> <span class='ocrx_word' id='word_1_278' title='bbox 1052 3447 1156 3502; x_wconf 88' lang='lat' dir='ltr'><strong>solebat</strong></span> <span class='ocrx_word' id='word_1_279' title='bbox 1176 3449 1264 3515; x_wconf 90' lang='lat' dir='ltr'><strong>desiit,</strong></span> <span class='ocrx_word' id='word_1_280' title='bbox 1285 3448 1332 3503; x_wconf 88' lang='lat' dir='ltr'><strong>sed</strong></span> 
     </span>
     <span class='ocr_line' id='line_1_32' title="bbox 229 3517 1330 3590; baseline 0.002 -21"><span class='ocrx_word' id='word_1_281' title='bbox 229 3530 326 3585; x_wconf 74' lang='lat' dir='ltr'><strong>magna</strong></span> <span class='ocrx_word' id='word_1_282' title='bbox 344 3517 372 3567; x_wconf 93' lang='lat' dir='ltr'><strong>vi</strong></span> <span class='ocrx_word' id='word_1_283' title='bbox 389 3523 477 3568; x_wconf 90' lang='lat' dir='ltr'><strong>motus</strong></span> <span class='ocrx_word' id='word_1_284' title='bbox 495 3522 551 3567; x_wconf 88' lang='lat' dir='ltr'><strong>tres</strong></span> <span class='ocrx_word' id='word_1_285' title='bbox 570 3518 690 3569; x_wconf 86' lang='lat' dir='ltr'><strong>continui</strong></span> <span class='ocrx_word' id='word_1_286' title='bbox 709 3517 825 3571; x_wconf 89' lang='lat' dir='ltr'><strong>absoluti</strong></span> <span class='ocrx_word' id='word_1_287' title='bbox 845 3529 915 3584; x_wconf 92' lang='lat' dir='ltr'><strong>sunt,</strong></span> <span class='ocrx_word' id='word_1_288' title='bbox 937 3536 969 3571; x_wconf 84' lang='lat' dir='ltr'><strong>ex</strong></span> <span class='ocrx_word' id='word_1_289' title='bbox 990 3520 1085 3590; x_wconf 87' lang='lat' dir='ltr'><strong>quibhs</strong></span> <span class='ocrx_word' id='word_1_290' title='bbox 1104 3520 1182 3573; x_wconf 87' lang='lat' dir='ltr'><strong>fletus</strong></span> <span class='ocrx_word' id='word_1_291' title='bbox 1202 3523 1330 3573; x_wconf 85' lang='lat' dir='ltr'><strong>maximus</strong></span> 
     </span>
     <span class='ocr_line' id='line_1_33' title="bbox 231 3589 1331 3672; baseline 0 -31"><span class='ocrx_word' id='word_1_292' title='bbox 231 3596 258 3641; x_wconf 88' lang='lat' dir='ltr'><strong>et</strong></span> <span class='ocrx_word' id='word_1_293' title='bbox 275 3589 354 3639; x_wconf 89' lang='lat' dir='ltr'><strong>timor</strong></span> <span class='ocrx_word' id='word_1_294' title='bbox 375 3596 488 3672; x_wconf 81' lang='lat' dir='ltr'><strong>quantus</strong></span> <span class='ocrx_word' id='word_1_295' title='bbox 508 3603 641 3656; x_wconf 90' lang='lat' dir='ltr'><strong>uunquam</strong></span> <span class='ocrx_word' id='word_1_296' title='bbox 660 3589 811 3642; x_wconf 90' lang='lat' dir='ltr'><strong>hominibus</strong></span> <span class='ocrx_word' id='word_1_297' title='bbox 836 3592 961 3656; x_wconf 87' lang='lat' dir='ltr'><strong>obvenit,</strong></span> <span class='ocrx_word' id='word_1_298' title='bbox 982 3600 1009 3643; x_wconf 90' lang='lat' dir='ltr'><strong>et</strong></span> <span class='ocrx_word' id='word_1_299' title='bbox 1025 3592 1145 3645; x_wconf 90' lang='lat' dir='ltr'><strong>domibus</strong></span> <span class='ocrx_word' id='word_1_300' title='bbox 1164 3594 1266 3660; x_wconf 84' lang='lat' dir='ltr'><strong>egressi</strong></span> <span class='ocrx_word' id='word_1_301' title='bbox 1284 3604 1331 3643; x_wconf 85' lang='lat' dir='ltr'><strong>so-</strong></span> 
     </span>
     <span class='ocr_line' id='line_1_34' title="bbox 229 3660 1332 3728; baseline 0.001 -15"><span class='ocrx_word' id='word_1_302' title='bbox 229 3660 303 3713; x_wconf 89' lang='lat' dir='ltr'><strong>litam</strong></span> <span class='ocrx_word' id='word_1_303' title='bbox 328 3660 528 3712; x_wconf 83' lang='lat' dir='ltr'><strong>invocationem</strong></span> <span class='ocrx_word' id='word_1_304' title='bbox 555 3660 586 3711; x_wconf 92' lang='lat' dir='ltr'><strong>ad</strong></span> <span class='ocrx_word' id='word_1_305' title='bbox 614 3661 692 3712; x_wconf 93' lang='lat' dir='ltr'><strong>deum</strong></span> <span class='ocrx_word' id='word_1_306' title='bbox 712 3661 879 3728; x_wconf 86' lang='lat' dir='ltr'><strong>clamabant,</strong></span> <span class='ocrx_word' id='word_1_307' title='bbox 910 3672 936 3715; x_wconf 90' lang='lat' dir='ltr'><strong>et</strong></span> <span class='ocrx_word' id='word_1_308' title='bbox 954 3663 1106 3715; x_wconf 89' lang='lat' dir='ltr'><strong>mulieres&#39;</strong></span> <span class='ocrx_word' id='word_1_309' title='bbox 1099 3679 1126 3715; x_wconf 94' lang='lat' dir='ltr'><strong>m</strong></span> <span class='ocrx_word' id='word_1_310' title='bbox 1146 3662 1270 3716; x_wconf 77' lang='lat' dir='ltr'><strong>thalamis</strong></span> <span class='ocrx_word' id='word_1_311' title='bbox 1287 3663 1332 3714; x_wconf 89' lang='lat' dir='ltr'><strong>vi-</strong></span> 
     </span>
     <span class='ocr_line' id='line_1_35' title="bbox 230 3734 1331 3803; baseline 0.002 -20"><span class='ocrx_word' id='word_1_312' title='bbox 230 3740 342 3797; x_wconf 83' lang='lat' dir='ltr'><strong>ventes,</strong></span> <span class='ocrx_word' id='word_1_313' title='bbox 366 3741 440 3785; x_wconf 88' lang='lat' dir='ltr'><strong>metu</strong></span> <span class='ocrx_word' id='word_1_314' title='bbox 467 3745 634 3803; x_wconf 80' lang='lat' dir='ltr'><strong>concussae,</strong></span> <span class='ocrx_word' id='word_1_315' title='bbox 654 3734 781 3799; x_wconf 89' lang='lat' dir='ltr'><strong>pudorem</strong></span> <span class='ocrx_word' id='word_1_316' title='bbox 801 3736 983 3802; x_wconf 90' lang='lat' dir='ltr'><strong>deposuerunt</strong></span> <span class='ocrx_word' id='word_1_317' title='bbox 1005 3743 1031 3786; x_wconf 89' lang='lat' dir='ltr'><strong>et</strong></span> <span class='ocrx_word' id='word_1_318' title='bbox 1055 3735 1084 3784; x_wconf 89' lang='lat' dir='ltr'><strong>in</strong></span> <span class='ocrx_word' id='word_1_319' title='bbox 1101 3744 1195 3801; x_wconf 91' lang='lat' dir='ltr'><strong>aperto</strong></span> <span class='ocrx_word' id='word_1_320' title='bbox 1219 3735 1331 3795; x_wconf 89' lang='lat' dir='ltr'><strong>stabant,</strong></span> 
     </span>
     <span class='ocr_line' id='line_1_36' title="bbox 232 3804 1332 3857; baseline 0.002 -4"><span class='ocrx_word' id='word_1_321' title='bbox 232 3804 341 3854; x_wconf 89' lang='lat' dir='ltr'><strong>eandem</strong></span> <span class='ocrx_word' id='word_1_322' title='bbox 363 3805 514 3857; x_wconf 84' lang='lat' dir='ltr'><strong>emittentes</strong></span> <span class='ocrx_word' id='word_1_323' title='bbox 534 3819 647 3855; x_wconf 84' lang='lat' dir='ltr'><strong>vocem:</strong></span> <span class='ocrx_word' id='word_1_324' title='bbox 667 3806 764 3857; x_wconf 92' lang='lat' dir='ltr'><strong>deinde</strong></span> <span class='ocrx_word' id='word_1_325' title='bbox 783 3805 831 3857; x_wconf 91' lang='lat' dir='ltr'><strong>illa</strong></span> <span class='ocrx_word' id='word_1_326' title='bbox 856 3813 936 3857; x_wconf 90' lang='lat' dir='ltr'><strong>nocte</strong></span> <span class='ocrx_word' id='word_1_327' title='bbox 962 3806 1070 3857; x_wconf 85' lang='lat' dir='ltr'><strong>circiter</strong></span> <span class='ocrx_word' id='word_1_328' title='bbox 1096 3806 1189 3857; x_wconf 87' lang='lat' dir='ltr'><strong>decem</strong></span> <span class='ocrx_word' id='word_1_329' title='bbox 1213 3814 1240 3857; x_wconf 90' lang='lat' dir='ltr'><strong>et</strong></span> <span class='ocrx_word' id='word_1_330' title='bbox 1264 3806 1332 3857; x_wconf 88' lang='lat' dir='ltr'><strong>duo-</strong></span> 
     </span>
    </p>

    <p class='ocr_par' dir='ltr' id='par_1_8' title="bbox 193 3872 1335 4299">
     <span class='ocr_line' id='line_1_37' title="bbox 193 3872 1331 3945; baseline 0.006 -26"><span class='ocrx_word' id='word_1_331' title='bbox 193 3909 196 3919; x_wconf 89' lang='lat'>.</span> <span class='ocrx_word' id='word_1_332' title='bbox 230 3872 315 3924; x_wconf 87' lang='lat' dir='ltr'><strong>decim</strong></span> <span class='ocrx_word' id='word_1_333' title='bbox 334 3877 455 3926; x_wconf 88' lang='lat' dir='ltr'><strong>tremitus</strong></span> <span class='ocrx_word' id='word_1_334' title='bbox 475 3884 565 3926; x_wconf 86' lang='lat' dir='ltr'><strong>terrae</strong></span> <span class='ocrx_word' id='word_1_335' title='bbox 585 3877 669 3926; x_wconf 87' lang='lat' dir='ltr'><strong>secuti</strong></span> <span class='ocrx_word' id='word_1_336' title='bbox 689 3885 766 3939; x_wconf 88' lang='lat' dir='ltr'><strong>sunt,</strong></span> <span class='ocrx_word' id='word_1_337' title='bbox 786 3877 919 3943; x_wconf 82' lang='lat' dir='ltr'><strong>prioribus</strong></span> <span class='ocrx_word' id='word_1_338' title='bbox 946 3875 1028 3927; x_wconf 93' lang='lat' dir='ltr'><strong>multo</strong></span> <span class='ocrx_word' id='word_1_339' title='bbox 1055 3878 1188 3929; x_wconf 91' lang='lat' dir='ltr'><strong>minores.</strong></span> <span class='ocrx_word' id='word_1_340' title='bbox 1209 3878 1331 3945; x_wconf 82' lang='lat' dir='ltr'><strong>profecto</strong></span> 
     </span>
     <span class='ocr_line' id='line_1_38' title="bbox 231 3942 1332 4029; baseline 0.003 -35"><span class='ocrx_word' id='word_1_341' title='bbox 231 3942 299 3994; x_wconf 90' lang='lat' dir='ltr'><strong>enim</strong></span> <span class='ocrx_word' id='word_1_342' title='bbox 321 3945 344 3994; x_wconf 89' lang='lat' dir='ltr'><strong>si</strong></span> <span class='ocrx_word' id='word_1_343' title='bbox 362 3946 495 4011; x_wconf 83' lang='lat' dir='ltr'><strong>prioribus</strong></span> <span class='ocrx_word' id='word_1_344' title='bbox 516 3946 629 3997; x_wconf 81' lang='lat' dir='ltr'><strong>luissent</strong></span> <span class='ocrx_word' id='word_1_345' title='bbox 654 3962 748 4013; x_wconf 90' lang='lat' dir='ltr'><strong>pares,</strong></span> <span class='ocrx_word' id='word_1_346' title='bbox 775 3946 843 3996; x_wconf 91' lang='lat' dir='ltr'><strong>nihil</strong></span> <span class='ocrx_word' id='word_1_347' title='bbox 871 3947 1052 4029; x_wconf 88' lang='lat' dir='ltr'><strong>impediisset,</strong></span> <span class='ocrx_word' id='word_1_348' title='bbox 1080 3950 1220 4017; x_wconf 83' lang='lat' dir='ltr'><strong>quominus</strong></span> <span class='ocrx_word' id='word_1_349' title='bbox 1249 3948 1332 3999; x_wconf 89' lang='lat' dir='ltr'><strong>omnis</strong></span> 
     </span>
     <span class='ocr_line' id='line_1_39' title="bbox 229 4014 1333 4085; baseline 0.002 -20"><span class='ocrx_word' id='word_1_350' title='bbox 229 4014 308 4065; x_wconf 91' lang='lat' dir='ltr'><strong>simul</strong></span> <span class='ocrx_word' id='word_1_351' title='bbox 326 4018 478 4080; x_wconf 86' lang='lat' dir='ltr'><strong>possessio,</strong></span> <span class='ocrx_word' id='word_1_352' title='bbox 507 4032 556 4082; x_wconf 90' lang='lat' dir='ltr'><strong>per</strong></span> <span class='ocrx_word' id='word_1_353' title='bbox 583 4032 659 4084; x_wconf 91' lang='lat' dir='ltr'><strong>quam</strong></span> <span class='ocrx_word' id='word_1_354' title='bbox 687 4024 809 4068; x_wconf 90' lang='lat' dir='ltr'><strong>curreret</strong></span> <span class='ocrx_word' id='word_1_355' title='bbox 828 4022 853 4066; x_wconf 93' lang='lat' dir='ltr'><strong>et</strong></span> <span class='ocrx_word' id='word_1_356' title='bbox 879 4018 922 4066; x_wconf 89' lang='lat' dir='ltr'><strong>cui</strong></span> <span class='ocrx_word' id='word_1_357' title='bbox 947 4017 1136 4085; x_wconf 90' lang='lat' dir='ltr'><strong>obveniret,e</strong></span> <span class='ocrx_word' id='word_1_358' title='bbox 1157 4018 1333 4072; x_wconf 87' lang='lat' dir='ltr'><strong>fundamentis</strong></span> 
     </span>
     <span class='ocr_line' id='line_1_40' title="bbox 229 4085 1334 4151; baseline 0.003 -16"><span class='ocrx_word' id='word_1_359' title='bbox 229 4085 295 4151; x_wconf 91' lang='lat' dir='ltr'><strong>ipsis</strong></span> <span class='ocrx_word' id='word_1_360' title='bbox 326 4094 495 4137; x_wconf 86' lang='lat' dir='ltr'><strong>everteretur</strong></span> <span class='ocrx_word' id='word_1_361' title='bbox 524 4095 550 4137; x_wconf 88' lang='lat' dir='ltr'><strong>et</strong></span> <span class='ocrx_word' id='word_1_362' title='bbox 574 4087 606 4138; x_wconf 91' lang='lat' dir='ltr'><strong>ad</strong></span> <span class='ocrx_word' id='word_1_363' title='bbox 628 4086 729 4138; x_wconf 91' lang='lat' dir='ltr'><strong>nullam</strong></span> <span class='ocrx_word' id='word_1_364' title='bbox 763 4102 818 4137; x_wconf 87' lang='lat' dir='ltr'><strong>rem</strong></span> <span class='ocrx_word' id='word_1_365' title='bbox 846 4085 919 4138; x_wconf 85' lang='lat' dir='ltr'><strong>utilis</strong></span> <span class='ocrx_word' id='word_1_366' title='bbox 940 4097 1012 4139; x_wconf 87' lang='lat' dir='ltr'><strong>esset</strong></span> <span class='ocrx_word' id='word_1_367' title='bbox 1037 4097 1066 4140; x_wconf 90' lang='lat' dir='ltr'><strong>et</strong></span> <span class='ocrx_word' id='word_1_368' title='bbox 1091 4092 1199 4142; x_wconf 91' lang='lat' dir='ltr'><strong>omnino</strong></span> <span class='ocrx_word' id='word_1_369' title='bbox 1228 4089 1334 4144; x_wconf 88' lang='lat' dir='ltr'><strong>incolae</strong></span> 
     </span>
     <span class='ocr_line' id='line_1_41' title="bbox 230 4155 1334 4228; baseline 0.002 -21"><span class='ocrx_word' id='word_1_370' title='bbox 230 4169 322 4207; x_wconf 89' lang='lat' dir='ltr'><strong>omnes</strong></span> <span class='ocrx_word' id='word_1_371' title='bbox 341 4155 515 4206; x_wconf 88' lang='lat' dir='ltr'><strong>miserrimam</strong></span> <span class='ocrx_word' id='word_1_372' title='bbox 533 4166 644 4209; x_wconf 90' lang='lat' dir='ltr'><strong>mortem</strong></span> <span class='ocrx_word' id='word_1_373' title='bbox 667 4164 820 4227; x_wconf 78' lang='lat' dir='ltr'><strong>gustarent·</strong></span> <span class='ocrx_word' id='word_1_374' title='bbox 841 4158 985 4209; x_wconf 87' lang='lat' dir='ltr'><strong>secundum</strong></span> <span class='ocrx_word' id='word_1_375' title='bbox 1007 4176 1083 4228; x_wconf 90' lang='lat' dir='ltr'><strong>quam</strong></span> <span class='ocrx_word' id='word_1_376' title='bbox 1103 4164 1235 4215; x_wconf 90' lang='lat' dir='ltr'><strong>rationem</strong></span> <span class='ocrx_word' id='word_1_377' title='bbox 1257 4162 1334 4214; x_wconf 88' lang='lat' dir='ltr'><strong>etiam</strong></span> 
     </span>
     <span class='ocr_line' id='line_1_42' title="bbox 229 4224 1335 4299; baseline 0.005 -20"><span class='ocrx_word' id='word_1_378' title='bbox 229 4226 263 4281; x_wconf 88' lang='lat' dir='ltr'><strong>iis</strong></span> <span class='ocrx_word' id='word_1_379' title='bbox 281 4227 328 4297; x_wconf 88' lang='lat' dir='ltr'><strong>qui</strong></span> <span class='ocrx_word' id='word_1_380' title='bbox 350 4224 574 4297; x_wconf 88' lang='lat' dir='ltr'><strong>philosophantur</strong></span> <span class='ocrx_word' id='word_1_381' title='bbox 600 4230 633 4280; x_wconf 89' lang='lat' dir='ltr'><strong>de</strong></span> <span class='ocrx_word' id='word_1_382' title='bbox 664 4237 752 4281; x_wconf 87' lang='lat' dir='ltr'><strong>terrae</strong></span> <span class='ocrx_word' id='word_1_383' title='bbox 776 4227 907 4295; x_wconf 88' lang='lat' dir='ltr'><strong>motibus,</strong></span> <span class='ocrx_word' id='word_1_384' title='bbox 935 4231 1072 4299; x_wconf 86' lang='lat' dir='ltr'><strong>dicentes,</strong></span> <span class='ocrx_word' id='word_1_385' title='bbox 1103 4241 1205 4289; x_wconf 88' lang='lat' dir='ltr'><strong>temere</strong></span> <span class='ocrx_word' id='word_1_386' title='bbox 1231 4242 1258 4288; x_wconf 91' lang='lat' dir='ltr'><strong>et</strong></span> <span class='ocrx_word' id='word_1_387' title='bbox 1275 4232 1335 4291; x_wconf 85' lang='lat' dir='ltr'><strong>sino</strong></span> 
     </span>
    </p>
   </div>
   <div class='ocr_carea' id='block_1_4' title="bbox 0 0 1518 4892">
    <p class='ocr_par' dir='ltr' id='par_1_9' title="bbox 0 0 1518 4892">
     <span class='ocr_line' id='line_1_43' title="bbox 0 0 1518 4892; baseline 0 0"><span class='ocrx_word' id='word_1_388' title='bbox 0 0 1518 4892; x_wconf 95' lang='lat' dir='ltr'><strong> </strong></span> 
     </span>
    </p>
   </div>
  </div>
 </body>
</html>
