3017 4892
608 374 817 456 nrsromn.
1215 361 1264 434 τε

163 537 373 619 τὸνβασιλέα
402 533 550 600 κατιόντα
578 537 622 622 τῷ
649 535 791 620 κυδοιμῷ
819 535 1088 618 κατεπτοημένον,
1110 531 1166 596 καί
1181 531 1264 615 ’πρός

163 639 202 703 τά
217 643 364 719 βασίλεια
376 639 531 718 μέλλοντα
546 638 784 720 παραγενέσθαι
799 637 855 730 καί
865 636 1165 720 κατασφαλισθῆναι
1184 631 1265 716 πρός

163 737 221 823 τῆν
248 734 434 821 ε’πιβουλῆν,
464 733 481 798 ό
510 737 633 812 πάντως
662 735 842 818 ἀναγκαίας
870 736 1000 819 ποιῆσαι
1029 739 1140 799 τοῦτον
1167 735 1264 816 προέ-

165 861 272 924 κειτο,
300 837 516 913 ὑποδέξωνται
547 845 613 912 τοῖς
640 833 764 902 ἓαυτιόν
792 836 935 911 ἀκατίοις
963 833 1018 900 καί
1047 835 1189 918 πελάγιοι
1209 856 1265 916 γε·

117 941 292 1020 ,διόμενοι
323 939 367 1024 τῷ
405 942 498 1026 βυθῷ
529 937 771 1022 παραδώσουσι.
824 939 879 1004 καί
915 930 954 1021 ῆν
983 937 1002 1020 ῆ
1033 935 1141 1020 γνάμη
1177 935 1266 1018 δεινῆ

163 1063 213 1114 τις
243 1041 298 1102 καί
317 1031 470 1123 άφνκτος,
495 1037 549 1103 καί
576 1039 778 1120 πανταχόθεν
807 1040 948 1122 σοβοόσα
978 1035 1012 1102 τό
1049 1026 1184 1119 θῆραμα
1213 1031 1269 1098 κατ’

164 1139 353 1214 πλεκτάναις
383 1141 463 1204 κατά
484 1163 519 1222 γε
547 1137 604 1222 τῆν
631 1134 834 1224 ἀνθρωπίνην
863 1138 1032 1204 ἀσθένειαν
1056 1135 1169 1200 τοῦτον
1190 1159 1267 1217 συγ-

165 1241 402 1322 κατασχεθῆναι
433 1243 488 1304 καί
516 1237 700 1324 θηραθῆναι
731 1238 927 1324 συνάγουσα.
978 1241 1037 1303 τοῦ
1066 1238 1101 1301 δέ
1137 1239 1266 1301 διασκε-
1293 1273 1298 1285 ·
1342 1284 1345 1288 -
1393 1269 1396 1278 ·

166 1339 314 1420 δόξοντος
344 1339 464 1420 βουλάς
502 1343 604 1405 ἑθνιὸν
637 1338 693 1403 καί
720 1339 889 1424 λογισμοός
926 1339 1115 1412 ἀθετοῦντες
1146 1336 1268 1419 ἀρχόν-

122 1440 228 1518 1θταιν
260 1441 388 1524 Κυρίου
413 1439 639 1524 ἀπερίτρεπτος
674 1447 813 1524 μένουσα
842 1436 860 1526 ῆ
890 1439 988 1522 βουλὴ
1021 1438 1078 1512 τάς
1104 1440 1166 1502 τάν
1195 1440 1266 1520 γηί-

165 1564 227 1604 νων
247 1545 421 1622 σκαιωρίας
443 1543 640 1626 παρέσφαλε,
662 1544 718 1606 καί
738 1545 814 1622 παρ’
831 1541 945 1604 έλπίδα
965 1537 1022 1621 τῆν
1042 1537 1201 1621 σωτηρίαν
1221 1537 1263 1622 τῷ
1306 1605 1324 1623 ,-

164 1638 392 1728 ἀπεγνωσμένην
407 1643 627 1722 πανταρχικαῖς
643 1643 828 1724 ἐχαρίσατο.
851 1635 893 1712 ἀς
912 1639 974 1720 γάρ
996 1635 1140 1718 ῆστάσις
1163 1634 1266 1717 ἀνῆψε

165 1743 219 1803 κατ’
254 1737 395 1822 θόρυβος
428 1740 638 1822 ἀνερριπίσθη
659 1740 777 1820 πολύς,
802 1741 839 1802 οἳ
858 1761 891 1802 τε
914 1741 1057 1821 ἀγγελίαι
1080 1731 1267 1820 φθάνουσαι

165 1832 259 1920 ἑτέρα
283 1837 339 1920 τῆν
360 1834 469 1921 ἑτέραν
488 1841 532 1925 τῷ
552 1841 931 1924 βασιλεῖπροσεφοιτησε,
954 1837 1040 1902 καίό
1063 1837 1162 1920 δῆμος
1184 1828 1267 1910 ἀπας

44 1949 50 1958 ’
124 1947 157 1999 15
167 1946 382 2020 συνεκροτεῖτο
399 1937 453 2002 καί
471 1940 707 2022 συνηθροίζετο,
729 1939 784 2003 καί
797 1941 941 2022 ταραχῆς
962 1935 1160 2022 όπῆρχοντά
1183 1933 1264 2000 κατά

166 2036 224 2120 τῆν
248 2034 339 2102 πόλιν
361 2031 523 2119 ἀνάμεστα
546 2042 602 2103 καί
621 2037 807 2122 συγχόσεως
836 2037 1115 2119 συσκευασάμενος
1136 2028 1226 2112 οὗτος
1248 2031 1265 2098 ό

165 2137 317 2219 βασιλεύς
351 2133 418 2219 όμα
447 2140 487 2224 τῆ
517 2139 687 2228 Αὖγοόστη
717 2143 773 2203 καί
792 2146 857 2214 τοῖς
883 2141 917 2217 ἐξ
945 2138 1051 2202 atter
1071 2143 1266 2223 γεννηθεῖσιν

166 2238 212 2310 εἰς
234 2233 290 2318 τῆν
309 2241 432 2320 γείτονα
453 2242 608 2322 κατῆλθον
640 2236 751 2322 ἀκτῆν,
782 2239 839 2302 καί
846 2237 902 2322 μῆ
927 2235 1071 2322 εόρόντες
1091 2237 1154 2303 τάν
1172 2241 1267 2319 βασι-

166 2339 262 2400 λικῶν
283 2339 400 2402 πλοίων
422 2338 492 2402 τινά
514 2341 559 2415 εἰς
581 2336 616 2404 τό
647 2343 869 2425 προσορμίσαν
888 2341 958 2407 νέον
987 2335 1022 2403 έκ
1041 2327 1267 2420 τινοςάπροό-

123 2450 246 2504 λδπτου
267 2434 323 2502 καί
344 2440 450 2516 δεξιάς
467 2438 577 2524 τόχης,
598 2443 720 2522 μάλλον
742 2442 778 2505 δὲ
792 2440 943 2522 προνοίας
965 2440 1105 2524 ἀρρήτου
1122 2438 1267 2522 θελῆμα-

165 2561 229 2615 τος,
251 2538 434 2622 ἆρχοντικὸν
454 2539 631 2626 πλοιάριον,
650 2542 693 2617 ἀς
715 2536 800 2624 εἶχον
824 2543 975 2626 σπουδῆς,
996 2540 1166 2623 ἀνέβησαν.
1209 2537 1265 2605 καί

164 2640 226 2704 τάν
249 2642 419 2721 βασιλείων
453 2637 536 2705 εόθό
571 2647 628 2724 τῆς
662 2644 800 2724 εἰρεσίας
829 2639 967 2726 ἀγούσης
999 2644 1204 2722 έπικατέλαβε
1232 2636 1267 2704 τό

165 2741 221 2823 τῆς
248 2739 377 2814 ἀνοσίας
396 2746 514 2826 βουλῆς
533 2741 725 2827 μετεσχηκός
749 2743 891 2819 ἀκάτιον,
913 2741 968 2808 τόν
990 2745 1125 2824 βασιλέα
1147 2763 1268 2825 προκα-

166 2836 498 2921 λοόμενονείσελθεῐν
516 2845 563 2906 έν
593 2841 678 2928 ου’τιῆ
699 2842 742 2917 οός
776 2842 1022 2929 σπουδαιότερον
1043 2841 1140 2927 δῆθεν
1160 2843 1268 2924 α’χθη·

237 3025 278 3078 16.
298 3023 409 3088 citur?
494 3004 559 3082 '22
585 3032 786 3104 ἐπικατέλαβον
811 3031 841 3085 G.

165 3193 285 3256 insidias,
306 3193 332 3244 id
356 3193 424 3260 quod
445 3195 552 3246 omnino
567 3197 724 3247 'necessario
750 3196 821 3248 bunc
847 3196 976 3246 iacturum
1004 3191 1166 3259 apparebat,
1191 3193 1267 3243 exci.

165 3273 260 3334 perent
278 3265 336 3315 suis
350 3264 479 3317 'lintribus
499 3269 566 3318 etsi
587 3268 613 3317 in
634 3268 688 3318 alto
709 3275 800 3318 essent
817 3268 917 3335 gurgiti
937 3265 1079 3316 traderent.
1118 3272 1198 3331 atque
1211 3274 1269 3317 erat

166 3337 300 3390 sententia
318 3337 375 3386 dira
401 3345 427 3386 et
446 3338 611 3390 inevitabilis
631 3347 657 3389 et
678 3340 794 3406 undique
814 3347 918 3390 terreus
937 3338 1039 3400 ieram,
1067 3345 1094 3387 et
1112 3335 1198 3404 plagis
1217 3344 1275 3404 pro'

166 3408 300 3459 bominum
321 3407 473 3460 infirmitate
492 3410 563 3460 hunc
581 3419 610 3461 ut
630 3413 813 3461 contineretur
833 3418 860 3460 et
884 3416 1020 3476 peteretur
1039 3408 1180 3459 adducens.
1217 3409 1267 3460 de.

166 3478 294 3530 struentia
321 3486 408 3528 autem
428 3483 574 3533 sententias
594 3484 713 3549 gentium
734 3491 760 3532 et
778 3483 896 3532 rationes
915 3480 1036 3531 tollentia
1048 3480 1197 3546 principum
1216 3480 1268 3530 do.

166 3550 230 3599 mini
255 3547 328 3597 firma
353 3551 486 3600 sententia
516 3552 665 3603 mortalium
692 3554 773 3618 impia
798 3552 912 3603 consilia
941 3552 1091 3602 aberrantia
1108 3551 1223 3602 reddidit
1242 3559 1268 3602 et

167 3625 273 3686 praeter
292 3631 364 3682 spem
385 3619 496 3668 salutem
515 3621 655 3686 desperato
676 3625 872 3688 omnipotenter
891 3623 1010 3673 donarit.
1050 3637 1108 3670 cum
1132 3623 1267 3672 enimse.

167 3689 232 3742 ditio
261 3686 386 3754 flagraret
413 3697 439 3738 et
467 3689 593 3739 tumultus
617 3705 726 3757 magnus
747 3693 925 3753 excitaretur,
953 3699 979 3741 et
996 3691 1082 3741 nuntii
1100 3689 1169 3740 alius
1186 3689 1268 3740 alium

167 3760 343 3822 anteveniens
368 3759 400 3809 ad
427 3773 518 3826 regem
544 3759 727 3822 deferrentur,
754 3768 781 3810 et
805 3760 920 3826 populus
948 3762 1032 3810 omnis
1058 3761 1216 3810 conveniret
1241 3770 1268 3811 et

167 3837 329 3898 cogeretur,
359 3839 385 3880 et
411 3831 569 3882 turbationis
595 3840 667 3882 earet
685 3830 747 3881 urbs
772 3831 851 3896 plena
870 3839 896 3882 et
915 3830 1096 3882 confusionis:
1115 3835 1145 3882 sc
1163 3834 1268 3898 paravit

166 3903 210 3954 hic
235 3917 283 3953 rex
310 3901 388 3952 simul
414 3918 473 3952 cum
498 3902 619 3969 Augusta
642 3909 669 3953 et
687 3903 742 3954 suis
761 3902 854 3953 liberis
874 3910 901 3952 et
918 3902 1084 3953 devenerunt
1101 3903 1134 3954 ad
1153 3904 1267 3955 vicinam

166 3976 248 4042 ripam
275 3982 301 4024 et
327 3988 385 4022 cum
409 3989 463 4024 non
481 3974 635 4026 invenirent
659 3975 791 4042 regiarum
817 3975 924 4026 navium
951 3973 1032 4024 ullam
1058 3975 1195 4042 navigium
1214 3977 1266 4026 im.

165 4046 326 4112 peratorium
348 4046 418 4111 quod
436 4059 522 4111 nuper
549 4046 687 4114 appulerat
705 4061 753 4113 pro
775 4047 885 4113 quadam
904 4046 1046 4113 improvisa
1067 4047 1195 4098 etdextra
1208 4047 1265 4097 ior.
1348 4084 1351 4095 .

165 4125 237 4181 tuna,
257 4118 315 4169 riva
332 4118 421 4184 potius
441 4118 527 4171 tacita,
539 4119 725 4184 providentiae
745 4117 893 4180 voluntate,
913 4126 944 4167 ut
961 4124 1035 4168 eraut
1046 4119 1132 4173 studio
1152 4119 1265 4182 incitati,

165 4189 349 4240 ascenderunt.
388 4198 467 4258 atque
484 4203 542 4240 cum
561 4193 650 4259 regias
664 4191 744 4240 remis
763 4197 886 4257 peterent
905 4191 1019 4241 assecuti
1039 4198 1099 4241 aunt
1110 4191 1264 4257 participem

167 4259 240 4328 impii
259 4259 376 4348 consilii
386 4260 502 4325 lintrem,
522 4255 714 4329 provocantem
733 4277 835 4330 regem,
855 4269 883 4312 ut
900 4263 927 4313 iu
944 4277 1003 4314 eum
1016 4263 1210 4330 ingrederetur,
1220 4268 1264 4311 ut-
