3017 4892
276 341 350 412 aar
554 331 773 405 moninus
806 320 1066 403 amtnrorln
1108 356 1119 369 x

268 501 425 577 νοπόλεως
447 501 590 566 έλαόνων
611 498 770 585 ἐφαίνετο,
794 501 827 577 ἐξ
848 490 884 583 ἧς
908 496 925 577 ἦ
950 494 1030 581 πρός
1049 494 1084 560 τό
1108 494 1213 560 Χλόατ
1235 489 1397 572 κόθοδος

267 599 322 668 διό
345 604 512 669 στενωπῶν
530 602 719 681 ἐπιγίνεται,
754 602 979 683 μεταστρέψας
1008 594 1065 680 την
1083 597 1209 679 γνώμην
1241 598 1301 659 κατ’
1324 593 1394 669 τός

265 709 405 789 οημαόας
426 706 459 766 έν
481 703 630 787 ἀριστερᾷ
663 699 883 784 ποιησόμενος,
908 696 1185 783 περιπλανώμενοι
1205 698 1317 781 α’φῆκε
1341 694 1386 759 τό

264 804 491 889 στρατόπεδον,
510 799 569 884 την
588 800 768 884 ὦριομένην
791 796 935 883 α’ταρπδν
958 802 991 864 όν
1020 801 1105 887 δεξιᾷ
1125 794 1387 893 προερχόμενον,

264 903 324 979 ἓως
346 902 437 991 φήμη
471 904 697 984 καταλαβοῦσα
731 898 904 985 μετήγαγεν
935 893 1013 965 αότό
1042 896 1122 979 πρός
1151 897 1208 980 την
1227 904 1413 963 καινοτο-5

263 1006 423 1086 μηθεῖσαν
456 1006 499 1089 τῷ
518 1005 655 1083 βασιλεῖ.
699 996 899 1076 κατελθόντες
921 992 979 1063 σόν
1001 996 1180 1081 ἀποτόμους
1203 994 1296 1083 «τινός
1319 1001 1386 1061 κατ’

235 1102 460 1186 ’κρημνώδεις
481 1097 596 1181 δδοός,
620 1097 653 1165 έν
681 1104 784 1182 βαθεῖ
813 1094 899 1187 τόπῳ
919 1097 972 1163 τόν
1005 1101 1141 1181 βασιλέα
1164 1092 1381 1181 κατασκηνιό-

239 1226 364 1270 ,σαντα
385 1196 519 1286 εὕρομεν
539 1205 649 1287 ἐκεῖσε,
670 1199 728 1285 την
741 1204 869 1286 πρωτην
887 1197 1008 1284 βουλήν
1030 1201 1083 1263 έπί
1104 1201 1188 1287 κακῷ
1206 1203 1271 1261 τιόν
1289 1194 1382 1263 Ῥω-

262 1301 368 1381 μαίων
393 1301 512 1379 όιιλεῶς
533 1301 804 1384 όνανεωσόμενον.
863 1302 976 1368 διελών
1004 1299 1064 1385 γὰρ
1089 1302 1165 1387 διχῇ
1186 1297 1241 1364 τόν
1265 1324 1380 1381 στρα-

263 1400 338 1482 τόν,
361 1405 526 1486 παρέδωκε
551 1401 585 1467 τό
615 1400 822 1488 ἰσχυρότερον
848 1406 944 1485 μέρος
978 1405 1021 1489 τῷ
1053 1403 1241 1487 Φιλαρέτιμ,
1275 1400 1424 1483 evoptio

219 1587 228 1592 -
263 1501 494 1586 στρατιωτικὴν
526 1506 585 1585 μὲν
615 1505 771 1586 αόχοόντι
794 1503 961 1589 περιοπην,
990 1505 1127 1587 αἰσχροῦ
1155 1503 1190 1566 δὲ
1217 1504 1291 1582 βίου
1315 1504 1379 1565 καί

265 1606 517 1689 διαβεβλημένον
549 1604 758 1689 τυγχάνοντι,
798 1609 853 1671 καό
877 1609 920 1692 τῷ
946 1602 1034 1669 ἔθνει
1063 1603 1276 1689 μαχεσαμένην
1311 1604 1376 1682 μὲν

264 1701 452 1789 διαφόρως,
484 1702 517 1767 ἐν
548 1691 585 1768 δέ
604 1712 668 1778 τοῖς
690 1709 848 1787 μεγίστοις
879 1704 1169 1786 καταπολεμηθέντι
1195 1698 1250 1764 καί
1269 1726 1375 1765 κατα-

262 1806 456 1889 φρονηθέντι
475 1802 517 1878 σός
540 1800 575 1867 τό
592 1802 684 1883 εἰκός,
703 1803 742 1865 οό
764 1803 828 1887 μην
849 1804 1033 1889 α’πεχομένηι
1048 1800 1183 1885 ιοότων,
1207 1800 1275 1864 ἀλλ’
1298 1804 1375 1865 εἰτι-

261 1906 402 1985 τρέχοντι
438 1904 497 1988 τὴν
537 1903 709 1987 ἡγεμονίαν
748 1902 801 1969 διό
840 1904 1061 1990 φιλοκερδείας
1095 1906 1149 1967 καὶ
1184 1901 1373 1988 φιλοδοξίας
1384 1920 1409 1971 15

237 1999 427 2068 «ὑπόθεσιν.
1078 2088 1081 2097 .

364 2105 435 2169 Κατ’
453 2109 554 2171 ταῦτα
575 2111 634 2185 μὲν
656 2110 769 2171 τοῦτον
788 2102 842 2169 τόν
865 2106 981 2191 τρόπον
999 2104 1221 2190 ἐπράχθησαν,
1244 2108 1307 2169 τιόν
1329 2108 1369 2169 δὲ

260 2205 469 2288 βορειοτέρων
498 2209 606 2289 μερῶν
638 2202 654 2268 ὃ
682 2204 834 2287 βασιλεὺς
857 2202 1025 2287 ἐπελάβετο
1048 2206 1089 2269 δι’
1110 2200 1239 2289 εόρεοιν
1260 2205 1369 2287 χιόνος

261 2302 316 2367 καὶ
337 2302 462 2369 όδότων
485 2295 639 2389 φοχραῖν·
683 2305 828 2387 α’κροιτιός
850 2304 910 2389 γόςρ
936 2304 1039 2388 εἴχετο
1062 2303 1191 2387 τοότων,
1212 2307 1246 2369 τὸ
1268 2308 1367 2385 σῶμα

261 2401 349 2469 κατὰ·
366 2404 446 2469 πολι)
469 2406 785 2490 διαθερμαινόμενος.
830 2404 884 2471 διό
909 2407 1011 2473 ταότόι
1033 2430 1081 2473 τοι
1102 2405 1163 2499 aad
1177 2404 1367 2491 ἠναγκάσθη
1376 2425 1408 2479 20

161 2542 168 2551 ,
261 2504 319 2589 τὴν
340 2504 444 2591 όρμην
474 2507 656 2591 α’λλαχόθεν
678 2513 811 2593 ποιῆσαι
839 2508 893 2573 καί
915 2508 1060 2594 φυλακην
1084 2511 1261 2593 ἐπιστῆσαι,
1282 2501 1367 2589 alors

260 2594 356 2692 ρλετο,
391 2606 446 2672 καί
473 2616 538 2685 τοϊς
557 2611 712 2686 έναντόοις
746 2609 942 2697 α’ντόπρτρρον
966 2607 1114 2690 δόναμιν.
1166 2610 1286 2694 καὶτῷ
1306 2610 1367 2696 μὲν

261 2708 427 2796 Φιλαρέτηι
459 2704 595 2789 πόλεμον
629 2706 759 2774 ἔνοπλον
792 2710 1011 2791 ἐγκατέλιπεν,
1046 2704 1147 2797 ἑαυτῷ
1169 2708 1204 2773 δὲ
1226 2708 1367 2781 καὶτοῖς

236 3018 307 3075 'prex
326 3017 419 3062 contra
437 3008 634 3079 Romanopolirr
662 3013 838 3080 proficiscens
863 3018 1020 3078 appareret,
1049 3026 1083 3062 ex
1102 3026 1154 3080 qua
1172 3012 1311 3067 descensio
1331 3012 1364 3064 ad

259 3080 348 3134 Oblint
369 3085 499 3151 angustiis
519 3084 557 3146 fit,
576 3092 680 3135 mutans
693 3085 852 3135 sententiam
873 3091 899 3133 et
918 3084 995 3151 signa
1020 3084 1047 3132 in
1067 3085 1175 3135 sinistro
1196 3099 1278 3135 cornu
1295 3100 1362 3136 con-

257 3155 370 3205 stituens
391 3155 677 3205 oberrantemdimisit
697 3155 843 3206 exercitum
866 3162 892 3205 et
913 3154 1047 3205 definitam
1066 3156 1136 3205 viam
1155 3173 1171 3207 a
1188 3152 1280 3208 de'xtra
1298 3171 1361 3223 pro-

234 3272 239 3282 ,
257 3226 407 3289 cedentem,
427 3226 513 3276 donec
533 3226 602 3275 lama
621 3240 667 3277 eos
686 3241 822 3291 occupans
848 3225 954 3275 reduxit
974 3242 1032 3276 eum
1052 3228 1083 3277 ad
1103 3228 1173 3278 viam
1193 3244 1208 3279 a
1227 3244 1293 3295 rege
1310 3243 1361 3279 no.

152 3336 161 3351 .
240 3287 363 3346 ivetam:
383 3295 570 3363 degredientes
590 3296 672 3361 igitur
697 3305 853 3364 praeruptas
872 3294 998 3364 quasdam
1026 3305 1053 3348 et
1077 3300 1238 3367 praecipites
1258 3302 1316 3351 vias
1334 3302 1360 3349 in

254 3365 389 3432 profundo
419 3365 479 3416 loco
498 3382 590 3435 regem
613 3374 698 3418 castra
724 3367 866 3419 habentem
891 3369 1040 3421 invenimus
1060 3369 1150 3437 ibique
1169 3372 1278 3437 primam
1297 3386 1360 3422 sen-

254 3439 366 3487 tentiam
392 3434 463 3487 malo
489 3436 651 3489 Graecorum
670 3438 820 3506 ingloriose
840 3441 1014 3492 reficientem.
1059 3442 1180 3495 dividens
1202 3443 1271 3493 enirn
1290 3440 1359 3493 bila.

253 3510 320 3559 riam
340 3508 487 3559 exercitum
513 3508 619 3566 tradidit
643 3511 803 3561 validiorem
828 3521 929 3579 partem
955 3512 1110 3576 Philareto,
1137 3516 1195 3565 viro
1221 3514 1360 3564 militarem

254 3580 364 3630 iactanti
385 3580 663 3647 circumspiciendum,
683 3584 756 3634 vitae
771 3590 858 3633 autem
878 3584 962 3650 turpis
978 3591 1005 3634 et
1022 3594 1173 3649 accusatae,
1194 3594 1220 3636 et
1237 3586 1282 3653 qui
1301 3586 1359 3635 exi.

253 3653 307 3703 mie
327 3667 386 3701 oum
404 3651 506 3719 populo
526 3663 706 3720 pugnaverat,
726 3656 754 3704 in
773 3657 893 3706 maximis
912 3664 999 3706 autem
1018 3656 1121 3707 reiecto
1142 3665 1168 3707 et
1184 3657 1311 3723 despecto
1332 3664 1359 3707 ut

253 3739 302 3790 par
322 3731 397 3788 erat,
421 3732 508 3774 tamen
533 3739 587 3775 non
613 3724 764 3777 abstinente
783 3727 844 3791 his,
865 3728 912 3779 sed
930 3728 1071 3778 allectante
1093 3728 1233 3795 imperium
1252 3736 1359 3795 propter

240 3796 385 3847 ‘avaritiae
406 3803 432 3845 et
449 3797 576 3849 vanitatis
595 3800 771 3865 propositum.

353 3884 442 3951 Atque
463 3883 529 3937 haee
555 3886 660 3953 quidem
680 3887 732 3938 hoc
746 3889 824 3939 modo
847 3889 915 3939 lacta
936 3898 1004 3939 sunt.
1031 3889 1256 3956 septentrionales
1275 3897 1359 3941 autem

253 3959 345 4020 partes
361 3969 410 4004 rex
423 3958 565 4022 occupavit
580 3966 690 4025 propter
703 3967 835 4025 repertam
849 3961 938 4011 nivem
950 3968 976 4011 et
989 3976 1071 4028 aquas
1087 3961 1213 4029 frigidas:
1228 3964 1357 4029 impoten-

252 4031 295 4074 ter
316 4024 388 4078 enim¹
404 4026 544 4079 tenebatur
563 4028 604 4080 his
626 4044 722 4095 corpus
741 4030 786 4079 diu
806 4029 896 4080 calore
908 4030 1052 4097 perfusum.
1091 4041 1236 4099 propterea
1257 4032 1359 4100 quidem

253 4095 334 4145 etiam
352 4103 460 4146 coactus
482 4106 524 4148 est
541 4100 667 4166 impetum
687 4100 795 4151 aliunde
815 4100 905 4151 lacere
926 4110 952 4151 et
970 4103 1131 4168 praesidinm
1151 4106 1315 4156 constituere
1334 4112 1360 4154 ut

253 4165 360 4234 quidem
379 4167 515 4232 censebat,
536 4178 562 4219 et
580 4170 700 4223 hostibus
720 4172 878 4222 contrariam
898 4174 969 4239 vim,
990 4184 1017 4225 et
1037 4174 1173 4227 Philareto
1194 4175 1296 4227 bellum
1316 4190 1359 4225 ar-

251 4253 354 4305 morum
372 4236 498 4309 reliquit,
523 4239 575 4293 sibi
593 4251 681 4295 autem
700 4252 727 4295 et
746 4243 792 4314 qui
812 4258 870 4294 cum
891 4260 923 4295 eo
945 4255 1020 4299 erant
1036 4245 1137 4299 bellum
1158 4248 1229 4319 quod
1249 4263 1283 4299 ex
1300 4244 1359 4299 looo
