3017 4892
259 301 335 381 ιιι
548 254 776 385 montrum
799 255 1058 385 murmur

254 498 309 561 την
330 474 500 559 ένέβαλεν,’
525 478 564 541 οδ
586 477 668 545 πάνυ
689 505 717 546 τι
748 474 929 566 όπεχοόοης
960 485 1018 565 τῆς
1047 482 1277 567 τόνΤαρσιόν
1301 481 1389 546 πό-

254 582 342 653 λεως.
386 578 640 657 δυσδιεξόδευτοο
661 582 691 644 δ’
714 574 802 657 ὄντες
824 587 879 648 καί
898 591 1028 668 τραχεῖς
1062 582 1116 649 καί
1138 583 1285 658 α’νόντεις
1308 587 1387 648 nat*

260 682 331 741 λίαν
353 675 539 764 στενόποροι
560 676 590 744 ολ
612 682 856 765 διατειχίζοντες
885 686 948 747 τῶν
969 685 1050 770 όρῶν
1073 688 1206 769 αόχένες
1223 683 1284 770 τὴν
1295 689 1381 751 Ks-

165 758 171 767 ’
255 778 360 843 λιιιίαν
382 779 422 842 ον’
443 784 577 864 μετρίαν
597 783 724 848 ἐποίουν
746 786 814 848 οόδ’
842 778 955 851 εόοδον
975 789 1020 874 τῷ
1049 789 1171 871 στρατῷ
1193 783 1251 869 τὴν
1274 787 1380 851 εἰσέ-

186 900 194 912 ‘
254 884 373 945 λουσιν.
417 874 492 945 όθεν
514 881 568 945 καί
591 878 625 947 εἴ
642 907 725 960 τινες
750 891 814 951 τιόν
834 885 891 952 τοῦ
914 890 1085 970 Διογένους
1105 883 1161 961 τός
1181 886 1406 971 όιιροιρείαςό

152 958 158 968 x
220 1054 221 1064 ρ
254 988 418 1063 κατεῖχον,
453 984 508 1047 xes*
535 987 658 1064 μᾶλλον
680 981 826 1071 ἑκηβόλον
848 990 904 1054 ιιαί
926 1000 992 1066 τοῖς
1012 992 1106 1055 ποσίν
1132 990 1374 1071 ἐπιβαίνοντες,

254 1080 312 1143 οδιι
333 1073 372 1165 όν
394 1082 540 1167 ἠδυνήθη
571 1086 647 1149 ποτὲ
668 1085 704 1149 τό
738 1088 796 1151 τοό
824 1090 1030 1173 Ἀνδρονίκου
1061 1088 1279 1174 στρατόπεδον
1301 1086 1375 1173 τήν,

183 1237 186 1245 ,
253 1184 386 1265 πορείαν
416 1183 470 1247 διό
505 1186 624 1251 τούτων
649 1172 872 1271 ποιήσασθαι,
905 1194 937 1255 εί
957 1188 1003 1273 μὴ
1035 1195 1092 1256 καί
1122 1194 1244 1273 μᾶλλον
1264 1193 1372 1265 δέους

252 1280 457 1364 ἐπειγομένου
479 1293 545 1359 τοῖς
569 1287 780 1370 στρατιώταις
804 1288 885 1373 πρός
906 1289 1012 1375 φυγὴν
1033 1287 1195 1376 οόρμηααν.
1238 1290 1369 1356 τούτου
1411 1362 1416 1367 .

252 1380 289 1443 δὲ
311 1388 592 1470 παραμεληθέντος
607 1386 652 1463 εἷς
668 1392 818 1453 κίνδυνον,
833 1397 983 1476 περιέστη
1001 1396 1044 1481 ng?
1057 1398 1191 1481 Διογένη
1211 1390 1249 1457 τό
1271 1391 1367 1476 προὶ·
1380 1412 1419 1465 10

250 1504 367 1563 γματα.
390 1483 472 1567 μετιιι
492 1487 550 1569 γὰρ
574 1486 608 1552 τό
633 1494 799 1555 κατελθεῖν
817 1494 864 1567 είς
883 1489 918 1558 τό
940 1493 1048 1558 πεδίον
1067 1491 1129 1557 τόν
1140 1491 1201 1559 σόν
1221 1495 1263 1583 τῷ
1281 1494 1368 1561 Ἀν-

204 1626 209 1645 ,
253 1584 384 1673 δρονίιιρι
415 1586 554 1671 στρατόν
589 1584 605 1652 ό
637 1592 856 1678 Χατατοόριος
891 1593 1036 1658 έπελθιόν
1064 1591 1200 1679 πόλεμον
1231 1594 1364 1670 τοότσις

251 1690 450 1771 συνέρρηξεν.
503 1690 542 1753 οδ
575 1690 627 1755 διό
658 1696 773 1776 πολλῆς
805 1696 840 1759 δέ
867 1700 1034 1778 γενομένου
1068 1700 1125 1781 τῆς
1146 1691 1234 1782 οόρας
1255 1698 1364 1760 αότοῦ

253 1785 296 1861 οἷς
317 1778 356 1851 όν
377 1790 439 1853 τοόν
455 1781 641 1873 Ῥαμαϊιιοόν
662 1791 830 1873 δυνάμεων
851 1798 894 1883 τῷ
917 1820 953 1860 τε
983 1796 1100 1881 πλήθει
1125 1799 1181 1863 καί
1200 1800 1240 1885 τῇ
1259 1798 1363 1883 α’ρετῇ

251 1883 485 1971 δπερεχουσοόν,
508 1888 614 1958 πεσοόν
634 1896 668 1958 έκ
688 1886 745 1961 τοό
765 1897 864 1960 ἵππου
879 1894 896 1960 ό
911 1886 1133 1981 Χατατοόριος
1152 1896 1243 1978 πεζὸς
1262 1895 1404 1977 {dianio

253 1989 307 2051 καί
326 1991 371 2075 τῷ
399 1997 631 2077 στρατηγοῦντι
664 2000 803 2083 παρέστη
831 1996 951 2081 γυμνός
977 1999 1033 2064 καί
1065 1998 1202 2076 ἐλεεινός
1227 2005 1265 2087 τῇ
1293 2026 1364 2066 ποι-

177 2078 195 2091 ”
253 2089 351 2176 ροόση
378 2091 461 2179 τόχη
492 2098 548 2158 καί
577 2100 614 2181 τῇ
643 2100 748 2164 έλπίδι
779 2103 843 2164 τῶν
867 2094 1044 2179 μελλόντων
1070 2103 1184 2168 nands.
1236 2108 1297 2168 τοόν
1330 2106 1360 2168 δ’

252 2180 356 2255 ἄλλων
378 2190 611 2277 συμφυγόντων
642 2198 686 2273 εἰς
707 2198 744 2262 τό
768 2201 823 2284 τῆς
849 2199 987 2286 Ἀδοὶνης
1006 2200 1162 2287 νόστρον,
1186 2206 1219 2268 έν
1249 2195 1275 2292 d
1295 2228 1356 2289 περ

255 2284 271 2353 ,ό
300 2291 452 2374 Διογένης
478 2292 634 2379 έκόθητο,
667 2303 831 2383 πολιορκία
864 2297 923 2384 την
949 2304 1101 2387 τοιαύτην
1137 2303 1230 2369 πόλιν
1261 2306 1361 2390 αἰιρι-

252 2391 317 2469 βῶς
351 2391 529 2469 διεδέξατο·
594 2401 856 2485 περιναθίσαντες
894 2403 954 2486 γόρ
991 2402 1090 2488 αότῆν
1129 2404 1159 2469 οῖ
1187 2404 1266 2494 μετό
1295 2410 1399 2488 torino

250 2487 455 2574 Ἀνδρονίκου
473 2495 631 2579 Ῥωμαῖοι
658 2498 771 2565 σπόνει
796 2505 858 2567 τιόν
880 2505 1061 2589 α’ναγιιαίοον
1092 2506 1166 2583 τοός
1186 2506 1276 2574 ἔνδον
1295 2512 1356 2573 ου’νι

253 2588 299 2663 εἰς
319 2592 438 2676 μικρόν
467 2594 523 2679 τήν
553 2590 691 2695 οἷγωχιλιδν
714 2582 872 2684 ἐνέβαλον..
925 2612 1005 2682 τέως
1025 2592 1139 2673 δ’·οόν
1157 2613 1233 2695 περί
1254 2632 1353 2675 σπον-

253 2689 317 2755 διόν
342 2691 573 2779 διαλεχθέντων
610 2703 780 2788 α’λληλοις,
808 2709 974 2786 συνέδοξεν
1006 2708 1192 2777 όποθέοθαι
1216 2715 1276 2795 μέν
1296 2708 1354 2795 τὴν

250 2792 417 2869 βασιλείαν
439 2797 492 2864 τόν
512 2804 676 2889 Διογένην,
694 2811 939 2874 συναποθέσθαι
963 2811 997 2874 δέ
1018 2814 1074 2877 καί
1093 2810 1151 2897 την
1170 2813 1275 2900 τρίχα,
1287 2816 1353 2878 ’καί

324 2944 528 3021 1.Ταρσίωνλ
618 2956 659 3012 11,
679 2955 730 3013 τόν
751 2974 793 3010 om
813 2960 842 3014 G.
936 2963 977 3015 13.
997 2969 1151 3041 γενομένης
1172 2967 1205 3034 G.¹

133 3128 137 3135 .
229 3080 356 3147 domnino
388 3102 442 3141 non
471 3091 509 3143 ita
537 3093 644 3148 abesset
672 3097 767 3151 Tarsus
796 3099 867 3152 urbs.
907 3103 1005 3155 ‘inviae
1032 3114 1120 3159 autem
1149 3116 1176 3158 et
1194 3123 1304 3177 asperae
1321 3117 1347 3161 ct

220 3162 222 3165 '
250 3158 413 3225 praecipites
441 3169 469 3212 et
493 3164 572 3217 valde
591 3176 720 3235 angustae
737 3172 864 3223 montium
882 3173 987 3239 valles,
1008 3193 1077 3244 quae
1103 3186 1202 3230 terram
1220 3181 1347 3241 deiende-

164 3260 167 3269 ,
249 3224 322 3291 bant,
343 3228 466 3283 Ciliciam
484 3240 538 3286 noir
562 3246 649 3303 aptam
671 3241 818 3294 reddebant
843 3260 932 3312 neque
951 3250 1100 3314 expeditam
1125 3254 1255 3304 exercitui
1269 3254 1347 3304 inva-

250 3298 362 3348 sionem.
401 3304 571 3368 quamohrem
591 3310 669 3359 etiam
698 3313 720 3362 si
738 3314 784 3381 qui
804 3330 838 3365 ex
854 3316 969 3384 Augusti
995 3319 1124 3373 militibus
1144 3326 1279 3376 cacumina
1297 3325 1345 3375 ob-

250 3368 396 3453 timuissent⁸
417 3380 444 3423 et
462 3376 546 3442 magis
571 3380 599 3429 in
623 3381 764 3435 iaculando
792 3394 818 3437 ct
842 3388 954 3454 pedibus
983 3392 1010 3442 in
1036 3394 1206 3446 ascendendo
1225 3393 1371 3463 expediti'

250 3452 304 3489 non
323 3448 456 3506 potuisset
472 3461 587 3515 unquam
611 3452 757 3507 Andronici
785 3461 918 3513 exercitus
946 3462 999 3513 iter
1016 3478 1064 3529 per
1091 3464 1160 3517 baec
1179 3467 1278 3532 iacere,
1296 3468 1346 3518 nisi

251 3511 340 3577 potius
358 3522 430 3565 metu
460 3517 589 3573 militibus
608 3524 723 3577 instante
751 3530 779 3579 in
798 3532 888 3597 fugam
913 3548 943 3584 se
962 3542 1109 3587 verterent.
1146 3554 1199 3605 qua
1217 3547 1301 3590 tsnren
1316 3554 1354 3590 re.

250 3580 376 3666 neglecta
395 3588 544 3654 perieulum
562 3592 701 3648 subierunt
718 3600 842 3669 Augusto
860 3619 913 3657 res.
959 3613 1100 3674 postquam
1119 3610 1189 3659 enim
1206 3612 1344 3679 degressus

252 3660 292 3705 est
311 3670 339 3705 rn
361 3673 480 3727 eampum
499 3669 558 3715 cuni
569 3666 723 3721 Andronico
738 3674 882 3737 exercitus,
902 3674 1071 3730 Chataturius
1086 3695 1230 3748 aggressus
1251 3682 1345 3733 beilum

249 3724 292 3776 bis
312 3727 419 3783 iniecit:
449 3734 496 3785 sed
522 3751 581 3787 eum
599 3754 653 3791 non
671 3742 698 3792 in
717 3741 826 3812 longum
837 3747 1035 3800 extenderetur
1060 3751 1117 3804 eius
1135 3768 1249 3818 aevum,
1274 3752 1344 3821 qussi

251 3796 413 3854 Graecorum
432 3806 505 3859 vires
524 3816 552 3859 et
569 3809 738 3865 multitudine
758 3824 785 3866 et
802 3818 902 3869 virtute
920 3821 1074 3885 superiores
1087 3832 1205 3889 essent,
1224 3824 1343 3892 delapsus

250 3882 319 3949 equo
342 3872 512 3929 Chataturius
538 3881 621 3945 pedes
650 3893 742 3951 captus
771 3896 827 3951 est,
857 3896 884 3938 et
912 3903 1000 3941 coram
1030 3894 1098 3945 duee
1123 3898 1198 3947 stetit
1222 3896 1305 3947 nudus
1319 3903 1345 3945 et

248 3952 330 3989 mrser
348 3942 454 3997 fortuna
468 3948 585 4001 instante
605 3960 631 4004 et
646 3959 847 4022 exspectatione
860 3959 1008 4012 futurorum
1027 3964 1165 4018 malornm.
1185 3984 1244 4019 cum
1262 3975 1343 4019 auten

209 4007 226 4048 N
250 4012 334 4060 ceteri
353 4014 380 4065 in
402 4018 520 4071 Adanam
540 4023 679 4076 castellum
700 4028 840 4096 fugissent,
861 4030 889 4080 in
908 4046 961 4098 quo
979 4034 1116 4103 Augustus
1134 4039 1277 4103 residebat,
1295 4052 1343 4105 op·

249 4084 413 4149 pugnatione
433 4087 501 4140 bane
519 4092 612 4145 urbem
632 4106 705 4149 certo
724 4102 839 4165 accepit.
877 4101 1031 4159 obsidentes
1050 4109 1121 4159 enim
1141 4126 1199 4161 eam
1225 4112 1342 4179 quicum

248 4152 401 4207 Andronico
424 4168 498 4211 erant
512 4161 605 4215 Graeci
625 4168 716 4236 inopia
729 4186 818 4221 rerum
836 4176 1048 4231 necessariarum
1065 4181 1136 4233 intus
1156 4181 1275 4235 inclusos
1291 4183 1348 4231 nrmx

248 4239 332 4291 parvo
352 4226 438 4283 labori
457 4232 617 4291 iniecerunt.
655 4256 714 4293 cum
732 4242 816 4309 igitur
834 4244 867 4295 de
888 4244 997 4301 ioedere
1015 4251 1086 4302 inter
1103 4269 1134 4305 se
1153 4253 1340 4323 colloqueren-
