3017 4892
238 305 312 389 tot
538 317 757 389 uicuseus
785 308 1048 387 amissurae

236 486 365 573 νῆμασι,
385 487 440 572 τῆς
462 491 498 554 δέ
522 487 666 565 νεολαίας
682 490 936 572 ἀπειροπολέμου
957 485 1189 574 καθεστηκάιας
1208 490 1264 551 καί
1285 492 1367 551 τοῦ

237 595 375 672 πολέμου
403 591 618 673 μαχιμώτατα
648 589 703 656 καί
731 592 792 655 τῶν
823 593 1001 671 πολεμικῶν
1036 590 1188 653 κινδύνων
1222 586 1364 663 ἐθάδας

146 763 153 771 ,
237 688 311 766 τούς
333 690 613 775 ἀντιτεταγμένους
635 694 689 757 καί
710 690 946 775 ἀντιβαινοντας
969 690 1116 775 ἐχούσης.
1153 740 1158 743 -

333 790 430 857 Ἀλλά
453 792 505 857 τὸν
519 797 654 876 βασιλέα
670 791 706 858 τὰ
729 795 873 858 τοιοῦτον
891 795 1081 875 συγκύρημα
1102 793 1143 853 ου’
1161 794 1358 876 κατέπληξε.

239 896 422 960 τοάνανιίον
446 896 481 958 δέ
503 884 624 975 μᾶλλον
646 896 717 971 τούς
732 882 930 978 ’ἕναντίουςὴ
956 888 1063 974 ἀθρόα
1086 890 1196 958 τούτου
1217 890 1297 977 ὁρμή
1315 896 1389 956 τεῦ

239 997 295 1059 καί
316 992 440 1079 ἔφοδος,
464 996 639 1078 οἰηθέντας,
662 989 767 1078 ὥσπερ
793 992 924 1077 ὖότερον
944 995 1186 1076 μεμαθήκαμεν,
1207 989 1257 1055 ὅτι
1277 1014 1357 1054 κιν-

239 1094 344 1160 δύνων
366 1086 458 1172 οὗτος
480 1094 497 1159 o‘
516 1089 685 1179 ἅνθρωπος
707 1096 824 1161 οὐδένα
846 1096 1125 1178 λόγον’πεποίηται,
1150 1092 1217 1157 ἀλλ’
1230 1087 1358 1174 Ἀρερς

238 1199 308 1261 έοτι
332 1196 493 1280 φοιτητής,
512 1198 568 1261 καί
590 1197 806 1279 καινοποιὴσει
834 1194 871 1261 τά
890 1195 1073 1276 Ῥωμαίων,
1096 1197 1151 1259 καί
1171 1190 1356 1277 ἀντισηκοά.

175 1326 179 1347 ·
239 1319 290 1359 σει
312 1304 377 1371 τοῖς
397 1298 528 1381 ἐχθροῖς
547 1294 587 1360 τά
610 1299 771 1380 ἐπίχειρα.
814 1293 868 1361 διά
890 1299 994 1360 ταῦτα
1015 1294 1070 1359 καί
1091 1294 1108 1359 o‘
1129 1296 1188 1376 μὲν
1206 1291 1357 1359 σοολτά-

241 1420 293 1471 νος
316 1394 565 1481 σ’πισθόρμητος
582 1400 709 1480 μέμονε,
728 1407 845 1482 μοῖραν
878 1398 913 1461 δέ
934 1421 1004 1461 τινα
1024 1395 1164 1479 μεγάλην
1184 1394 1356 1474 ἀποτεμό-
1369 1402 1407 1453 10
1478 1397 1482 1403 ’

239 1519 346 1577 μενος,
369 1500 423 1561 καί
445 1496 559 1583 ταύτην
582 1501 657 1586 διχῇ
688 1495 821 1579 διελών,
846 1500 892 1574 εἰς
912 1497 969 1580 τὴν
1000 1488 1066 1561 άνιο
1083 1490 1196 1561 Ἀσίαν
1213 1518 1355 1577 στρατο-

240 1595 387 1660 πεδεέειν
408 1600 586 1682 πεποίηται,
605 1596 662 1684 τήν
684 1603 745 1681 μὲν
759 1602 960 1683 βορειοτέραν
978 1601 1034 1680 την
1057 1599 1091 1661 δέ
1112 1594 1187 1679 περί
1204 1594 1242 1659 τά
1257 1594 1354 1661 νότια

241 1701 382 1777 θέμενος.
440 1694 455 1759 ά
481 1700 516 1761 δὲ
534 1699 686 1780 βασιλεὺς
717 1700 891 1780 κατάλογον
919 1695 1148 1781 στρατιωτικὸν
1170 1693 1356 1779 ποιησάμε-

242 1820 316 1875 νος,
347 1800 406 1863 ’καί
427 1800 460 1862 έιι
482 1798 585 1883 πάσης
604 1801 712 1883 χώρας
735 1803 791 1863 καί
825 1800 941 1875 πόλεως
964 1799 1092 1881 νεότητα
1120 1796 1352 1877 συλλεξάμενος

242 1897 298 1961 καί
318 1897 478 1980 ἀξιώμασι
494 1903 548 1963 καί
564 1902 678 1985 δώροις
697 1901 922 1984 ἀναθαρρῆσαι
940 1902 1127 1983 πεποιηκώς,
1150 1900 1205 1961 καί
1217 1899 1258 1961 δι’
1281 1895 1395 1961 sill-15

242 2022 300 2081 you
321 1995 374 2063 τὸν
402 2001 541 2082 ἀριθμὸν
575 2002 637 2066 τῶν
658 1999 824 2085 ταγμάτων
846 1999 1098 2086 ἀναπληρώσας,
1120 2002 1174 2063 καί
1194 1996 1352 2082 λοχαγούς

244 2095 320 2173 τούς
342 2100 492 2179 ἀρίστους
513 2098 634 2188 έκάστρι
655 2102 776 2167 τούτων
796 2106 951 2183 ἐπιμελῶς
973 2106 1244 2186 προστησάμενος,
1266 2122 1353 2179 συμ-

243 2202 338 2281 μίξας
362 2201 396 2263 δέ
409 2200 464 2265 καί
484 2210 550 2276 τοῖς
573 2201 638 2264 ἀπά
660 2205 717 2285 τῆς
735 2198 871 2287 ἑσπέρας
893 2200 1054 2283 ἐλθοῦσιν,
1076 2205 1109 2267 ε’ν
1132 2200 1224 2289 ὀλίγην
1245 2189 1351 2287 χρόνῳ

246 2299 399 2382 στρατιάν
429 2302 605 2385 ἀξιόμαχον
636 2304 871 2386 κατεπράξατο,
893 2306 946 2367 καί
976 2302 1056 2384 μετά
1079 2298 1231 2385 τὀοαάτης
1253 2300 1352 2365 δυνά-

245 2426 330 2483 μεως
360 2402 414 2465 ἐπί
435 2408 566 2487 Πέρσας
597 2400 878 2489 ἑπιστατικοάτερον
910 2396 1056 2488 ἤλαυνεν.
1108 2403 1150 2479 ὥς
1180 2404 1220 2466 δὲ,
1237 2401 1270 2469 τὸ
1291 2407 1395 2484 {io-20

246 2501 407 2587 putrirepas
428 2502 642 2589 στρατόπεδον
663 2509 725 2570 τάν
748 2510 907 2591 Περσῶν,
930 2505 1086 2589 ἐκδρομήν
1107 2529 1178 2569 τινα
1199 2504 1351 2587 πρότερον

246 2604 427 2691 φαντάοαν,
456 2604 552 2684 δόξαν
580 2607 789 2694 ὑποχωρῆσαι
818 2610 852 2672 έκ
872 2610 927 2692 τῆς
947 2609 1003 2671 τοῦ
1023 2610 1178 2689 βασιλέως
1213 2602 1349 2691 προόδου

318 2780 344 2831 2.
363 2793 397 2830 an
411 2778 653 2852 μαχιμωτάτουςλ

249 2944 276 2986 et
294 2933 444 2988 artificiosis
465 2950 498 2986 ex
515 2938 591 3004 equis
617 2936 742 3001 motibus,
769 2937 894 2989 iuventus
910 2944 998 2988 autom
1024 2934 1092 2987 belli
1110 2936 1203 3005 ignara
1227 2942 1298 2989 esset
1323 2944 1349 2988 et

248 3005 331 3128 λιολλρὶ
350 3013 377 3057 et
394 3006 501 3060 bellicis
519 3008 649 3075 periculis
675 3016 796 3061 assuetos
816 3016 843 3060 et
870 3008 1081 3077 pugnacissimos
1104 3006 1217 3060 baberet
1240 3009 1349 3075 opposi-

246 3085 289 3129 tos
332 3086 414 3131 ostes.

920 3146 928 3165 Ι

349 3165 400 3218 Sed
419 3182 511 3237 regern
529 3167 590 3219 talis
612 3184 688 3219 casus
703 3182 759 3218 non
777 3169 892 3233 terruit,
919 3176 1011 3219 contra
1036 3170 1120 3235 magis
1146 3168 1237 3221 hostes
1255 3168 1349 3219 terruit

248 3237 369 3288 assiduus
389 3236 468 3288 buius
487 3238 600 3303 impetus
625 3248 651 3289 et
669 3239 806 3304 incursio,
835 3256 894 3291 cum
913 3248 1056 3309 putarent,
1076 3248 1106 3291 ut
1128 3248 1221 3307 postea
1239 3241 1346 3306 accepi-

248 3322 323 3370 mus,
343 3306 523 3371 periculorum
542 3308 613 3360 bunc
633 3310 766 3361 bominem
784 3311 885 3364 nullam
905 3311 1004 3363 habere
1024 3312 1173 3376 rationem,
1194 3313 1241 3363 sed
1266 3310 1347 3362 belli-

249 3393 340 3429 cusum
361 3391 420 3428 esse
438 3378 566 3429 advenam
586 3388 613 3430 ct
632 3390 792 3433 novaturum
810 3400 853 3435 res
876 3382 990 3435 Graecas
1014 3390 1041 3434 et
1060 3392 1234 3450 aequaturum
1264 3382 1346 3433 besti-

249 3450 298 3501 bus
317 3463 428 3514 poenas.
447 3458 590 3515 propterea
611 3454 689 3503 etiam
711 3454 830 3506 sultanus
847 3455 953 3523 quidem
972 3464 1043 3505 retro
1070 3456 1224 3518 contendit,
1250 3461 1346 3521 partem

251 3528 338 3572 autem
358 3520 488 3587 quandam
504 3537 626 3589 magnam
644 3524 802 3577 abscindens
814 3534 844 3585 et¹
859 3526 927 3577 hano
944 3526 1066 3578 bilariam
1086 3526 1208 3578 dividens
1226 3527 1253 3576 iu
1268 3539 1347 3591 supc-

205 3612 210 3621 ·
229 3570 350 3650 iriorem
367 3590 458 3643 asiam
476 3593 611 3658 proficisci
630 3596 726 3661 iussit,
742 3596 856 3665 alteram¹
871 3599 898 3649 in
917 3597 1181 3664 septentrionalibus,
1200 3594 1308 3649 alteram
1323 3596 1346 3645 in

167 3683 171 3692 ’
250 3662 410 3715 australibus
437 3665 601 3718 constituens
628 3669 793 3736 regionibus.
832 3686 881 3721 rex
906 3678 993 3720 autem
1018 3668 1150 3721 delectum
1169 3668 1282 3720 militum
1307 3668 1346 3716 in-

249 3737 363 3787 stituens
386 3743 412 3785 et
432 3752 464 3787 ex
485 3738 555 3787 omni
575 3746 646 3791 terra
665 3749 693 3791 et
710 3742 776 3793 urbe
795 3743 961 3794 iuventutern
980 3756 1133 3793 convocans
1155 3748 1181 3791 et
1198 3737 1346 3791 muneribus

251 3815 278 3856 ct
296 3807 372 3858 donis
395 3806 489 3859 fortem
517 3809 630 3876 reddens
649 3819 676 3863 et
693 3812 771 3865 brevi
790 3828 927 3865 numerum
946 3813 1065 3863 ordinum
1081 3812 1193 3879 explens
1211 3819 1238 3861 et
1257 3817 1346 3861 centu-

249 3877 340 3927 riones
361 3879 475 3944 optimos
494 3880 639 3949 unicuique
660 3883 753 3935 borum
769 3884 888 3935 studiose
906 3885 1076 3949 praeficiens,
1097 3884 1144 3936 sod
1164 3884 1243 3934 etiam
1255 3881 1346 3932 admis-

251 3961 314 3995 cens
341 3949 512 4000 venientibus
539 3967 572 4001 ex
601 3956 740 4005 occidente
767 3954 922 4016 ordinibus,
958 3955 1035 4006 brevi
1061 3964 1181 4021 tempore
1207 3953 1346 4004 exercitum

250 4032 397 4083 pugnacem
417 4020 534 4072 coniecit
555 4031 659 4075 etcum
680 4034 753 4076 tanta
774 4027 801 4077 vi
829 4032 920 4074 contra
947 4024 1041 4077 Persas
1067 4027 1167 4077 firmius
1195 4024 1346 4091 proficisce-

248 4089 335 4139 batur.
384 4104 441 4139 cum
466 4100 553 4141 antem
581 4096 799 4161 septentrionalis
830 4097 963 4148 exercitus
996 4096 1134 4149 Persarum
1168 4096 1346 4148 excursionem

251 4157 379 4227 quandam
399 4168 476 4211 antea
498 4173 645 4217 monstrans
665 4168 891 4235 exspectationem
918 4170 1061 4221 recedendi
1088 4158 1161 4237 regis
1188 4163 1345 4233 expeditioni
1434 4186 1442 4203 ι

251 4230 401 4298 praeberet,
421 4234 513 4289 statuit
530 4234 581 4286 ianr
599 4238 735 4307 Diogenes
755 4242 783 4293 iu
803 4237 933 4293 australes
947 4242 1076 4305 incidere,
1095 4242 1140 4310 qui
1166 4236 1347 4295 terruncius
