<?xml version="1.0" encoding="UTF-8"?>
<!DOCTYPE html PUBLIC "-//W3C//DTD XHTML 1.0 Transitional//EN"
    "http://www.w3.org/TR/xhtml1/DTD/xhtml1-transitional.dtd">
<html xmlns="http://www.w3.org/1999/xhtml" xml:lang="en" lang="en">
 <head>
  <title>
</title>
<meta http-equiv="Content-Type" content="text/html;charset=utf-8" />
  <meta name='ocr-system' content='tesseract 3.04.00' />
  <meta name='ocr-capabilities' content='ocr_page ocr_carea ocr_par ocr_line ocrx_word'/>
</head>
<body>
  <div class='ocr_page' id='page_1' title='image "./corpusscriptoru06theogoog/corpusscriptoru06theogoog_0093.png"; bbox 0 0 3017 4892; ppageno 0'>
   <div class='ocr_carea' id='block_1_1' title="bbox 593 350 1241 432">
    <p class='ocr_par' dir='ltr' id='par_1_1' title="bbox 593 350 1241 432">
     <span class='ocr_line' id='line_1_1' title="bbox 593 350 1241 432; baseline -0.005 -1"><span class='ocrx_word' id='word_1_1' title='bbox 593 365 804 432; x_wconf 74' lang='lat' dir='ltr'><strong>russeum.</strong></span> <span class='ocrx_word' id='word_1_2' title='bbox 1186 350 1241 428; x_wconf 72' lang='grc' dir='ltr'><strong><em>τό</em></strong></span> 
     </span>
    </p>
   </div>
   <div class='ocr_carea' id='block_1_2' title="bbox 94 520 1340 1717">
    <p class='ocr_par' dir='ltr' id='par_1_2' title="bbox 94 520 1340 1717">
     <span class='ocr_line' id='line_1_2' title="bbox 135 520 1242 610; baseline 0.001 -23"><span class='ocrx_word' id='word_1_3' title='bbox 135 524 230 610; x_wconf 72' lang='grc' dir='ltr'><strong><em>αύτῷ</em></strong></span> <span class='ocrx_word' id='word_1_4' title='bbox 253 525 384 606; x_wconf 73' lang='grc' dir='ltr'><strong><em>βασιλεῖ</em></strong></span> <span class='ocrx_word' id='word_1_5' title='bbox 414 521 538 607; x_wconf 80' lang='grc' dir='ltr'><strong><em>χέχονεν</em></strong></span> <span class='ocrx_word' id='word_1_6' title='bbox 570 523 613 600; x_wconf 80' lang='grc' dir='ltr'><strong>τός</strong></span> <span class='ocrx_word' id='word_1_7' title='bbox 645 524 761 608; x_wconf 82' lang='grc' dir='ltr'><strong><em>μερικὴ</em></strong></span> <span class='ocrx_word' id='word_1_8' title='bbox 787 547 834 599; x_wconf 91' lang='grc' dir='ltr'><strong>τις</strong></span> <span class='ocrx_word' id='word_1_9' title='bbox 862 520 1037 606; x_wconf 81' lang='grc' dir='ltr'><strong><em>δυσβουλία</em></strong></span> <span class='ocrx_word' id='word_1_10' title='bbox 1061 521 1116 589; x_wconf 82' lang='grc' dir='ltr'><strong><em>καί</em></strong></span> <span class='ocrx_word' id='word_1_11' title='bbox 1145 527 1242 589; x_wconf 90' lang='grc' dir='ltr'><strong><em>συνέ-</em></strong></span> 
     </span>
     <span class='ocr_line' id='line_1_3' title="bbox 134 621 1241 710; baseline 0.002 -22"><span class='ocrx_word' id='word_1_12' title='bbox 134 631 246 701; x_wconf 89' lang='grc' dir='ltr'><strong><em>λευσις</em></strong></span> <span class='ocrx_word' id='word_1_13' title='bbox 275 623 469 708; x_wconf 78' lang='grc' dir='ltr'><strong><em>συνετάραξε</em></strong></span> <span class='ocrx_word' id='word_1_14' title='bbox 508 622 542 688; x_wconf 86' lang='grc' dir='ltr'><strong>τό</strong></span> <span class='ocrx_word' id='word_1_15' title='bbox 584 625 740 710; x_wconf 78' lang='grc' dir='ltr'><strong><em>ύπηκοον,</em></strong></span> <span class='ocrx_word' id='word_1_16' title='bbox 769 628 847 709; x_wconf 83' lang='grc' dir='ltr'><strong><em>ου’χί</em></strong></span> <span class='ocrx_word' id='word_1_17' title='bbox 880 623 1023 708; x_wconf 71' lang='grc' dir='ltr'><strong><em>συνθήκη</em></strong></span> <span class='ocrx_word' id='word_1_18' title='bbox 1062 621 1150 707; x_wconf 77' lang='grc' dir='ltr'><strong><em>κοινὴ</em></strong></span> <span class='ocrx_word' id='word_1_19' title='bbox 1186 628 1241 690; x_wconf 82' lang='grc' dir='ltr'><strong><em>καί</em></strong></span> 
     </span>
     <span class='ocr_line' id='line_1_4' title="bbox 137 723 1243 811; baseline -0.001 -22"><span class='ocrx_word' id='word_1_20' title='bbox 137 729 323 810; x_wconf 81' lang='grc' dir='ltr'><strong><em>συχκίνησις</em></strong></span> <span class='ocrx_word' id='word_1_21' title='bbox 352 723 567 806; x_wconf 77' lang='grc' dir='ltr'><strong><em>ἐξεπολέμωσε</em></strong></span> <span class='ocrx_word' id='word_1_22' title='bbox 593 730 722 806; x_wconf 83' lang='grc' dir='ltr'><strong><em>τούτου,</em></strong></span> <span class='ocrx_word' id='word_1_23' title='bbox 755 727 811 792; x_wconf 85' lang='grc' dir='ltr'><strong><em>καί</em></strong></span> <span class='ocrx_word' id='word_1_24' title='bbox 831 729 974 811; x_wconf 89' lang='grc' dir='ltr'><strong><em>θάρσους</em></strong></span> <span class='ocrx_word' id='word_1_25' title='bbox 993 725 1243 809; x_wconf 74' lang='grc' dir='ltr'><strong><em>ἐνεπλήσθησαν,</em></strong></span> 
     </span>
     <span class='ocr_line' id='line_1_5' title="bbox 138 823 1243 912; baseline 0.001 -23"><span class='ocrx_word' id='word_1_26' title='bbox 138 829 189 901; x_wconf 84' lang='grc' dir='ltr'><strong>εἰς</strong></span> <span class='ocrx_word' id='word_1_27' title='bbox 210 823 344 908; x_wconf 76' lang='grc' dir='ltr'><strong><em>ἔρευναν</em></strong></span> <span class='ocrx_word' id='word_1_28' title='bbox 365 823 465 900; x_wconf 91' lang='grc' dir='ltr'><strong><em>εύθύς</em></strong></span> <span class='ocrx_word' id='word_1_29' title='bbox 489 829 636 911; x_wconf 77' lang='grc' dir='ltr'><strong>διανέστη</strong></span> <span class='ocrx_word' id='word_1_30' title='bbox 659 831 714 891; x_wconf 89' lang='grc' dir='ltr'><strong><em>καί</em></strong></span> <span class='ocrx_word' id='word_1_31' title='bbox 740 829 805 892; x_wconf 74' lang='grc' dir='ltr'><strong><em>ταῖν</em></strong></span> <span class='ocrx_word' id='word_1_32' title='bbox 824 831 1060 912; x_wconf 78' lang='grc' dir='ltr'><strong><em>τετολμημένων</em></strong></span> <span class='ocrx_word' id='word_1_33' title='bbox 1084 828 1243 909; x_wconf 73' lang='grc' dir='ltr'><strong><em>ἐκδίκησιν</em></strong></span> 
     </span>
     <span class='ocr_line' id='line_1_6' title="bbox 109 923 1244 1012; baseline 0.002 -26"><span class='ocrx_word' id='word_1_34' title='bbox 109 925 157 989; x_wconf 77' lang='grc' dir='ltr'><strong>ὅό</strong></span> <span class='ocrx_word' id='word_1_35' title='bbox 181 929 317 1009; x_wconf 73' lang='grc' dir='ltr'><strong><em>κρατῶν.</em></strong></span> <span class='ocrx_word' id='word_1_36' title='bbox 369 927 423 990; x_wconf 85' lang='grc' dir='ltr'><strong><em>καί</em></strong></span> <span class='ocrx_word' id='word_1_37' title='bbox 454 929 524 990; x_wconf 84' lang='grc' dir='ltr'><strong><em>έπεί</em></strong></span> <span class='ocrx_word' id='word_1_38' title='bbox 544 932 656 992; x_wconf 78' lang='grc' dir='ltr'><strong><em>λαθεῖν</em></strong></span> <span class='ocrx_word' id='word_1_39' title='bbox 682 929 741 990; x_wconf 87' lang='grc' dir='ltr'><strong>ουίι</strong></span> <span class='ocrx_word' id='word_1_40' title='bbox 766 930 839 1012; x_wconf 83' lang='grc' dir='ltr'><strong><em>όνῆν</em></strong></span> <span class='ocrx_word' id='word_1_41' title='bbox 867 924 943 1002; x_wconf 88' lang='grc' dir='ltr'><strong><em>τούς</em></strong></span> <span class='ocrx_word' id='word_1_42' title='bbox 970 923 1123 992; x_wconf 73' lang='grc' dir='ltr'><strong><em>τοσούτου</em></strong></span> <span class='ocrx_word' id='word_1_43' title='bbox 1145 928 1244 989; x_wconf 85' lang='grc' dir='ltr'><strong><em>κακού</em></strong></span> 
     </span>
     <span class='ocr_line' id='line_1_7' title="bbox 138 1019 1245 1112; baseline 0 -22"><span class='ocrx_word' id='word_1_44' title='bbox 138 1025 368 1110; x_wconf 86' lang='grc' dir='ltr'><strong><em>πρωτερχάτας</em></strong></span> <span class='ocrx_word' id='word_1_45' title='bbox 388 1027 443 1090; x_wconf 86' lang='grc' dir='ltr'><strong><em>καί</em></strong></span> <span class='ocrx_word' id='word_1_46' title='bbox 462 1026 658 1103; x_wconf 81' lang='grc' dir='ltr'><strong><em>στασιαστὰς</em></strong></span> <span class='ocrx_word' id='word_1_47' title='bbox 680 1033 735 1093; x_wconf 83' lang='grc' dir='ltr'><strong><em>καί</em></strong></span> <span class='ocrx_word' id='word_1_48' title='bbox 756 1029 967 1111; x_wconf 88' lang='grc' dir='ltr'><strong><em>συνίστορας,</em></strong></span> <span class='ocrx_word' id='word_1_49' title='bbox 992 1019 1105 1112; x_wconf 74' lang='grc' dir='ltr'><strong><em>ἤγοντο</em></strong></span> <span class='ocrx_word' id='word_1_50' title='bbox 1124 1021 1245 1092; x_wconf 86' lang='grc' dir='ltr'><strong><em>τούτων</em></strong></span> 
     </span>
     <span class='ocr_line' id='line_1_8' title="bbox 142 1121 1245 1214; baseline -0.002 -22"><span class='ocrx_word' id='word_1_51' title='bbox 142 1121 289 1210; x_wconf 89' lang='grc' dir='ltr'><strong>συχνοί,Ι</strong></span> <span class='ocrx_word' id='word_1_52' title='bbox 307 1132 363 1192; x_wconf 88' lang='grc' dir='ltr'><strong><em>καί</em></strong></span> <span class='ocrx_word' id='word_1_53' title='bbox 388 1127 613 1210; x_wconf 77' lang='grc' dir='ltr'><strong><em>καθοσιάσεως</em></strong></span> <span class='ocrx_word' id='word_1_54' title='bbox 641 1131 685 1204; x_wconf 82' lang='grc' dir='ltr'><strong>εἰς</strong></span> <span class='ocrx_word' id='word_1_55' title='bbox 716 1131 851 1209; x_wconf 81' lang='grc' dir='ltr'><strong><em>βασιλέα</em></strong></span> <span class='ocrx_word' id='word_1_56' title='bbox 874 1132 1053 1214; x_wconf 78' lang='grc' dir='ltr'><strong><em>φερομένης</em></strong></span> <span class='ocrx_word' id='word_1_57' title='bbox 1074 1129 1245 1209; x_wconf 77' lang='grc' dir='ltr'><strong><em>ἐκρίνοντο.</em></strong></span> 
     </span>
     <span class='ocr_line' id='line_1_9' title="bbox 141 1214 1246 1323; baseline 0 -33"><span class='ocrx_word' id='word_1_58' title='bbox 141 1230 200 1290; x_wconf 84' lang='grc' dir='ltr'><strong><em>καί</em></strong></span> <span class='ocrx_word' id='word_1_59' title='bbox 222 1224 251 1291; x_wconf 84' lang='grc' dir='ltr'><strong>οἱ</strong></span> <span class='ocrx_word' id='word_1_60' title='bbox 272 1226 495 1323; x_wconf 39' lang='grc' dir='ltr'><strong><em>μὲνιεῖρκταῖς</em></strong></span> <span class='ocrx_word' id='word_1_61' title='bbox 518 1230 696 1312; x_wconf 89' lang='grc' dir='ltr'><strong><em>δημοσιάις,</em></strong></span> <span class='ocrx_word' id='word_1_62' title='bbox 720 1227 750 1292; x_wconf 81' lang='lat' dir='ltr'><strong>ot</strong></span> <span class='ocrx_word' id='word_1_63' title='bbox 774 1232 809 1293; x_wconf 80' lang='grc' dir='ltr'><strong>δὲ</strong></span> <span class='ocrx_word' id='word_1_64' title='bbox 828 1214 993 1309; x_wconf 80' lang='grc' dir='ltr'><strong><em>άμειδέσιν</em></strong></span> <span class='ocrx_word' id='word_1_65' title='bbox 1007 1229 1156 1301; x_wconf 87' lang='grc' dir='ltr'><strong><em>οἰκίσκοις</em></strong></span> <span class='ocrx_word' id='word_1_66' title='bbox 1177 1226 1246 1290; x_wconf 85' lang='grc' dir='ltr'><strong><em>ε’δί-</em></strong></span> 
     </span>
     <span class='ocr_line' id='line_1_10' title="bbox 143 1319 1248 1407; baseline 0 -17"><span class='ocrx_word' id='word_1_67' title='bbox 143 1329 247 1393; x_wconf 91' lang='grc' dir='ltr'><strong><em>δυντο.</em></strong></span> <span class='ocrx_word' id='word_1_68' title='bbox 292 1319 382 1391; x_wconf 76' lang='grc' dir='ltr'><strong><em>ἄλλοι</em></strong></span> <span class='ocrx_word' id='word_1_69' title='bbox 406 1331 441 1392; x_wconf 81' lang='grc' dir='ltr'><strong>δέ</strong></span> <span class='ocrx_word' id='word_1_70' title='bbox 462 1324 583 1392; x_wconf 88' lang='grc' dir='ltr'><strong><em>τούτων</em></strong></span> <span class='ocrx_word' id='word_1_71' title='bbox 606 1328 662 1395; x_wconf 87' lang='grc' dir='ltr'><strong>τόν</strong></span> <span class='ocrx_word' id='word_1_72' title='bbox 684 1328 824 1396; x_wconf 87' lang='grc' dir='ltr'><strong><em>θάνατον</em></strong></span> <span class='ocrx_word' id='word_1_73' title='bbox 846 1332 986 1395; x_wconf 82' lang='grc' dir='ltr'><strong><em>ε’κκλίναι</em></strong></span> <span class='ocrx_word' id='word_1_74' title='bbox 1007 1325 1248 1407; x_wconf 67' lang='grc' dir='ltr'><strong><em>σπουδάζοντες,</em></strong></span> 
     </span>
     <span class='ocr_line' id='line_1_11' title="bbox 94 1424 1248 1516; baseline 0.004 -29"><span class='ocrx_word' id='word_1_75' title='bbox 94 1435 130 1490; x_wconf 87' lang='grc'><strong>10</strong></span> <span class='ocrx_word' id='word_1_76' title='bbox 143 1427 353 1510; x_wconf 73' lang='grc' dir='ltr'><strong><em>ὑποσχέσεσιν</em></strong></span> <span class='ocrx_word' id='word_1_77' title='bbox 376 1426 561 1513; x_wconf 80' lang='grc' dir='ltr'><strong><em>ἐλευθερίας</em></strong></span> <span class='ocrx_word' id='word_1_78' title='bbox 582 1429 772 1516; x_wconf 84' lang='grc' dir='ltr'><strong><em>σαινόμενοι,</em></strong></span> <span class='ocrx_word' id='word_1_79' title='bbox 803 1428 991 1516; x_wconf 86' lang='grc' dir='ltr'><strong><em>προεδίδουν</em></strong></span> <span class='ocrx_word' id='word_1_80' title='bbox 1011 1424 1148 1512; x_wconf 76' lang='grc' dir='ltr'><strong><em>ἑτέρους.</em></strong></span> <span class='ocrx_word' id='word_1_81' title='bbox 1192 1428 1248 1492; x_wconf 89' lang='grc' dir='ltr'><strong><em>καί</em></strong></span> 
     </span>
     <span class='ocr_line' id='line_1_12' title="bbox 141 1521 1246 1614; baseline -0.002 -23"><span class='ocrx_word' id='word_1_82' title='bbox 141 1530 217 1592; x_wconf 87' lang='grc' dir='ltr'><strong><em>καθ’</em></strong></span> <span class='ocrx_word' id='word_1_83' title='bbox 249 1521 384 1614; x_wconf 72' lang='grc' dir='ltr'><strong><em>ἑκάστην</em></strong></span> <span class='ocrx_word' id='word_1_84' title='bbox 414 1529 687 1612; x_wconf 79' lang='grc' dir='ltr'><strong><em>συνελαμβάνοντο</em></strong></span> <span class='ocrx_word' id='word_1_85' title='bbox 717 1534 849 1614; x_wconf 89' lang='grc' dir='ltr'><strong><em>συχνοί,</em></strong></span> <span class='ocrx_word' id='word_1_86' title='bbox 878 1529 933 1594; x_wconf 87' lang='grc' dir='ltr'><strong><em>καί</em></strong></span> <span class='ocrx_word' id='word_1_87' title='bbox 961 1528 1061 1614; x_wconf 82' lang='grc' dir='ltr'><strong><em>φόβος</em></strong></span> <span class='ocrx_word' id='word_1_88' title='bbox 1082 1522 1150 1608; x_wconf 81' lang='grc' dir='ltr'><strong><em>εἶχε</em></strong></span> <span class='ocrx_word' id='word_1_89' title='bbox 1171 1524 1246 1600; x_wconf 87' lang='grc' dir='ltr'><strong><em>τούς</em></strong></span> 
     </span>
     <span class='ocr_line' id='line_1_13' title="bbox 142 1619 1340 1717; baseline 0 -27"><span class='ocrx_word' id='word_1_90' title='bbox 142 1634 309 1705; x_wconf 85' lang='grc' dir='ltr'><strong><em>πλείστους</em></strong></span> <span class='ocrx_word' id='word_1_91' title='bbox 331 1631 383 1694; x_wconf 81' lang='grc' dir='ltr'><strong>ἵνα</strong></span> <span class='ocrx_word' id='word_1_92' title='bbox 405 1629 448 1712; x_wconf 80' lang='grc' dir='ltr'><strong>μὴ</strong></span> <span class='ocrx_word' id='word_1_93' title='bbox 471 1635 682 1717; x_wconf 84' lang='grc' dir='ltr'><strong><em>συλληφθεόσι</em></strong></span> <span class='ocrx_word' id='word_1_94' title='bbox 700 1629 978 1716; x_wconf 76' lang='grc' dir='ltr'><strong><em>κατηγορούμεναι.</em></strong></span> <span class='ocrx_word' id='word_1_95' title='bbox 1021 1632 1100 1701; x_wconf 82' lang='grc' dir='ltr'><strong><em>τέως</em></strong></span> <span class='ocrx_word' id='word_1_96' title='bbox 1122 1627 1158 1690; x_wconf 75' lang='grc' dir='ltr'><strong>δέ</strong></span> <span class='ocrx_word' id='word_1_97' title='bbox 1177 1619 1244 1706; x_wconf 82' lang='grc' dir='ltr'><strong><em>μα·</em></strong></span> <span class='ocrx_word' id='word_1_98' title='bbox 1329 1671 1340 1684; x_wconf 80' lang='lat'><strong>.</strong></span> 
     </span>
    </p>
   </div>
   <div class='ocr_carea' id='block_1_3' title="bbox 141 1724 1381 1828">
    <p class='ocr_par' dir='ltr' id='par_1_3' title="bbox 141 1724 1381 1828">
     <span class='ocr_line' id='line_1_14' title="bbox 141 1724 1381 1828; baseline -0.004 -35"><span class='ocrx_word' id='word_1_99' title='bbox 141 1733 297 1811; x_wconf 81' lang='grc' dir='ltr'><strong><em>στιχύσας</em></strong></span> <span class='ocrx_word' id='word_1_100' title='bbox 319 1728 442 1794; x_wconf 87' lang='grc' dir='ltr'><strong><em>τούτων</em></strong></span> <span class='ocrx_word' id='word_1_101' title='bbox 462 1732 552 1803; x_wconf 84' lang='grc' dir='ltr'><strong><em>τινάς</em></strong></span> <span class='ocrx_word' id='word_1_102' title='bbox 579 1731 596 1792; x_wconf 89' lang='grc' dir='ltr'><strong><em>ό</em></strong></span> <span class='ocrx_word' id='word_1_103' title='bbox 619 1735 755 1812; x_wconf 76' lang='grc' dir='ltr'><strong><em>κρατῶν,</em></strong></span> <span class='ocrx_word' id='word_1_104' title='bbox 779 1728 836 1793; x_wconf 88' lang='grc' dir='ltr'><strong><em>καί</em></strong></span> <span class='ocrx_word' id='word_1_105' title='bbox 857 1730 903 1803; x_wconf 90' lang='grc' dir='ltr'><strong>είς</strong></span> <span class='ocrx_word' id='word_1_106' title='bbox 924 1730 994 1812; x_wconf 73' lang='grc' dir='ltr'><strong><em>κριός</em></strong></span> <span class='ocrx_word' id='word_1_107' title='bbox 1015 1725 1091 1802; x_wconf 83' lang='grc' dir='ltr'><strong><em>τούς</em></strong></span> <span class='ocrx_word' id='word_1_108' title='bbox 1112 1724 1246 1807; x_wconf 79' lang='grc' dir='ltr'><strong><em>ίπιβοό-</em></strong></span> <span class='ocrx_word' id='word_1_109' title='bbox 1321 1758 1324 1763; x_wconf 91' lang='grc'><strong><em>·</em></strong></span> <span class='ocrx_word' id='word_1_110' title='bbox 1369 1813 1381 1828; x_wconf 72' lang='lat'>,</span> 
     </span>
    </p>
   </div>
   <div class='ocr_carea' id='block_1_4' title="bbox 53 1823 1277 2812">
    <p class='ocr_par' dir='ltr' id='par_1_4' title="bbox 99 1823 1270 2016">
     <span class='ocr_line' id='line_1_15' title="bbox 144 1823 1270 1913; baseline -0.002 -22"><span class='ocrx_word' id='word_1_111' title='bbox 144 1834 219 1904; x_wconf 87' lang='grc' dir='ltr'><strong><em>λους</em></strong></span> <span class='ocrx_word' id='word_1_112' title='bbox 241 1828 431 1911; x_wconf 75' lang='grc' dir='ltr'><strong><em>προαγαγών</em></strong></span> <span class='ocrx_word' id='word_1_113' title='bbox 453 1831 529 1893; x_wconf 82' lang='grc' dir='ltr'><strong><em>ούδὲ</em></strong></span> <span class='ocrx_word' id='word_1_114' title='bbox 547 1832 620 1913; x_wconf 85' lang='grc' dir='ltr'><strong><em>πρίν</em></strong></span> <span class='ocrx_word' id='word_1_115' title='bbox 641 1830 872 1912; x_wconf 76' lang='grc' dir='ltr'><strong><em>οἷἠνοουμένους</em></strong></span> <span class='ocrx_word' id='word_1_116' title='bbox 895 1828 949 1893; x_wconf 83' lang='grc' dir='ltr'><strong><em>διά</em></strong></span> <span class='ocrx_word' id='word_1_117' title='bbox 969 1828 1003 1892; x_wconf 89' lang='grc' dir='ltr'><strong>τό</strong></span> <span class='ocrx_word' id='word_1_118' title='bbox 1017 1828 1190 1910; x_wconf 72' lang='grc' dir='ltr'><strong><em>ἐκραγῆναι</em></strong></span> <span class='ocrx_word' id='word_1_119' title='bbox 1210 1823 1270 1889; x_wconf 82' lang='grc' dir='ltr'><strong>ιδ’</strong></span> 
     </span>
     <span class='ocr_line' id='line_1_16' title="bbox 99 1927 1249 2016; baseline 0.001 -26"><span class='ocrx_word' id='word_1_120' title='bbox 99 1951 132 2002; x_wconf 82' lang='lat'><strong>15</strong></span> <span class='ocrx_word' id='word_1_121' title='bbox 146 1927 372 2008; x_wconf 77' lang='grc' dir='ltr'><strong><em>μελετώμενον,</em></strong></span> <span class='ocrx_word' id='word_1_122' title='bbox 397 1933 482 2016; x_wconf 77' lang='grc' dir='ltr'><strong>φυγῇ</strong></span> <span class='ocrx_word' id='word_1_123' title='bbox 505 1928 637 2004; x_wconf 85' lang='grc' dir='ltr'><strong><em>τούτους</em></strong></span> <span class='ocrx_word' id='word_1_124' title='bbox 659 1932 713 1994; x_wconf 87' lang='grc' dir='ltr'><strong><em>καί</em></strong></span> <span class='ocrx_word' id='word_1_125' title='bbox 736 1931 891 2013; x_wconf 86' lang='grc' dir='ltr'><strong><em>δημεύσει</em></strong></span> <span class='ocrx_word' id='word_1_126' title='bbox 912 1930 1163 2012; x_wconf 77' lang='grc' dir='ltr'><strong><em>προσεξημίουσε,</em></strong></span> <span class='ocrx_word' id='word_1_127' title='bbox 1182 1949 1249 2009; x_wconf 86' lang='grc' dir='ltr'><strong>μη-</strong></span> 
     </span>
    </p>

    <p class='ocr_par' dir='ltr' id='par_1_5' title="bbox 146 2018 1247 2114">
     <span class='ocr_line' id='line_1_17' title="bbox 146 2018 1247 2114; baseline -0.002 -20"><span class='ocrx_word' id='word_1_128' title='bbox 146 2033 221 2095; x_wconf 85' lang='grc' dir='ltr'><strong><em>δένα</em></strong></span> <span class='ocrx_word' id='word_1_129' title='bbox 246 2032 287 2093; x_wconf 88' lang='grc' dir='ltr'><strong><em>δι’</em></strong></span> <span class='ocrx_word' id='word_1_130' title='bbox 311 2029 443 2111; x_wconf 82' lang='grc' dir='ltr'><strong><em>αἳματος</em></strong></span> <span class='ocrx_word' id='word_1_131' title='bbox 464 2030 711 2114; x_wconf 75' lang='grc' dir='ltr'><strong><em>τιμωρήσασθαι</em></strong></span> <span class='ocrx_word' id='word_1_132' title='bbox 735 2018 968 2114; x_wconf 84' lang='grc' dir='ltr'><strong><em>α’νασχόμενος,</em></strong></span> <span class='ocrx_word' id='word_1_133' title='bbox 1001 2029 1072 2093; x_wconf 76' lang='grc' dir='ltr'><strong><em>ἀλλ’</em></strong></span> <span class='ocrx_word' id='word_1_134' title='bbox 1094 2026 1247 2110; x_wconf 81' lang='grc' dir='ltr'><strong><em>εύιμύχως</em></strong></span> 
     </span>
    </p>

    <p class='ocr_par' dir='ltr' id='par_1_6' title="bbox 143 2124 1245 2221">
     <span class='ocr_line' id='line_1_18' title="bbox 143 2124 1245 2221; baseline -0.003 -27"><span class='ocrx_word' id='word_1_135' title='bbox 143 2129 204 2221; x_wconf 74' lang='grc' dir='ltr'><strong>την</strong></span> <span class='ocrx_word' id='word_1_136' title='bbox 228 2133 396 2212; x_wconf 86' lang='grc' dir='ltr'><strong><em>παροινίαν</em></strong></span> <span class='ocrx_word' id='word_1_137' title='bbox 429 2129 483 2193; x_wconf 89' lang='grc' dir='ltr'><strong><em>καί</em></strong></span> <span class='ocrx_word' id='word_1_138' title='bbox 509 2130 721 2214; x_wconf 76' lang='grc' dir='ltr'><strong><em>μετριώτερον</em></strong></span> <span class='ocrx_word' id='word_1_139' title='bbox 752 2128 895 2213; x_wconf 79' lang='grc' dir='ltr'><strong><em>όνεχιιοόν.</em></strong></span> <span class='ocrx_word' id='word_1_140' title='bbox 938 2127 999 2213; x_wconf 87' lang='grc' dir='ltr'><strong><em>πρό</em></strong></span> <span class='ocrx_word' id='word_1_141' title='bbox 1024 2131 1060 2192; x_wconf 81' lang='grc' dir='ltr'><strong>δέ</strong></span> <span class='ocrx_word' id='word_1_142' title='bbox 1081 2124 1245 2192; x_wconf 85' lang='grc' dir='ltr'><strong><em>πόντωνό</em></strong></span> 
     </span>
    </p>

    <p class='ocr_par' dir='ltr' id='par_1_7' title="bbox 142 2223 1245 2314">
     <span class='ocr_line' id='line_1_19' title="bbox 142 2223 1245 2314; baseline -0.003 -22"><span class='ocrx_word' id='word_1_143' title='bbox 142 2231 306 2314; x_wconf 84' lang='grc' dir='ltr'><strong><em>εἰρημένος</em></strong></span> <span class='ocrx_word' id='word_1_144' title='bbox 324 2225 475 2313; x_wconf 77' lang='grc' dir='ltr'><strong><em>ἔπαρχος,</em></strong></span> <span class='ocrx_word' id='word_1_145' title='bbox 498 2228 679 2306; x_wconf 86' lang='grc' dir='ltr'><strong><em>συνειδότος</em></strong></span> <span class='ocrx_word' id='word_1_146' title='bbox 701 2229 926 2314; x_wconf 83' lang='grc' dir='ltr'><strong><em>κατηγορηθείς</em></strong></span> <span class='ocrx_word' id='word_1_147' title='bbox 941 2229 996 2292; x_wconf 90' lang='grc' dir='ltr'><strong><em>καί</em></strong></span> <span class='ocrx_word' id='word_1_148' title='bbox 1013 2229 1146 2312; x_wconf 88' lang='grc' dir='ltr'><strong><em>κριθείς,</em></strong></span> <span class='ocrx_word' id='word_1_149' title='bbox 1167 2223 1245 2290; x_wconf 71' lang='lat' dir='ltr'><strong>dne.</strong></span> 
     </span>
    </p>

    <p class='ocr_par' dir='ltr' id='par_1_8' title="bbox 53 2323 1277 2812">
     <span class='ocr_line' id='line_1_20' title="bbox 143 2323 1277 2418; baseline -0.002 -26"><span class='ocrx_word' id='word_1_150' title='bbox 143 2333 235 2418; x_wconf 81' lang='grc' dir='ltr'><strong><em>ρορίρ</em></strong></span> <span class='ocrx_word' id='word_1_151' title='bbox 259 2331 312 2392; x_wconf 88' lang='grc' dir='ltr'><strong><em>καί</em></strong></span> <span class='ocrx_word' id='word_1_152' title='bbox 325 2329 473 2413; x_wconf 85' lang='grc' dir='ltr'><strong><em>δημεύσει</em></strong></span> <span class='ocrx_word' id='word_1_153' title='bbox 494 2329 575 2394; x_wconf 88' lang='grc' dir='ltr'><strong><em>κατά</em></strong></span> <span class='ocrx_word' id='word_1_154' title='bbox 592 2329 648 2413; x_wconf 75' lang='grc' dir='ltr'><strong>τὴν</strong></span> <span class='ocrx_word' id='word_1_155' title='bbox 670 2328 772 2415; x_wconf 79' lang='grc' dir='ltr'><strong><em>αότὴν</em></strong></span> <span class='ocrx_word' id='word_1_156' title='bbox 794 2331 915 2414; x_wconf 75' lang='grc' dir='ltr'><strong><em>ἡμέραν</em></strong></span> <span class='ocrx_word' id='word_1_157' title='bbox 930 2334 987 2413; x_wconf 82' lang='grc' dir='ltr'><strong>τῆς</strong></span> <span class='ocrx_word' id='word_1_158' title='bbox 1000 2331 1146 2411; x_wconf 82' lang='grc' dir='ltr'><strong><em>ταραχῆς</em></strong></span> <span class='ocrx_word' id='word_1_159' title='bbox 1168 2323 1245 2391; x_wconf 80' lang='grc' dir='ltr'><strong><em>όπε·</em></strong></span> <span class='ocrx_word' id='word_1_160' title='bbox 1274 2327 1277 2332; x_wconf 75' lang='grc'><strong>’</strong></span> 
     </span>
     <span class='ocr_line' id='line_1_21' title="bbox 53 2425 1247 2514; baseline -0.006 -14"><span class='ocrx_word' id='word_1_161' title='bbox 53 2447 55 2454; x_wconf 87' lang='grc'><strong>“</strong></span> <span class='ocrx_word' id='word_1_162' title='bbox 98 2430 263 2514; x_wconf 69' lang='grc' dir='ltr'><strong><em>λοβλήθη,</em></strong></span> <span class='ocrx_word' id='word_1_163' title='bbox 295 2427 405 2495; x_wconf 72' lang='lat' dir='ltr'><strong>otardo</strong></span> <span class='ocrx_word' id='word_1_164' title='bbox 433 2433 493 2512; x_wconf 78' lang='grc' dir='ltr'><strong><em>μέν</em></strong></span> <span class='ocrx_word' id='word_1_165' title='bbox 513 2433 556 2506; x_wconf 88' lang='grc' dir='ltr'><strong>είς</strong></span> <span class='ocrx_word' id='word_1_166' title='bbox 588 2429 628 2496; x_wconf 87' lang='grc' dir='ltr'><strong>τά</strong></span> <span class='ocrx_word' id='word_1_167' title='bbox 649 2437 797 2514; x_wconf 83' lang='grc' dir='ltr'><strong><em>βασιλεια</em></strong></span> <span class='ocrx_word' id='word_1_168' title='bbox 827 2425 870 2506; x_wconf 83' lang='grc' dir='ltr'><strong>τός</strong></span> <span class='ocrx_word' id='word_1_169' title='bbox 894 2457 925 2496; x_wconf 88' lang='grc' dir='ltr'><strong>τι</strong></span> <span class='ocrx_word' id='word_1_170' title='bbox 946 2433 1008 2497; x_wconf 74' lang='grc' dir='ltr'><strong><em>ταῖν</em></strong></span> <span class='ocrx_word' id='word_1_171' title='bbox 1030 2431 1165 2495; x_wconf 85' lang='grc' dir='ltr'><strong><em>δεόντων</em></strong></span> <span class='ocrx_word' id='word_1_172' title='bbox 1186 2452 1247 2493; x_wconf 84' lang='grc' dir='ltr'><strong><em>κα-</em></strong></span> 
     </span>
     <span class='ocr_line' id='line_1_22' title="bbox 144 2529 1247 2618; baseline -0.003 -21"><span class='ocrx_word' id='word_1_173' title='bbox 144 2529 313 2614; x_wconf 84' lang='grc' dir='ltr'><strong><em>τορθωκιός</em></strong></span> <span class='ocrx_word' id='word_1_174' title='bbox 336 2531 391 2597; x_wconf 85' lang='grc' dir='ltr'><strong><em>καί</em></strong></span> <span class='ocrx_word' id='word_1_175' title='bbox 409 2530 444 2597; x_wconf 85' lang='grc' dir='ltr'><strong>τό</strong></span> <span class='ocrx_word' id='word_1_176' title='bbox 467 2533 639 2615; x_wconf 79' lang='grc' dir='ltr'><strong><em>στασιάζον</em></strong></span> <span class='ocrx_word' id='word_1_177' title='bbox 671 2531 890 2615; x_wconf 86' lang='grc' dir='ltr'><strong><em>κατευνακυός,</em></strong></span> <span class='ocrx_word' id='word_1_178' title='bbox 920 2533 1113 2618; x_wconf 69' lang='grc' dir='ltr'><strong><em>ἀφαιρεθείς</em></strong></span> <span class='ocrx_word' id='word_1_179' title='bbox 1134 2532 1170 2594; x_wconf 77' lang='grc' dir='ltr'><strong>δὲ</strong></span> <span class='ocrx_word' id='word_1_180' title='bbox 1190 2529 1247 2615; x_wconf 74' lang='grc' dir='ltr'><strong>τὴν</strong></span> 
     </span>
     <span class='ocr_line' id='line_1_23' title="bbox 146 2628 1247 2720; baseline 0.004 -26"><span class='ocrx_word' id='word_1_181' title='bbox 146 2628 247 2716; x_wconf 75' lang='grc' dir='ltr'><strong><em>ζώνην</em></strong></span> <span class='ocrx_word' id='word_1_182' title='bbox 270 2635 325 2697; x_wconf 90' lang='grc' dir='ltr'><strong><em>καί</em></strong></span> <span class='ocrx_word' id='word_1_183' title='bbox 352 2631 391 2696; x_wconf 88' lang='grc' dir='ltr'><strong>τά</strong></span> <span class='ocrx_word' id='word_1_184' title='bbox 420 2632 595 2720; x_wconf 89' lang='grc' dir='ltr'><strong><em>παράσημα</em></strong></span> <span class='ocrx_word' id='word_1_185' title='bbox 625 2640 682 2702; x_wconf 85' lang='grc' dir='ltr'><strong><em>καί</em></strong></span> <span class='ocrx_word' id='word_1_186' title='bbox 708 2636 896 2720; x_wconf 87' lang='grc' dir='ltr'><strong><em>κατάκριτος</em></strong></span> <span class='ocrx_word' id='word_1_187' title='bbox 925 2631 1171 2718; x_wconf 77' lang='grc' dir='ltr'><strong><em>α’προσδοκητως</em></strong></span> <span class='ocrx_word' id='word_1_188' title='bbox 1193 2653 1247 2714; x_wconf 81' lang='grc' dir='ltr'><strong>χε-</strong></span> 
     </span>
     <span class='ocr_line' id='line_1_24' title="bbox 147 2753 284 2812; baseline 0 -16"><span class='ocrx_word' id='word_1_189' title='bbox 147 2753 284 2812; x_wconf 85' lang='grc' dir='ltr'><strong><em>νομενος.</em></strong></span> 
     </span>
    </p>
   </div>
   <div class='ocr_carea' id='block_1_5' title="bbox 215 2812 785 2930">
    <p class='ocr_par' dir='ltr' id='par_1_9' title="bbox 215 2812 785 2930">
     <span class='ocr_line' id='line_1_25' title="bbox 457 2812 476 2838; baseline 0 -3"><span class='ocrx_word' id='word_1_190' title='bbox 457 2812 476 2838; x_wconf 62' lang='lat' dir='ltr'>U</span> 
     </span>
     <span class='ocr_line' id='line_1_26' title="bbox 215 2866 785 2930; baseline 0.014 -12"><span class='ocrx_word' id='word_1_191' title='bbox 215 2868 240 2918; x_wconf 81' lang='lat'><strong>3.</strong></span> <span class='ocrx_word' id='word_1_192' title='bbox 260 2867 364 2923; x_wconf 79' lang='grc' dir='ltr'><strong><em>τοῦτυλ</em></strong></span> <span class='ocrx_word' id='word_1_193' title='bbox 470 2871 495 2922; x_wconf 84' lang='grc'><strong>5.</strong></span> <span class='ocrx_word' id='word_1_194' title='bbox 518 2869 673 2930; x_wconf 81' lang='grc' dir='ltr'><strong><em>τοσούτους</em></strong></span> <span class='ocrx_word' id='word_1_195' title='bbox 693 2869 722 2925; x_wconf 76' lang='grc' dir='ltr'><strong>(λ.</strong></span> <span class='ocrx_word' id='word_1_196' title='bbox 781 2866 785 2874; x_wconf 83' lang='grc'><em>’</em></span> 
     </span>
    </p>
   </div>
   <div class='ocr_carea' id='block_1_6' title="bbox 142 2971 1262 4344">
    <p class='ocr_par' dir='ltr' id='par_1_10' title="bbox 142 2971 1262 4344">
     <span class='ocr_line' id='line_1_27' title="bbox 147 2971 1245 3064; baseline 0.002 -25"><span class='ocrx_word' id='word_1_197' title='bbox 147 2989 216 3040; x_wconf 87' lang='lat' dir='ltr'><strong>hunc</strong></span> <span class='ocrx_word' id='word_1_198' title='bbox 235 2994 335 3042; x_wconf 85' lang='lat' dir='ltr'><strong>aestum</strong></span> <span class='ocrx_word' id='word_1_199' title='bbox 356 2997 382 3041; x_wconf 92' lang='lat' dir='ltr'><strong>et</strong></span> <span class='ocrx_word' id='word_1_200' title='bbox 402 2993 508 3044; x_wconf 89' lang='lat' dir='ltr'><strong>omniuo</strong></span> <span class='ocrx_word' id='word_1_201' title='bbox 528 3007 682 3060; x_wconf 86' lang='lat' dir='ltr'><strong>persuasum</strong></span> <span class='ocrx_word' id='word_1_202' title='bbox 703 3002 743 3045; x_wconf 86' lang='lat' dir='ltr'><strong>est</strong></span> <span class='ocrx_word' id='word_1_203' title='bbox 760 2994 844 3063; x_wconf 81' lang='lat' dir='ltr'><strong>reglis</strong></span> <span class='ocrx_word' id='word_1_204' title='bbox 863 3001 891 3046; x_wconf 86' lang='lat' dir='ltr'><strong>et</strong></span> <span class='ocrx_word' id='word_1_205' title='bbox 908 2995 966 3064; x_wconf 73' lang='lat' dir='ltr'><strong>regi</strong></span> <span class='ocrx_word' id='word_1_206' title='bbox 983 2971 1045 3063; x_wconf 70' lang='lat' dir='ltr'><strong>ipsi,</strong></span> <span class='ocrx_word' id='word_1_207' title='bbox 1063 2993 1145 3059; x_wconf 79' lang='lat' dir='ltr'><strong>pertis</strong></span> <span class='ocrx_word' id='word_1_208' title='bbox 1158 3006 1245 3060; x_wconf 88' lang='lat' dir='ltr'><strong>quan.</strong></span> 
     </span>
     <span class='ocr_line' id='line_1_28' title="bbox 147 3060 1245 3136; baseline 0.005 -24"><span class='ocrx_word' id='word_1_209' title='bbox 147 3061 202 3112; x_wconf 91' lang='lat' dir='ltr'><strong>dam</strong></span> <span class='ocrx_word' id='word_1_210' title='bbox 221 3060 437 3114; x_wconf 83' lang='lat' dir='ltr'><strong>malevolentiam</strong></span> <span class='ocrx_word' id='word_1_211' title='bbox 458 3073 484 3115; x_wconf 93' lang='lat' dir='ltr'><strong>et</strong></span> <span class='ocrx_word' id='word_1_212' title='bbox 504 3067 727 3132; x_wconf 84' lang='lat' dir='ltr'><strong>conspirationem</strong></span> <span class='ocrx_word' id='word_1_213' title='bbox 745 3066 867 3118; x_wconf 84' lang='lat' dir='ltr'><strong>turbasse</strong></span> <span class='ocrx_word' id='word_1_214' title='bbox 892 3067 1036 3128; x_wconf 86' lang='lat' dir='ltr'><strong>subiectos,</strong></span> <span class='ocrx_word' id='word_1_215' title='bbox 1065 3079 1154 3136; x_wconf 88' lang='lat' dir='ltr'><strong>neque</strong></span> <span class='ocrx_word' id='word_1_216' title='bbox 1179 3077 1245 3117; x_wconf 86' lang='lat' dir='ltr'><strong>vero</strong></span> 
     </span>
     <span class='ocr_line' id='line_1_29' title="bbox 146 3133 1246 3204; baseline 0.002 -23"><span class='ocrx_word' id='word_1_217' title='bbox 146 3133 296 3198; x_wconf 77' lang='lat' dir='ltr'>pactionem</span> <span class='ocrx_word' id='word_1_218' title='bbox 316 3149 480 3204; x_wconf 88' lang='lat' dir='ltr'><strong>communem</strong></span> <span class='ocrx_word' id='word_1_219' title='bbox 502 3146 528 3187; x_wconf 94' lang='lat' dir='ltr'><strong>et</strong></span> <span class='ocrx_word' id='word_1_220' title='bbox 548 3139 759 3189; x_wconf 91' lang='lat' dir='ltr'><strong>coniurationem</strong></span> <span class='ocrx_word' id='word_1_221' title='bbox 781 3138 851 3189; x_wconf 88' lang='lat' dir='ltr'><strong>bunc</strong></span> <span class='ocrx_word' id='word_1_222' title='bbox 869 3139 944 3190; x_wconf 92' lang='lat' dir='ltr'><strong>bello</strong></span> <span class='ocrx_word' id='word_1_223' title='bbox 962 3137 1119 3201; x_wconf 82' lang='lat' dir='ltr'><strong>induxisse,</strong></span> <span class='ocrx_word' id='word_1_224' title='bbox 1139 3141 1168 3184; x_wconf 90' lang='lat' dir='ltr'><strong>et</strong></span> <span class='ocrx_word' id='word_1_225' title='bbox 1185 3139 1246 3187; x_wconf 88' lang='lat' dir='ltr'><strong>ani.</strong></span> 
     </span>
     <span class='ocr_line' id='line_1_30' title="bbox 145 3204 1262 3275; baseline 0.002 -23"><span class='ocrx_word' id='word_1_226' title='bbox 145 3219 185 3253; x_wconf 90' lang='lat' dir='ltr'><strong>mo</strong></span> <span class='ocrx_word' id='word_1_227' title='bbox 204 3204 307 3269; x_wconf 92' lang='lat' dir='ltr'><strong>impleti</strong></span> <span class='ocrx_word' id='word_1_228' title='bbox 326 3214 396 3269; x_wconf 88' lang='lat' dir='ltr'><strong>sunt,</strong></span> <span class='ocrx_word' id='word_1_229' title='bbox 417 3207 448 3258; x_wconf 90' lang='lat' dir='ltr'><strong>ad</strong></span> <span class='ocrx_word' id='word_1_230' title='bbox 468 3209 669 3275; x_wconf 75' lang='lat' dir='ltr'><strong>inquisitionem</strong></span> <span class='ocrx_word' id='word_1_231' title='bbox 689 3212 775 3260; x_wconf 88' lang='lat' dir='ltr'><strong>statim</strong></span> <span class='ocrx_word' id='word_1_232' title='bbox 795 3210 910 3261; x_wconf 85' lang='lat' dir='ltr'><strong>surrexit</strong></span> <span class='ocrx_word' id='word_1_233' title='bbox 930 3217 957 3260; x_wconf 91' lang='lat' dir='ltr'><strong>et</strong></span> <span class='ocrx_word' id='word_1_234' title='bbox 973 3211 1140 3275; x_wconf 75' lang='lat' dir='ltr'><strong>inceptorum</strong></span> <span class='ocrx_word' id='word_1_235' title='bbox 1161 3205 1262 3259; x_wconf 66' lang='lat' dir='ltr'><strong>ultio.v</strong></span> 
     </span>
     <span class='ocr_line' id='line_1_31' title="bbox 145 3275 1245 3347; baseline 0.005 -23"><span class='ocrx_word' id='word_1_236' title='bbox 145 3289 201 3324; x_wconf 89' lang='lat' dir='ltr'><strong>nem</strong></span> <span class='ocrx_word' id='word_1_237' title='bbox 220 3275 372 3342; x_wconf 85' lang='lat' dir='ltr'><strong>imperator.</strong></span> <span class='ocrx_word' id='word_1_238' title='bbox 411 3285 490 3346; x_wconf 87' lang='lat' dir='ltr'><strong>atque</strong></span> <span class='ocrx_word' id='word_1_239' title='bbox 510 3297 568 3330; x_wconf 90' lang='lat' dir='ltr'><strong>cum</strong></span> <span class='ocrx_word' id='word_1_240' title='bbox 587 3296 641 3331; x_wconf 91' lang='lat' dir='ltr'><strong>non</strong></span> <span class='ocrx_word' id='word_1_241' title='bbox 661 3280 745 3331; x_wconf 84' lang='lat' dir='ltr'><strong>latere</strong></span> <span class='ocrx_word' id='word_1_242' title='bbox 766 3291 875 3347; x_wconf 87' lang='lat' dir='ltr'><strong>possent</strong></span> <span class='ocrx_word' id='word_1_243' title='bbox 895 3283 959 3332; x_wconf 91' lang='lat' dir='ltr'><strong>tuuti</strong></span> <span class='ocrx_word' id='word_1_244' title='bbox 979 3280 1041 3331; x_wconf 87' lang='lat' dir='ltr'><strong>mali</strong></span> <span class='ocrx_word' id='word_1_245' title='bbox 1066 3285 1190 3331; x_wconf 77' lang='lat' dir='ltr'><strong>auctores</strong></span> <span class='ocrx_word' id='word_1_246' title='bbox 1218 3287 1245 3330; x_wconf 89' lang='lat' dir='ltr'><strong>et</strong></span> 
     </span>
     <span class='ocr_line' id='line_1_32' title="bbox 146 3344 1244 3417; baseline 0.008 -23"><span class='ocrx_word' id='word_1_247' title='bbox 146 3344 261 3397; x_wconf 85' lang='lat' dir='ltr'><strong>seditiosi</strong></span> <span class='ocrx_word' id='word_1_248' title='bbox 283 3355 309 3398; x_wconf 91' lang='lat' dir='ltr'><strong>et</strong></span> <span class='ocrx_word' id='word_1_249' title='bbox 328 3350 439 3413; x_wconf 86' lang='lat' dir='ltr'><strong>conscii,</strong></span> <span class='ocrx_word' id='word_1_250' title='bbox 459 3351 726 3417; x_wconf 79' lang='lat' dir='ltr'><strong>deprehendebantur</strong></span> <span class='ocrx_word' id='word_1_251' title='bbox 745 3352 839 3403; x_wconf 89' lang='lat' dir='ltr'><strong>horum</strong></span> <span class='ocrx_word' id='word_1_252' title='bbox 865 3353 940 3404; x_wconf 91' lang='lat' dir='ltr'><strong>multi</strong></span> <span class='ocrx_word' id='word_1_253' title='bbox 969 3347 994 3403; x_wconf 80' lang='lat' dir='ltr'><strong>et</strong></span> <span class='ocrx_word' id='word_1_254' title='bbox 1019 3351 1187 3403; x_wconf 82' lang='lat' dir='ltr'><strong>dedicatione</strong></span> <span class='ocrx_word' id='word_1_255' title='bbox 1212 3351 1244 3403; x_wconf 88' lang='lat' dir='ltr'><strong>ad</strong></span> 
     </span>
     <span class='ocr_line' id='line_1_33' title="bbox 145 3417 1244 3491; baseline 0.002 -25"><span class='ocrx_word' id='word_1_256' title='bbox 145 3431 233 3483; x_wconf 78' lang='lat' dir='ltr'><strong>regem</strong></span> <span class='ocrx_word' id='word_1_257' title='bbox 253 3417 306 3468; x_wconf 85' lang='lat' dir='ltr'><strong>lata</strong></span> <span class='ocrx_word' id='word_1_258' title='bbox 325 3420 516 3485; x_wconf 86' lang='lat' dir='ltr'><strong>indicabantur,</strong></span> <span class='ocrx_word' id='word_1_259' title='bbox 536 3431 618 3490; x_wconf 88' lang='lat' dir='ltr'><strong>atque</strong></span> <span class='ocrx_word' id='word_1_260' title='bbox 638 3424 684 3474; x_wconf 90' lang='lat' dir='ltr'><strong>alii</strong></span> <span class='ocrx_word' id='word_1_261' title='bbox 705 3425 812 3491; x_wconf 89' lang='lat' dir='ltr'><strong>quidem</strong></span> <span class='ocrx_word' id='word_1_262' title='bbox 832 3424 949 3475; x_wconf 83' lang='lat' dir='ltr'><strong>vinculis</strong></span> <span class='ocrx_word' id='word_1_263' title='bbox 960 3423 1085 3491; x_wconf 88' lang='lat' dir='ltr'><strong>publicis,</strong></span> <span class='ocrx_word' id='word_1_264' title='bbox 1096 3423 1141 3474; x_wconf 88' lang='lat' dir='ltr'><strong>alii</strong></span> <span class='ocrx_word' id='word_1_265' title='bbox 1158 3419 1244 3473; x_wconf 87' lang='lat' dir='ltr'><strong>tristi.</strong></span> 
     </span>
     <span class='ocr_line' id='line_1_34' title="bbox 146 3487 1246 3556; baseline 0.008 -20"><span class='ocrx_word' id='word_1_266' title='bbox 146 3487 191 3537; x_wconf 90' lang='lat' dir='ltr'><strong>bus</strong></span> <span class='ocrx_word' id='word_1_267' title='bbox 210 3487 339 3538; x_wconf 83' lang='lat' dir='ltr'><strong>aediliciis</strong></span> <span class='ocrx_word' id='word_1_268' title='bbox 360 3492 539 3556; x_wconf 88' lang='lat' dir='ltr'><strong>tradebantur,</strong></span> <span class='ocrx_word' id='word_1_269' title='bbox 560 3494 609 3544; x_wconf 90' lang='lat' dir='ltr'><strong>alii</strong></span> <span class='ocrx_word' id='word_1_270' title='bbox 629 3503 716 3545; x_wconf 88' lang='lat' dir='ltr'><strong>autem</strong></span> <span class='ocrx_word' id='word_1_271' title='bbox 736 3495 839 3548; x_wconf 89' lang='lat' dir='ltr'><strong>borum·</strong></span> <span class='ocrx_word' id='word_1_272' title='bbox 851 3503 962 3547; x_wconf 90' lang='lat' dir='ltr'><strong>mortem</strong></span> <span class='ocrx_word' id='word_1_273' title='bbox 983 3496 1084 3546; x_wconf 80' lang='lat' dir='ltr'><strong>evitare</strong></span> <span class='ocrx_word' id='word_1_274' title='bbox 1110 3495 1246 3545; x_wconf 72' lang='lat' dir='ltr'><strong>studentes</strong></span> 
     </span>
     <span class='ocr_line' id='line_1_35' title="bbox 146 3556 1247 3633; baseline 0.007 -27"><span class='ocrx_word' id='word_1_275' title='bbox 146 3557 279 3622; x_wconf 87' lang='lat' dir='ltr'><strong>promissis</strong></span> <span class='ocrx_word' id='word_1_276' title='bbox 303 3556 435 3611; x_wconf 76' lang='lat' dir='ltr'><strong>libertatis</strong></span> <span class='ocrx_word' id='word_1_277' title='bbox 464 3563 560 3612; x_wconf 90' lang='lat' dir='ltr'><strong>molliti</strong></span> <span class='ocrx_word' id='word_1_278' title='bbox 591 3565 738 3629; x_wconf 83' lang='lat' dir='ltr'><strong>prodebant</strong></span> <span class='ocrx_word' id='word_1_279' title='bbox 756 3568 845 3630; x_wconf 88' lang='lat' dir='ltr'><strong>alios,</strong></span> <span class='ocrx_word' id='word_1_280' title='bbox 878 3577 905 3618; x_wconf 90' lang='lat' dir='ltr'><strong>et</strong></span> <span class='ocrx_word' id='word_1_281' title='bbox 929 3567 1049 3633; x_wconf 87' lang='lat' dir='ltr'><strong>qnotidie</strong></span> <span class='ocrx_word' id='word_1_282' title='bbox 1074 3566 1247 3633; x_wconf 81' lang='lat' dir='ltr'><strong>capiebantur</strong></span> 
     </span>
     <span class='ocr_line' id='line_1_36' title="bbox 148 3625 1246 3702; baseline 0.01 -29"><span class='ocrx_word' id='word_1_283' title='bbox 148 3625 228 3686; x_wconf 90' lang='lat' dir='ltr'><strong>multi,</strong></span> <span class='ocrx_word' id='word_1_284' title='bbox 262 3634 288 3676; x_wconf 88' lang='lat' dir='ltr'><strong>ct</strong></span> <span class='ocrx_word' id='word_1_285' title='bbox 306 3635 390 3678; x_wconf 87' lang='lat' dir='ltr'><strong>metus</strong></span> <span class='ocrx_word' id='word_1_286' title='bbox 409 3631 517 3680; x_wconf 87' lang='lat' dir='ltr'><strong>tenebat</strong></span> <span class='ocrx_word' id='word_1_287' title='bbox 536 3634 675 3696; x_wconf 88' lang='lat' dir='ltr'><strong>plurimos,</strong></span> <span class='ocrx_word' id='word_1_288' title='bbox 695 3651 730 3684; x_wconf 91' lang='lat' dir='ltr'><strong>ne</strong></span> <span class='ocrx_word' id='word_1_289' title='bbox 749 3646 908 3702; x_wconf 85' lang='lat' dir='ltr'><strong>caperentur</strong></span> <span class='ocrx_word' id='word_1_290' title='bbox 935 3638 1061 3686; x_wconf 83' lang='lat' dir='ltr'><strong>accusati.</strong></span> <span class='ocrx_word' id='word_1_291' title='bbox 1107 3645 1246 3701; x_wconf 79' lang='lat' dir='ltr'><strong>postquam</strong></span> 
     </span>
     <span class='ocr_line' id='line_1_37' title="bbox 147 3699 1246 3771; baseline 0.01 -27"><span class='ocrx_word' id='word_1_292' title='bbox 147 3703 230 3745; x_wconf 90' lang='lat' dir='ltr'><strong>autem</strong></span> <span class='ocrx_word' id='word_1_293' title='bbox 256 3711 305 3760; x_wconf 88' lang='lat' dir='ltr'><strong>per</strong></span> <span class='ocrx_word' id='word_1_294' title='bbox 323 3704 426 3763; x_wconf 83' lang='lat' dir='ltr'><strong>tempus</strong></span> <span class='ocrx_word' id='word_1_295' title='bbox 443 3699 553 3765; x_wconf 86' lang='lat' dir='ltr'><strong>aliquod</strong></span> <span class='ocrx_word' id='word_1_296' title='bbox 578 3703 720 3768; x_wconf 79' lang='lat' dir='ltr'><strong>castigavit</strong></span> <span class='ocrx_word' id='word_1_297' title='bbox 738 3708 831 3755; x_wconf 91' lang='lat' dir='ltr'><strong>horum</strong></span> <span class='ocrx_word' id='word_1_298' title='bbox 851 3707 976 3771; x_wconf 90' lang='lat' dir='ltr'><strong>quosdam</strong></span> <span class='ocrx_word' id='word_1_299' title='bbox 1003 3708 1149 3770; x_wconf 88' lang='lat' dir='ltr'><strong>imperator</strong></span> <span class='ocrx_word' id='word_1_300' title='bbox 1174 3705 1246 3755; x_wconf 89' lang='lat' dir='ltr'><strong>etin</strong></span> 
     </span>
     <span class='ocr_line' id='line_1_38' title="bbox 147 3766 1245 3841; baseline 0.009 -26"><span class='ocrx_word' id='word_1_301' title='bbox 147 3766 229 3816; x_wconf 88' lang='lat' dir='ltr'><strong>lucem</strong></span> <span class='ocrx_word' id='word_1_302' title='bbox 253 3767 409 3820; x_wconf 83' lang='lat' dir='ltr'><strong>insidiantes</strong></span> <span class='ocrx_word' id='word_1_303' title='bbox 437 3775 579 3840; x_wconf 83' lang='lat' dir='ltr'><strong>produxit,</strong></span> <span class='ocrx_word' id='word_1_304' title='bbox 599 3786 665 3839; x_wconf 87' lang='lat' dir='ltr'><strong>quus</strong></span> <span class='ocrx_word' id='word_1_305' title='bbox 690 3789 723 3824; x_wconf 93' lang='lat' dir='ltr'><strong>nc</strong></span> <span class='ocrx_word' id='word_1_306' title='bbox 749 3783 829 3825; x_wconf 87' lang='lat' dir='ltr'><strong>antea</strong></span> <span class='ocrx_word' id='word_1_307' title='bbox 853 3776 958 3841; x_wconf 90' lang='lat' dir='ltr'><strong>quidem</strong></span> <span class='ocrx_word' id='word_1_308' title='bbox 990 3776 1163 3841; x_wconf 79' lang='lat' dir='ltr'><strong>ignoraverat</strong></span> <span class='ocrx_word' id='word_1_309' title='bbox 1187 3790 1245 3825; x_wconf 92' lang='lat' dir='ltr'><strong>cum</strong></span> 
     </span>
     <span class='ocr_line' id='line_1_39' title="bbox 148 3835 1246 3912; baseline 0.011 -26"><span class='ocrx_word' id='word_1_310' title='bbox 148 3837 283 3888; x_wconf 88' lang='lat' dir='ltr'><strong>consilium</strong></span> <span class='ocrx_word' id='word_1_311' title='bbox 309 3845 489 3908; x_wconf 82' lang='lat' dir='ltr'><strong>prorupisset,</strong></span> <span class='ocrx_word' id='word_1_312' title='bbox 519 3844 615 3895; x_wconf 91' lang='lat' dir='ltr'><strong>exsilio</strong></span> <span class='ocrx_word' id='word_1_313' title='bbox 639 3835 687 3893; x_wconf 76' lang='lat' dir='ltr'><strong>lr&#39;os</strong></span> <span class='ocrx_word' id='word_1_314' title='bbox 716 3855 743 3896; x_wconf 90' lang='lat' dir='ltr'><strong>et</strong></span> <span class='ocrx_word' id='word_1_315' title='bbox 766 3845 948 3911; x_wconf 84' lang='lat' dir='ltr'><strong>publicatione</strong></span> <span class='ocrx_word' id='word_1_316' title='bbox 970 3847 1090 3912; x_wconf 77' lang='lat' dir='ltr'><strong>punivit,</strong></span> <span class='ocrx_word' id='word_1_317' title='bbox 1114 3848 1246 3898; x_wconf 87' lang='lat' dir='ltr'><strong>neminem</strong></span> 
     </span>
     <span class='ocr_line' id='line_1_40' title="bbox 142 3909 1245 3985; baseline 0.01 -25"><span class='ocrx_word' id='word_1_318' title='bbox 142 3909 272 3975; x_wconf 81' lang='lat' dir='ltr'><strong>sanguine</strong></span> <span class='ocrx_word' id='word_1_319' title='bbox 291 3925 322 3961; x_wconf 90' lang='lat' dir='ltr'><strong>se</strong></span> <span class='ocrx_word' id='word_1_320' title='bbox 340 3913 490 3975; x_wconf 89' lang='lat' dir='ltr'><strong>puniturum</strong></span> <span class='ocrx_word' id='word_1_321' title='bbox 512 3915 659 3981; x_wconf 88' lang='lat' dir='ltr'><strong>pollicitus,</strong></span> <span class='ocrx_word' id='word_1_322' title='bbox 679 3917 725 3970; x_wconf 73' lang='lat' dir='ltr'><strong>red</strong></span> <span class='ocrx_word' id='word_1_323' title='bbox 744 3931 879 3985; x_wconf 80' lang='lat' dir='ltr'><strong>generose</strong></span> <span class='ocrx_word' id='word_1_324' title='bbox 897 3918 1020 3967; x_wconf 90' lang='lat' dir='ltr'><strong>iniurium</strong></span> <span class='ocrx_word' id='word_1_325' title='bbox 1040 3925 1067 3968; x_wconf 91' lang='lat' dir='ltr'><strong>et</strong></span> <span class='ocrx_word' id='word_1_326' title='bbox 1084 3917 1245 3971; x_wconf 80' lang='lat' dir='ltr'><strong>moderatius</strong></span> 
     </span>
     <span class='ocr_line' id='line_1_41' title="bbox 149 3980 1245 4056; baseline 0.009 -26"><span class='ocrx_word' id='word_1_327' title='bbox 149 3980 241 4032; x_wconf 88' lang='lat' dir='ltr'><strong>lerens.</strong></span> <span class='ocrx_word' id='word_1_328' title='bbox 284 3982 355 4033; x_wconf 79' lang='lat' dir='ltr'><strong>Ante</strong></span> <span class='ocrx_word' id='word_1_329' title='bbox 385 3997 476 4038; x_wconf 85' lang='lat' dir='ltr'><strong>omnes</strong></span> <span class='ocrx_word' id='word_1_330' title='bbox 511 3996 597 4038; x_wconf 87' lang='lat' dir='ltr'><strong>antem</strong></span> <span class='ocrx_word' id='word_1_331' title='bbox 627 3996 846 4042; x_wconf 86' lang='lat' dir='ltr'><strong>commemoratus</strong></span> <span class='ocrx_word' id='word_1_332' title='bbox 878 3989 1030 4056; x_wconf 85' lang='lat' dir='ltr'><strong>praelectus</strong></span> <span class='ocrx_word' id='word_1_333' title='bbox 1064 3992 1245 4042; x_wconf 85' lang='lat' dir='ltr'><strong>conscientiae</strong></span> 
     </span>
     <span class='ocr_line' id='line_1_42' title="bbox 148 4057 1245 4125; baseline 0.012 -26"><span class='ocrx_word' id='word_1_334' title='bbox 148 4060 281 4104; x_wconf 83' lang='lat' dir='ltr'><strong>accusatus</strong></span> <span class='ocrx_word' id='word_1_335' title='bbox 296 4061 322 4104; x_wconf 91' lang='lat' dir='ltr'><strong>et</strong></span> <span class='ocrx_word' id='word_1_336' title='bbox 340 4057 475 4112; x_wconf 87' lang='lat' dir='ltr'><strong>damnatus</strong></span> <span class='ocrx_word' id='word_1_337' title='bbox 496 4062 570 4112; x_wconf 88' lang='lat' dir='ltr'><strong>exilii</strong></span> <span class='ocrx_word' id='word_1_338' title='bbox 590 4071 616 4113; x_wconf 91' lang='lat' dir='ltr'><strong>et</strong></span> <span class='ocrx_word' id='word_1_339' title='bbox 635 4060 823 4125; x_wconf 85' lang='lat' dir='ltr'><strong>publicationis</strong></span> <span class='ocrx_word' id='word_1_340' title='bbox 842 4061 935 4112; x_wconf 89' lang='lat' dir='ltr'><strong>eodem</strong></span> <span class='ocrx_word' id='word_1_341' title='bbox 954 4061 997 4110; x_wconf 91' lang='lat' dir='ltr'><strong>die</strong></span> <span class='ocrx_word' id='word_1_342' title='bbox 1016 4061 1109 4112; x_wconf 88' lang='lat' dir='ltr'><strong>turbae</strong></span> <span class='ocrx_word' id='word_1_343' title='bbox 1121 4063 1245 4113; x_wconf 90' lang='lat' dir='ltr'><strong>inductus</strong></span> 
     </span>
     <span class='ocr_line' id='line_1_43' title="bbox 149 4124 1246 4206; baseline 0.009 -34"><span class='ocrx_word' id='word_1_344' title='bbox 149 4127 199 4206; x_wconf 69' lang='grc' dir='ltr'><strong>ετί,</strong></span> <span class='ocrx_word' id='word_1_345' title='bbox 211 4124 348 4193; x_wconf 72' lang='lat' dir='ltr'><strong>ingressus</strong></span> <span class='ocrx_word' id='word_1_346' title='bbox 368 4130 395 4179; x_wconf 90' lang='lat' dir='ltr'><strong>in</strong></span> <span class='ocrx_word' id='word_1_347' title='bbox 414 4134 526 4200; x_wconf 81' lang='lat' dir='ltr'><strong>regiam,</strong></span> <span class='ocrx_word' id='word_1_348' title='bbox 549 4135 623 4202; x_wconf 90' lang='lat' dir='ltr'><strong>quasi</strong></span> <span class='ocrx_word' id='word_1_349' title='bbox 649 4133 750 4200; x_wconf 90' lang='lat' dir='ltr'><strong>aliquid</strong></span> <span class='ocrx_word' id='word_1_350' title='bbox 764 4133 977 4185; x_wconf 84' lang='lat' dir='ltr'><strong>necessariorum</strong></span> <span class='ocrx_word' id='word_1_351' title='bbox 993 4133 1062 4184; x_wconf 90' lang='lat' dir='ltr'><strong>benc</strong></span> <span class='ocrx_word' id='word_1_352' title='bbox 1083 4134 1193 4185; x_wconf 86' lang='lat' dir='ltr'><strong>lecisset</strong></span> <span class='ocrx_word' id='word_1_353' title='bbox 1219 4141 1246 4182; x_wconf 90' lang='lat' dir='ltr'><strong>et</strong></span> 
     </span>
     <span class='ocr_line' id='line_1_44' title="bbox 150 4195 1246 4273; baseline 0.015 -31"><span class='ocrx_word' id='word_1_354' title='bbox 150 4195 301 4248; x_wconf 84' lang='lat' dir='ltr'><strong>seditionem</strong></span> <span class='ocrx_word' id='word_1_355' title='bbox 328 4205 538 4269; x_wconf 87' lang='lat' dir='ltr'><strong>composuisset,</strong></span> <span class='ocrx_word' id='word_1_356' title='bbox 572 4207 691 4273; x_wconf 86' lang='lat' dir='ltr'><strong>privatus</strong></span> <span class='ocrx_word' id='word_1_357' title='bbox 727 4212 815 4255; x_wconf 89' lang='lat' dir='ltr'><strong>autem</strong></span> <span class='ocrx_word' id='word_1_358' title='bbox 847 4201 955 4273; x_wconf 69' lang='lat' dir='ltr'><strong>cingulo</strong></span> <span class='ocrx_word' id='word_1_359' title='bbox 990 4213 1017 4256; x_wconf 89' lang='lat' dir='ltr'><strong>et</strong></span> <span class='ocrx_word' id='word_1_360' title='bbox 1042 4203 1193 4273; x_wconf 71' lang='lat' dir='ltr'><strong>insignibus</strong></span> <span class='ocrx_word' id='word_1_361' title='bbox 1219 4209 1246 4253; x_wconf 80' lang='lat' dir='ltr'><strong>et</strong></span> 
     </span>
     <span class='ocr_line' id='line_1_45' title="bbox 151 4263 775 4344; baseline 0.019 -29"><span class='ocrx_word' id='word_1_362' title='bbox 151 4263 279 4322; x_wconf 79' lang='lat' dir='ltr'><strong>inornatus</strong></span> <span class='ocrx_word' id='word_1_363' title='bbox 299 4279 406 4338; x_wconf 81' lang='lat' dir='ltr'><strong>praeter</strong></span> <span class='ocrx_word' id='word_1_364' title='bbox 425 4277 652 4344; x_wconf 83' lang='lat' dir='ltr'><strong>exspectationem</strong></span> <span class='ocrx_word' id='word_1_365' title='bbox 681 4277 775 4329; x_wconf 86' lang='lat' dir='ltr'><strong>iactus.</strong></span> 
     </span>
    </p>
   </div>
   <div class='ocr_carea' id='block_1_7' title="bbox 0 0 1520 4892">
    <p class='ocr_par' dir='ltr' id='par_1_11' title="bbox 0 0 1520 4892">
     <span class='ocr_line' id='line_1_46' title="bbox 0 0 1520 4892; baseline 0 0"><span class='ocrx_word' id='word_1_366' title='bbox 0 0 1520 4892; x_wconf 95' lang='lat' dir='ltr'><strong> </strong></span> 
     </span>
    </p>
   </div>
  </div>
 </body>
</html>
