3017 4892
576 341 804 428 merome
1160 342 1234 416 ota
1331 304 1335 324 '

124 514 233 581 λεόων
253 512 298 590 είς
319 516 431 577 κακίαν
452 509 506 575 καί
526 510 731 593 μικρολογίαν
759 510 815 573 καί
835 500 931 594 άγτνῆ
953 506 1113 575 πολιτείαν
1133 509 1235 590 ιλιιγι-
1333 522 1340 532 ·

122 614 276 682 νοόσκετο.
329 606 368 698 ἦν
390 614 425 676 δέ
448 602 560 695 οὗτος,
599 607 668 675 ότό
694 606 811 693 κράτος
831 606 971 694 δηλονότι
998 611 1032 672 ἐκ
1055 612 1113 673 τοῦ
1136 611 1234 673 έπου-

124 719 243 801 ρανίου
264 718 422 797 βασιλέως
442 711 654 796 μνηστευθείς
674 709 730 775 καί
749 702 835 789 άξιος
860 711 948 798 αιίτῷ
968 711 1147 794 λογισθείς,
1168 713 1233 774 Νι-

123 816 270 903 κηφόρος
290 812 529 899 κουροπαλάτης
552 813 568 880 ό
587 804 816 899 Βοτανείάτης,
846 810 880 879 όν
897 820 1057 898 πολλαχοῦ
1076 817 1132 898 τῆς
1150 839 1234 900 γρα-

95 919 195 1004 5φῆς
216 916 259 993 οἷς
279 920 484 1001 τρισαριστέα
503 914 559 980 καί
581 914 795 999 δοκιμώτατον
818 911 1016 999 διελάβομευ.
1061 908 1151 992 οὗτος
1170 917 1232 1002 γάρ

124 1016 261 1103 εὐγενὴς
276 1020 338 1084 τάν
363 1020 422 1101 ἀφ’
445 1016 534 1102 ἡλίου
550 1018 711 1082 α’νατολῶν
725 1015 900 1095 καθιστάς,
915 1015 971 1080 καί
988 1020 1042 1101 τῆς
1064 1019 1128 1082 τῶν
1152 1019 1233 1082 άνα-

124 1122 260 1183 τολικιόν
281 1121 436 1203 ἐπαρχίας
459 1118 625 1201 τυγχάνων
654 1116 831 1202 πρώτιστος
852 1118 977 1209 πλοότιγ
998 1116 1055 1184 καί
1073 1122 1157 1201 γένει
1178 1121 1234 1182 καί

124 1224 274 1285 παλαιάν
301 1218 402 1304 ἔργων
434 1220 489 1283 καί
513 1222 602 1284 νέων
621 1215 841 1305 λαμπρότητι,
875 1222 931 1283 καί
958 1220 1016 1305 τὴν
1043 1224 1233 1303 στρατηγίαν

123 1316 211 1403 έχων
232 1324 291 1385 τοῦ
312 1323 416 1387 ου’τοῦ
437 1321 588 1404 θέματος,
608 1320 780 1405 περίλυπος
808 1314 848 1405 ἧν
867 1324 967 1386 ταῦτα
990 1320 1090 1405 όραῖν·
1110 1321 1150 1386 ου’
1168 1318 1230 1402 γάρ

75 1436 113 1491 10
122 1417 233 1507 ἔφερε,
255 1422 352 1510 φάσιν
372 1420 454 1505 έχων
473 1424 590 1507 ου’σεβῆ
611 1422 666 1487 καί
684 1424 845 1508 φιλόθεον,
868 1426 923 1508 ζῆν
943 1426 1000 1489 καί
1020 1423 1151 1488 τοιαῦτα
1170 1446 1232 1484 κα-

121 1526 226 1607 θαράν
254 1524 390 1601 ἀνοσίως
413 1526 635 1609 πραττόμενα,
660 1526 715 1589 καί
734 1526 839 1590 πᾶσαν
861 1523 916 1609 τὴν
940 1522 1024 1588 ἑοόαν
1047 1531 1112 1595 τοῖς
1135 1528 1231 1586 πολε-

120 1628 211 1706 μίοις
235 1627 422 1696 α’νάστατον.
446 1624 502 1689 καί
520 1625 620 1707 αὐτὴν
645 1625 699 1707 τὴν
728 1626 868 1709 μεγάλην
890 1617 1230 1689 Κωνσταντινυόιισλιν

121 1731 362 1808 πολεμουμένην
383 1733 447 1800 τοῖς
480 1726 543 1790 των
566 1724 767 1808 κρατοόντων
788 1724 936 1808 άκρατιός
958 1720 1153 1815 ἀδικήμασι,
1175 1728 1231 1789 καί
1257 1761 1260 1766 <

121 1822 181 1907 τὴν
199 1821 349 1905 ἓσπερίαν
368 1828 425 1909 γῆν
439 1827 703 1911 κατακειρομένην
725 1834 793 1902 τοῖς
815 1822 941 1893 ἔθνεσιν
962 1825 1018 1890 καί
1037 1832 1101 1902 τοῖς
1123 1831 1230 1909 βλαπ-

5 1946 7 1953 ·
78 1927 113 1983 15
122 1932 221 2001 τικοίς
246 1922 446 2009 ἐννοήμασιν.
496 1925 565 1991 ἀλλ’
596 1928 767 2013 αὐαφέρων
796 1931 842 2004 είς
867 1925 924 2010 τὴν
944 1927 1000 1991 τοῦ
1029 1927 1137 2009 γένους
1159 1928 1229 1991 έπι.

123 2024 288 2110 σημότητα
300 2074 310 2106 ,
333 2024 387 2091 καί
407 2024 626 2110 διανοούμενος
647 2029 785 2112 α’κρνβαός
801 2024 843 2104 σός
864 2032 987 2092 πολλῶν
1010 2030 1066 2091 καί
1083 2031 1229 2111 μεγάλων

124 2125 366 2209 α’ριστευμάτων
379 2127 433 2191 καί
451 2127 664 2213 βοηθημάτων
686 2125 704 2213 ἦ
723 2124 892 2210 Ῥωμαίων
905 2129 1067 2193 ἀπέλαυσε
1079 2135 1122 2211 γῆ,
1138 2124 1225 2211 παρά

122 2228 187 2291 ταῖν
222 2223 384 2311 προγόνων
408 2228 510 2294 ου’τοῦ
533 2226 613 2293 κατά
638 2226 817 2315 διαφόρους
849 2225 979 2311 καιραός
1001 2230 1058 2292 καί
1079 2225 1227 2314 χρόνους,

120 2329 175 2392 καί
197 2325 343 2413 δεύτερος
359 2333 501 2417 φανῆναι
521 2325 642 2394 τούτων
664 2327 793 2409 α’νάξιαν
808 2328 1026 2415 λογισάμενος,
1038 2332 1069 2395 εἰ
1081 2326 1228 2413 μηιβοη-

77 2428 220 2513 λοθήσυι
253 2438 320 2505 τοῖς
357 2427 530 2512 κάμνουσιν
563 2432 772 2514 α’ρθοδόξοις,
801 2432 842 2497 δι’
872 2427 928 2507 οίίς
950 2427 1091 2515 Χριστός
1112 2428 1129 2495 ό
1152 2426 1227 2506 θεός
1264 2471 1269 2479 „

122 2529 213 2613 ἡμῶν
228 2527 268 2595 -ιό
294 2534 406 2597 οἰκείαν
426 2524 507 2614 αἷμα
530 2534 643 2615 έξέχτε,
668 2532 809 2617 ζηλωτός
831 2532 1071 2617 διαπυράτατος
1095 2530 1226 2616 γίνεται,

122 2631 178 2693 καί
196 2624 254 2715 τὴν
273 2632 385 2716 ψυχήν
407 2636 508 2698 ου’τοῦ
531 2637 658 2718 τίθησιν
678 2631 760 2717 όπὲρ
781 2635 835 2719 τῆς
857 2636 913 2697 τοῦ
925 2636 1069 2719 Χριστοῦ
1090 2638 1226 2716 ποίμνης

123 2732 177 2794 καί
196 2735 250 2799 τοῦ
271 2731 364 2816 άγίαυ
386 2732 500 2810 ἔθνους
522 2728 635 2800 αὐτοῦ.
689 2734 744 2800 καί
763 2738 821 2819 τῆς
848 2734 998 2820 Τοόρκων
1021 2730 1067 2800 έτι
1091 2734 1223 2821 ζεοόσης

124 3047 205 3101 vitate
229 3055 257 3100 et
281 3047 432 3103 humilitate
460 3056 487 3101 et
511 3048 625 3120 ignobili
651 3049 768 3105 civitatis
795 3051 1024 3105 administratione
1049 3059 1128 3104 natue
1157 3060 1223 3105 crat.
1279 3056 1283 3062 ’

124 3127 180 3171 erat
196 3127 284 3171 autem
303 3120 358 3185 hic,
377 3122 423 3189 qni
442 3123 588 3189 potentiam
607 3138 623 3174 a
642 3123 758 3177 coelesti
777 3139 844 3192 rege
863 3131 1065 3191 comparaverat
1083 3130 1111 3175 ct
1128 3124 1224 3193 dignus

124 3206 155 3242 ee
173 3199 229 3243 erat
246 3192 369 3257 habitur,
395 3194 561 3261 Nicephorue
586 3195 741 3249 Bataniatee
767 3194 932 3263 curopalate,
953 3211 1030 3264 quem
1049 3194 1154 3265 quidem
1173 3210 1225 3247 ve-

123 3264 162 3314 rie
185 3264 213 3315 in
237 3265 369 3332 scriptura
393 3272 423 3317 ut
453 3273 495 3317 ter
515 3267 644 3333 optimum
672 3270 950 3336 spectatissimumque
974 3269 1134 3334 accepimus.
1179 3267 1224 3319 hic

125 3335 189 3386 enim
211 3336 310 3388 nobilis
328 3337 399 3388 inter
414 3353 471 3401 ece,
491 3340 537 3408 qui
556 3355 571 3391 a
589 3338 655 3392 solie
669 3347 729 3393 ortu
748 3340 883 3405 hubitant,
904 3341 1066 3393 constitutur
1086 3346 1112 3390 et
1130 3339 1224 3393 orien.

123 3406 155 3457 tio
173 3408 329 3473 provinciae
348 3406 430 3476 longe
449 3412 548 3475 primus
568 3411 670 3465 divitiis
696 3418 723 3462 et
741 3428 843 3481 genere
862 3421 889 3465 et
907 3413 1037 3465 factorum
1056 3418 1177 3463 veterum
1197 3419 1226 3463 et

122 3483 257 3529 recentum
275 3479 482 3545 magnificentia,
502 3490 529 3533 et
547 3483 685 3548 imperium
702 3482 804 3537 habene
821 3485 940 3540 eiusdem
958 3483 1123 3553 provinciae,
1143 3483 1224 3536 ualde

125 3554 178 3599 crat
196 3547 290 3611 tristia,
308 3548 378 3599 haec
397 3549 522 3603 videndo.
535 3566 624 3619 neque
644 3557 714 3605 enim
733 3557 891 3620 sustinebat,
909 3564 1004 3608 natura
1022 3556 1157 3623 praeditae
1178 3554 1222 3622 pia

125 3625 150 3668 et
166 3618 210 3669 dei
228 3625 351 3679 amante,
369 3620 465 3671 vivere
489 3630 516 3672 et
534 3623 600 3673 talia
617 3626 757 3690 adspicere
781 3628 864 3692 impie
881 3626 961 3689 iacta,
981 3635 1009 3678 et
1026 3635 1110 3679 totum
1128 3627 1222 3677 orien-

123 3695 172 3739 tem
190 3703 239 3754 per
258 3688 353 3765 Ιιοειαει
370 3691 545 3756 devastatum,
566 3701 645 3760 atque
666 3696 750 3759 ipsam
762 3712 883 3763 magnam
899 3696 1151 3763 &neuntiuopolin
1171 3696 1221 3745 de.

123 3758 244 3811 ballatam
272 3760 463 3829 impotentibus
488 3763 673 3829 imperantium
702 3765 826 3831 iniuriis,
853 3772 880 3816 ct
904 3766 1098 3818 occidentalem
1124 3775 1222 3818 terram

124 3831 250 3883 desectum
270 3847 319 3899 per
337 3848 456 3903 paganos
474 3842 500 3886 et
512 3836 601 3887 noxiis
616 3834 752 3889 conciliis:
773 3838 820 3890 eed
838 3846 961 3905 epectane
979 3839 1012 3890 ad
1032 3834 1140 3907 'generis
1158 3837 1222 3905 glo.

123 3902 183 3954 riam
203 3908 229 3953 et
247 3912 373 3972 reputans
394 3915 527 3970 accurate,
556 3907 716 3961 Graecorum
745 3918 842 3961 terram
859 3909 943 3963 multa
966 3911 1087 3979 glorioee
1106 3910 1176 3961 iacta
1195 3920 1222 3963 et

123 3973 217 4025 auxilia
235 3978 391 4044 percepisse
417 3991 432 4027 a
450 3979 594 4032 maioribus
615 3980 670 4031 auio
694 3981 810 4034 diversio
834 3982 1019 4035 occasionibus
1045 3990 1072 4034 et
1089 3983 1219 4048 tempori.

122 4045 176 4111 bus,
196 4054 223 4097 et
241 4048 397 4101 iuieriorem
417 4064 547 4118 apparere
567 4051 608 4105 hia
627 4052 765 4121 indignum
782 4062 865 4118 ratae,
894 4056 918 4106 ei
936 4054 1044 4108 afflictio
1064 4055 1219 4110 orthodoxia

122 4131 170 4168 non
192 4120 300 4172 veniret
324 4120 442 4186 auxilio,
468 4131 579 4189 propter
607 4138 673 4192 quoe
701 4124 824 4178 Christus
852 4126 918 4180 deur
942 4134 1034 4180 notter
1062 4130 1219 4196 sauguinem

75 4232 81 4239 .
124 4204 191 4239 auum
211 4190 372 4259 effundebat,
393 4202 575 4263 propugnator
593 4194 655 4248 iidei
682 4198 883 4250 ardentissimus
908 4200 956 4262 iit,
982 4206 1009 4251 et
1025 4200 1140 4251 animum
1160 4202 1218 4251 eiua

123 4260 200 4313 tendit
223 4278 305 4332 euper
333 4265 433 4320 Christi
459 4281 543 4337 grege
570 4276 596 4319 et
623 4278 714 4323 sancto
742 4271 799 4325 eius
824 4269 941 4338 popule:
969 4280 1048 4340 atque
1077 4272 1218 4325 Turcarum
