3017 4892
564 323 774 400 ursitum.
899 337 906 350 “
1148 320 1226 400 275
1256 411 1259 416 ,

109 506 180 591 γάρ
206 499 246 590 ἦν
266 503 300 571 ro*
330 507 386 590 τῆς
406 501 612 590 εὐδαιμονίας
634 512 667 575 ἐν
690 507 810 590 άπαοι,
832 508 886 572 καί
912 491 998 592 κοινῆ
1019 509 1075 591 τῆς
1096 509 1227 594 ευέργε-

110 613 194 684 σίας
219 607 237 693 ἧ
259 611 435 690 δπιμίνεια.
490 611 554 696 ἐφ’·
575 603 622 685 οἷς
651 613 705 675 καί
736 609 854 693 δπορία
884 607 1006 685 πάντας
1024 617 1151 692 κατεῖχε
1172 613 1229 683 καί

110 709 249 791 θάμβος
272 711 421 786 ἐξαίσιον,
444 711 512 785 πάς
536 715 593 774 τού
612 700 935 792 προβεβασιλευκύτος
958 709 1097 794 Μιχαὴλ
1117 713 1227 775 πενιάν

112 813 316 895 θρηνοῦντος
349 810 401 874 αἐί
426 812 482 875 καί
502 809 637 894 α’πορίαν
660 810 774 896 δεινήν,
803 816 859 877 καί
880 805 1038 876 άδύνατον
1061 810 1151 899 αύτῷ
1171 808 1228 895 τῆν

84 915 104 966 5
115 921 222 994 χεῖρα
242 907 435 976 καθεστάναι
456 909 534 995 πρὸς
556 913 738 996 εύεργεοίαν
759 910 878 997 μικράν
900 913 1094 996 ἐπιλέγοντος
1116 906 1169 975 διά
1191 910 1224 975 τδ

115 1013 179 1094 τῆς
204 1014 368 1092 βασιλείας
390 1011 472 1094 τάχα
495 1007 694 1097 δυστύχημα,
719 1013 753 1077 εἰι
769 1013 867 1078 ποίων
881 1013 988 1097 πηγῶν
1008 1003 1102 1088 οδτος
1121 1011 1138 1075 δ
1160 1011 1227 1094 μετ’

118 1114 247 1177 ἐκεῖνον
278 1109 318 1176 τά
337 1111 507 1194 Ῥωμαίων
540 1115 679 1196 σκῆπτρα
709 1111 929 1198 ἐγχειριοθείς,
950 1111 1110 1188 τοσαύτας
1136 1113 1253 1178 άνεκ-’

119 1211 293 1296 διηγάιους
325 1213 507 1296 είεργεοιάς
530 1213 584 1278 καί
608 1211 712 1291 δόσεις
739 1215 795 1279 καί
819 1209 1013 1280 άλουτοποιά
1045 1215 1230 1300 χαρίσματα
1240 1218 1264 1282 λ
1277 1220 1363 1278 tter.

119 1312 312 1399 ἐνεδείξατο,
336 1316 390 1378 καί
409 1313 505 1394 τιμάς
528 1314 607 1398 ύπὲρ
630 1307 765 1399 ψάμμον
785 1315 839 1380 καί
858 1312 955 1400 χορὸν
978 1316 1138 1399 ούρανίων
1160 1341 1231 1403 φω-

69 1417 110 1472 10
120 1412 262 1499 στὴρων.
286 1413 341 1479 καί
359 1417 422 1480 τάν
439 1419 500 1497 μὲν
515 1409 618 1480 dites
639 1413 766 1500 ἦμεράν
787 1417 843 1490 τὰς
863 1415 959 1496 τιμάς
977 1415 1031 1480 διά
1054 1415 1090 1479 τδ
1111 1420 1232 1500 πλῆθος

121 1519 183 1580 καί
203 1514 238 1580 τδ
264 1514 414 1601 α’ύριστον
434 1521 509 1602 σιγῇ
529 1518 766 1599 παραδέδοται·
797 1514 835 1580 τά
865 1517 895 1577 δ’
914 1517 969 1578 ε’πί
989 1517 1029 1603 τῇ
1048 1515 1109 1580 τάν
1130 1517 1233 1598 δαίων

121 1619 263 1704 κυριακῇ
278 1616 396 1691 πάντας
415 1617 613 1698 ἀμωσγέπως
627 1617 815 1699 ε’ξέπληξαν.’
830 1617 919 1680 πάσα
933 1611 994 1699 γάρ
1010 1615 1030 1701 ᾗ
1049 1613 1233 1702 σύγκλητος,

125 1715 210 1800 ύττὲρ
227 1718 389 1798 μυριάδας
404 1715 529 1799 ἀνδρῶν
542 1720 838 1801 παραμετρουμίνη,
859 1717 928 1780 κατ’
943 1709 1045 1799 ἄνδρα
1062 1721 1118 1782 καί
1129 1741 1232 1803 κεφα-

125 1814 186 1896 λὴν
213 1815 360 1896 μεγάλων
387 1815 532 1899 ἠξιοῦντο
549 1817 660 1898 τιμάν,
674 1821 907 1902 τετρᾳρίδμους
926 1822 980 1882 καί
999 1821 1234 1902 πενταρίδμους

81 1921 116 1977 15
126 1914 277 1996 βαθμούς
298 1913 570 1999 ύπερβαινουσύν,
592 1913 636 1993 ὥς
652 1919 734 2002 μηδὲ
756 1915 855 1982 αύτδν
872 1915 924 1983 τὸν
944 1913 1233 2002 πρωτοβεστιύριον

127 2011 163 2078 ἐκ
186 2015 245 2078 τού
264 2017 420 2096 βασιλέως
451 2012 611 2104 δύνασθαι
640 2015 904 2101 παραλαμβάνειν
931 2017 1007 2092 τούς
1036 2020 1232 2100 τιμωμένους

128 2116 184 2180 καί
202 2113 259 2192 τοὶς
277 2113 369 2192 άξίας
385 2119 575 2202 ἐπιφωνεῖν,
594 2117 674 2182 α’λλὰ
696 2118 916 2182 συναντάσθαι
932 2116 1018 2202 παρά
1045 2120 1106 2183 τάν
1118 2117 1234 2199 ’τιμάν

130 2220 258 2300 συχνοῖς
281 2217 337 2281 καί
357 2216 572 2304 ὑποστρέφειν
593 2215 648 2282 ἐπί
666 2218 724 2302 τῆν
751 2215 911 2302 προβολήν
933 2220 988 2283 καί
1010 2210 1108 2294 αὖθις
1130 2215 1236 2283 ἀνθυ-

129 2319 334 2405 ποστρίφειν,
359 2311 380 2402 ἢ
402 2315 457 2382 καί
477 2321 531 2384 ε’πί
554 2320 612 2383 τοῦ
634 2319 737 2384 effrosi
758 2316 927 2403 ἱστάμενον
955 2310 1023 2385 ἄλλ’
1054 2321 1101 2384 ἐπ’
1123 2312 1232 2394 άλλοις
1318 2320 1341 2383 “,

83 2416 428 2500 λῦκαταλαμβάνοντας
457 2418 656 2484 ἐπισπεύδειν
679 2421 766 2485 αύτ.
790 2469 799 2486 .
828 2418 884 2496 τάς
909 2424 1097 2503 τιμωμένων
1125 2421 1234 2507 ε’κφω-
1325 2400 1337 2419 ⁸

129 2519 243 2603 νὴσεις,
263 2523 319 2584 καί
340 2516 462 2602 μόχθοι
484 2528 574 2602 σχεῖν
596 2523 779 2605 τηλικοῦτον
801 2515 875 2596 ὅσος
897 2521 984 2608 αύτῷ
1005 2523 1060 2584 καί
1081 2517 1139 2602 τὴν
1162 2544 1233 2605 φω-

131 2620 185 2703 νὴν
208 2625 407 2703 περιίκοψεν.
462 2617 539 2685 εἴπω
562 2645 592 2685 τι
615 2622 836 2704 ύστειύτερον,·
860 2617 890 2683 οἱ
913 2621 1007 2704 οῗργοί
1028 2621 1083 2686 καί
1103 2625 1233 2706 πένητες

132 2723 186 2805 τῆς
196 2718 458 2823 1βασιλευούσης,
490 2718 520 2784 οἱ
540 2728 608 2796 ταῖς
631 2721 813 2787 ἑπισκεπδοι
834 2725 898 2787 τ’ὤν
925 2717 1098 2806 λεωφόρων
1104 2769 1115 2800 ,
1137 2723 1231 2808 αἴπερ

204 2901 246 2954 11.
265 2898 475 2974 παραδίδωκαλ

137 3073 292 3127 assiduitas:
319 3081 430 3142 propter
455 3087 524 3143 quae
549 3073 627 3125 etism
653 3073 784 3128 dubitatio
813 3087 904 3126 ornnes
922 3073 1031 3127 tenebat
1050 3081 1077 3125 et
1094 3074 1233 3128 admiratio

137 3146 238 3214 ingens,
259 3147 390 3215 quomodo
410 3161 469 3198 eum
488 3146 611 3213 superior
637 3161 686 3199 rex
704 3145 819 3199 blicbael
845 3147 961 3213 inopiam
986 3153 1143 3213 quereretur
1161 3161 1235 3197 sem.

137 3226 228 3283 peret
246 3226 392 3286 egestatem
415 3220 507 3282 diram,
536 3226 563 3270 et
581 3220 708 3270 infirmam
729 3218 782 3272 sibi
801 3232 905 3270 manum
935 3234 995 3269 esse
1014 3218 1116 3268 diceret
1132 3218 1165 3269 ad
1183 3217 1235 3270 be.

137 3290 256 3342 neboium
274 3304 385 3357 parrum
403 3297 514 3358 propter
532 3291 610 3358 regni
630 3291 772 3354 fortunam,
794 3305 828 3342 ex
847 3288 969 3358 qualibus
989 3289 1106 3341 lontibus
1125 3289 1169 3340 bic
1188 3290 1235 3357 qni

138 3361 288 3426 postillam
309 3362 485 3413 Romanorum
505 3370 639 3429 sceptrum
663 3369 807 3429 acceperat
828 3369 901 3413 tauta
919 3360 1109 3413 inenarrabilia
1128 3359 1235 3413 benefl-

140 3434 178 3482 ciu
198 3439 224 3482 et
242 3432 311 3482 dona
331 3441 358 3482 et
375 3431 473 3484 diuites
493 3433 652 3501 largitiones
670 3433 834 3485 ostendisset
847 3441 875 3485 et
889 3434 1005 3484 bonores
1025 3447 1105 3500 supra
1126 3447 1234 3485 arenam

141 3510 165 3553 et
182 3501 289 3552 eborum
309 3502 465 3554 coelestium
486 3503 621 3554 luminum.
659 3512 738 3570 atque
765 3504 835 3571 quod
854 3513 1003 3556 ceterorum
1024 3506 1125 3556 dierum
1144 3504 1233 3556 bono.

139 3587 179 3623 res
195 3572 291 3622 attinet
309 3580 418 3638 propter
441 3571 634 3624 multitudinem
655 3587 745 3624 eorum
767 3581 794 3623 et
813 3575 942 3625 inlinitum
966 3591 1104 3626 numerum
1124 3575 1233 3627 silentio

140 3643 223 3694 traditi
251 3650 330 3694 sunt:
359 3657 428 3711 quue
452 3649 540 3693 autem
566 3643 610 3693 die
634 3643 766 3695 dominica
797 3644 942 3710 pulmarum
961 3644 1124 3708 acciderunt,
1143 3661 1234 3699 omnes

142 3713 224 3782 aliquo
252 3714 331 3766 modo
360 3714 517 3766 excitarunt.
561 3713 645 3766 omnis
673 3715 743 3765 enim
768 3722 916 3766 conventus
941 3715 1073 3780 myriades
1099 3716 1234 3768 bominum

143 3785 267 3838 excedens
289 3785 389 3837 viritim
410 3791 437 3835 et
454 3783 599 3836 seeundum
618 3785 705 3852 capitu
717 3786 820 3854 magnis
840 3784 983 3837 ornabatur
1001 3786 1146 3838 bonoribus
1165 3803 1233 3856 qua.

142 3865 197 3908 tuor
216 3866 243 3909 et
260 3859 378 3925 quinque
402 3857 499 3924 gradus
517 3857 723 3923 superantibus,
742 3859 780 3909 ita
804 3865 884 3910 utne
904 3859 962 3924 ipse
981 3858 1087 3925 quidem
1103 3866 1234 3924 protove.

143 3929 242 3981 stiurius
261 3945 277 3980 u
297 3943 362 3996 rege
381 3935 474 3994 posset
488 3929 612 3994 recipere
631 3928 776 3982 honoratos
792 3937 819 3979 et
835 3930 1170 3998 dignitatesprouuntiure
1186 3932 1235 3984 ssd

144 3999 297 4053 obrueretur
316 3999 463 4052 bonoribus
483 4013 564 4067 saepe
583 4008 611 4050 et
629 4002 738 4052 eederet
765 4000 797 4052 ud
818 4001 972 4068 suffragium
990 4015 1135 4068 rursusque
1153 4017 1235 4055 reue.

137 4071 277 4124 duretent
297 4072 378 4124 etium
396 4073 424 4122 in
448 4072 542 4124 eodem
560 4071 622 4123 loco
640 4081 714 4125 stans
734 4080 866 4139 perpetuo
890 4080 982 4124 auctas
1000 4070 1165 4125 uocelera'ret
1182 4074 1236 4125 bo.

143 4151 290 4196 uoratorunr
310 4142 541 4211 pronuntiationes
562 4151 589 4194 et
606 4142 726 4197 laborem
745 4143 858 4196 baberet
874 4151 984 4209 tantum,
1003 4151 1033 4196 ut
1051 4145 1076 4196 ei
1096 4153 1124 4198 et
1140 4159 1236 4198 voeern

145 4216 287 4272 οοολοετει.
337 4214 423 4268 disan
448 4214 512 4283 quid
536 4214 679 4270 urbanius:
706 4215 814 4271 desides
837 4223 865 4291 st
891 4230 1022 4284 pauperes
1049 4217 1123 4272 urbis
1142 4218 1189 4288 qul
1205 4217 1236 4270 iu
