3017 4892
133 337 136 346 '
248 317 322 392 268
529 318 748 389 monimus
782 313 1045 387 wlnonis.

213 508 215 517 ·
251 508 341 570 κητος
362 487 417 549 κατ’
438 477 556 566 ι’ίβατος
577 479 626 568 η’ν.
670 479 714 560 nic
738 481 948 569 σ”ἒφύνησαν
970 480 1040 546 τύτε
1059 479 1097 546 τύ
1128 485 1190 564 τῆς
1216 479 1374 562 ‘Perpeti-

250 589 307 669 κῆς
327 587 526 670 ἐπικρατείας
536 583 699 670 ἐπίσημα,
722 586 842 660 πάντας
876 584 959 666 δμοῦ
984 582 1059 659 τούς
1079 586 1297 662 Βυζαντίους
1328 588 1384 660 εἷς

250 688 371 770 θάρσος
392 690 500 769 μεῖζον
524 687 580 751 καί
607 690 692 772 νίκης
721 688 836 752 ε’λπίδα
868 680 1137 778 ἔπε’λδησαη,·ύτι
1157 683 1219 748 καί
1243 684 1289 748 αἱ
1310 712 1376 750 πα.

250 789 355 873 ρύλιοι
375 786 483 864 πόλεις
504 782 627 854 ἅπασαι
648 788 721 864 τούς
742 792 802 851 τοῦ
823 787 1037 853 Βοτανειύτον
1059 784 1178 865 πεζούς
1199 784 1378 871 στρατιά.

252 917 310 970 τος
340 893 615 975 παραγενομένους
643 887 805 971 εὐθύμως.
824 892 987 971 ἐδέξαντο,
1010 885 1045 951 τύ
1070 911 1106 952 τε
1138 891 1203 952 τῶν
1238 889 1381 951 Πυλῶν
1397 905 1426 955 5

252 983 336 1058 ὅσον
360 990 415 1056 καί
432 990 466 1055 τὸ
483 992 522 1055 ἐν
545 994 717 1079 Πραινὲτῳ
741 990 798 1055 καί
817 987 898 1072 asise}
922 988 1136 1072 Νικομήδεια,
1159 980 1202 1072 ἧς
1223 986 1245 1051 δ
1269 1012 1380 1069 στρα-

250 1091 345 1176 τηγὸς
379 1089 441 1174 πρὸ
473 1094 530 1172 τῆς
562 1094 701 1165 Νικαίας
728 1091 771 1179 τῷ
803 1089 999 1176 Βοτανειύτη
1033 1083 1113 1169 μετὰ
1148 1093 1379 1182 περιχαρείας

253 1191 438 1276 ἀπήντησεν.
461 1189 537 1253 edet
560 1188 594 1254 τὸ
618 1193 652 1254 ἐν
667 1190 906 1275 Ῥοσφινιανοῖς
917 1187 1089 1270 πολίχνιον,
1115 1185 1381 1272 καρτερώτατον

253 1291 308 1356 κατ’
328 1287 580 1372 δυσμαχώτατον
602 1283 638 1352 δν
657 1292 713 1353 καί
732 1287 835 1370 στύμσ
855 1292 911 1372 τῆς
936 1288 1178 1370 μεγαλοπόλεας
1204 1287 1377 1372 κείμενον,

254 1389 410 1477 φροντίδα
432 1391 489 1452 τού
521 1387 661 1473 Μιχαὴλ
690 1388 744 1454 διὰ
767 1388 824 1474 τὴν
843 1386 923 1471 πρὸς
948 1384 1005 1472 τὴν
1025 1387 1179 1469 βασιλίδα
1203 1383 1376 1471 ἐγγύτητα
1393 1411 1428 1460 ι(

185 1579 187 1586 ’
252 1589 370 1666 ταύτας
389 1587 474 1665 ίντός
494 1589 677 1668 ύπεδίξατο.
729 1595 786 1655 καί
816 1592 858 1654 δι’
877 1592 985 1674 ὀλίγον
1017 1588 1071 1652 καί
1088 1587 1270 1671 α’καριαίου
1296 1616 1372 1654 και-

254 1693 314 1778 ρού
333 1689 436 1754 πάντα
459 1687 500 1754 τὰ
519 1693 576 1775 τῆς
609 1688 727 1757 ἐκείνου
751 1690 904 1774 αἱρέσεως
924 1686 1174 1775 ἐπληρώθησαν,
1199 1676 1267 1755 καί
1287 1689 1369 1774 πρός

254 1788 349 1856 αὐτὸν
369 1793 457 1856 πᾶσα
479 1788 586 1877 ἦλικιά
608 1815 660 1855 και
682 1789 782 1877 φύσις
804 1794 964 1872 μετέθετο.
1017 1783 1101 1854 ούτοι
1128 1789 1207 1854 θεία
1227 1815 1285 1865 τις
1308 1790 1370 1854 δύ-
1468 1822 1478 1891 3

253 1915 347 1973 ναμις
368 1888 486 1967 πάντας
504 1892 645 1956 συνύθει
666 1891 723 1958 καί
743 1890 892 2016 συνήργει
914 1891 991 2015 πρὸς
1018 1892 1074 1975 τὴν
1095 1893 1153 1954 τού
1175 1892 1408 1974 ἕρχομὲνονςῑ,
1469 1926 1482 1995 η

252 1997 410 2076 βασιλέως
432 1996 608 2059 οἰκείοοοιν·
651 1995 722 2060 ἐπει
740 1997 795 2058 καί
821 1990 851 2056 οἱ
872 1996 948 2078 περί
973 1990 1030 2057 τὸν
1049 1990 1268 2076 βασιλεύοντα
1291 1998 1364 2058 Μι-
1464 1976 1482 2077 l

252 2094 355 2178 χαήλ,
386 2098 419 2174 ἐξ
440 2089 513 2158 δτου
532 2117 589 2180 περ
619 2120 648 2160 οι
674 2099 731 2160 τοῦ
755 2092 968 2160 Βοτανειοὶτου
998 2119 1055 2179 την
1086 2094 1181 2157 πύλιν
1215 2097 1364 2158 κατεῖδον
1464 2086 1467 2149 ἶ

254 2197 394 2270 κάκεῖνος
410 2194 623 2281 προσήγγισε,
651 2199 713 2261 τῶν
735 2200 796 2259 τού
814 2200 994 2280 Βρυεννίου
1025 2196 1106 2260 κατά
1129 2219 1218 2271 τινας
1241 2201 1361 2278 ξυμβο.
1469 2248 1470 2251 ,

256 2292 315 2371 λος
335 2291 421 2398 παρὰ
443 2296 636 2379 προσδοκίαν
653 2301 873 2380 περιεγίνοντο.
894 2293 1089 2378 στρατιώτας
1111 2295 1172 2378 γύρ
1197 2295 1363 2382 ύΒρυέν-

138 2422 141 2432 ’
258 2419 322 2472 νιος
352 2387 540 2473 α’ποστειλας
569 2421 614 2472 εις
640 2396 696 2482 τήν
726 2399 782 2480 τῆς
806 2398 948 2474 Κυζίκου
979 2396 1177 2480 χερρόνησον
1211 2397 1268 2480 τῆς
1297 2399 1363 2461 αύ-
1369 2409 1402 2464 tt

257 2501 310 2582 τῆς
337 2501 397 2578 μὲν
426 2496 584 2583 ύποταγῆς
616 2501 762 2581 ἐπειρᾶτο
789 2496 863 2570 τούς
885 2495 1059 2578 ἐγχωρίους
1083 2498 1286 2579 ποιήσασθαι
1308 2524 1362 2562 και

258 2602 477 2686 δασμοφσρεῖν
505 2597 622 2676 αύτούς
652 2591 784 2686 ηρξατο·
839 2599 949 2673 στόλος
982 2599 1010 2660 δ’
1037 2600 1072 2660 ἐκ
1102 2600 1159 2682 τῆς
1189 2602 1361 2679 βασιλίδος

257 2699 447 2783 καταλαβών
466 2699 600 2776 τούτους
629 2703 885 2786 κατεπολέμησε,
910 2703 964 2762 καὶ
984 2698 1121 2773 πολλούς
1139 2702 1202 2764 τῶν
1224 2701 1261 2765 ἐκ
1285 2704 1362 2764 Κυ-

329 2859 520 2952 adplorans
538 2864 680 2932 interpres.
766 2859 834 2916 dss‘l
942 2861 992 2930 11.,
1006 2854 1073 2916 αὐτὸ
1092 2855 1158 2921 τούς
1174 2860 1231 2917 sul
1318 2864 1361 2918 1&
1467 2846 1468 2849 ¹

326 2921 374 3002 sd]
395 2930 496 2988 susat?

260 3081 378 3136 nationis
398 3083 525 3152 insignia,
545 3097 636 3136 omnes
655 3079 732 3136 simul
751 3079 899 3147 Byzantios
917 3081 949 3132 ad
968 3081 1082 3134 animum
1107 3082 1234 3133 maiorem
1260 3089 1289 3134 et
1312 3085 1361 3134 ri.

230 3197 235 3210 .
259 3155 360 3206 ctoriae
379 3170 450 3222 spem
479 3156 643 3217 excitarunt,
669 3153 731 3220 quia
758 3153 835 3203 etiam
861 3154 1007 3204 maritimae
1030 3152 1109 3205 urbes
1135 3169 1227 3206 ornnes
1252 3155 1363 3220 pedites

257 3226 416 3278 Bataniutne
433 3225 533 3277 milites
553 3226 727 3276 advenientes
746 3223 862 3276 libenter
882 3233 1061 3292 exceperunt,
1080 3224 1204 3290 Pylarum
1232 3227 1361 3293 oppidum

263 3304 289 3348 et
303 3295 426 3348 Praeneti
441 3304 472 3347 et
490 3295 721 3361 ipsnllicodemia‚
741 3296 817 3345 cuius
836 3296 963 3347 durante
977 3295 1101 3347 Nicaeum
1121 3297 1280 3348 Botaniatae
1299 3312 1362 3347 cnm

258 3366 341 3418 multu
367 3365 464 3434 gaudio
491 3365 616 3418 obvenit:
642 3381 730 3433 neque
749 3368 884 3434 oppidum,
904 3367 974 3434 quod
1001 3376 1041 3420 est
1066 3368 1095 3417 in
1121 3367 1287 3432 Rufinianis,
1311 3368 1364 3418 lir-

258 3437 402 3490 missimum
422 3445 450 3488 et
466 3439 580 3488 maxime
600 3437 783 3505 impugnabile
801 3446 829 3489 et
850 3453 879 3490 os
898 3438 1076 3506 megalopolis
1095 3440 1227 3489 rationem
1238 3438 1365 3492 lliclrae.

259 3510 293 3561 lis
312 3505 444 3571 babebat,
474 3509 536 3576 quia
557 3523 642 3575 prope
660 3508 751 3560 urbem
774 3510 846 3560 etei
868 3511 1128 3562 coniunctumerat:
1160 3510 1208 3576 sed
1235 3517 1262 3560 et
1284 3511 1364 3577 ipsos

258 3579 362 3649 pedites
383 3580 440 3631 eius
458 3579 558 3634 milites
577 3581 648 3633 intus
666 3582 780 3648 recepit.
805 3589 885 3649 atque
904 3597 953 3648 per
970 3597 1083 3648 pannum
1102 3588 1129 3632 et
1146 3581 1231 3632 breve
1256 3589 1366 3648 tempus

259 3652 347 3704 amnia
367 3651 424 3704 eius
443 3653 526 3719 partis
545 3651 654 3720 impleta
672 3660 742 3718 sunt,
763 3653 840 3705 etad
860 3669 919 3704 eum
937 3655 1022 3705 omnis
1035 3660 1108 3703 aetas
1127 3658 1155 3703 et
1166 3659 1263 3703 natura
1286 3660 1366 3704 tnn-

258 3723 344 3776 aibat:
363 3725 400 3774 ita
419 3723 510 3776 divina
529 3725 657 3808 quaedam
676 3725 717 3775 vis
737 3740 830 3776 omnes
850 3724 988 3790 premebat
1006 3733 1033 3774 et
1051 3724 1218 3775 conducebat
1236 3723 1270 3774 ad
1288 3725 1367 3791 regis

255 3795 393 3854 uenientis
421 3796 654 3847 coniunctionem:
683 3796 901 3864 quandoquidem
930 3797 1010 3846 etiam
1034 3797 1080 3864 qni
1105 3797 1177 3848 circa
1204 3802 1367 3862 regnantem

260 3865 418 3918 llicbaelem
442 3873 536 3930 erant,
562 3883 597 3918 ex
622 3881 673 3934 qno
692 3867 848 3918 Bolaniatae
871 3868 973 3917 mitites
995 3867 1088 3918 urbem
1116 3874 1316 3933 conspexerunt
1337 3873 1368 3917 et

259 3933 307 3988 ille
315 3939 554 4017 appropinquavit,
574 3937 692 4003 Bryenui
710 3937 810 3988 milites
830 3937 984 4006 quibusdam
1004 3938 1117 4022 proeliis
1135 3946 1242 4005 praeter
1262 3951 1365 4019 exspe-

259 4006 402 4056 ctationem
421 4008 595 4075 superabant:
614 4007 713 4060 milites
734 4011 804 4061 enim
814 4010 964 4074 Bryennius
982 4011 1091 4061 mittens
1109 4011 1137 4061 in
1149 4009 1243 4074 Cynici
1262 4010 1364 4075 penin-

260 4075 371 4130 sulam³
363 4089 391 4126 tn
413 4081 522 4130 eandem
541 4081 669 4133 ditionem
688 4081 811 4132 studebat
828 4079 931 4131 incolas
950 4081 1075 4149 redigere
1097 4089 1125 4132 et
1138 4079 1285 4148 vectigalia
1300 4079 1364 4128 exi-

261 4162 327 4216 gere
348 4146 407 4199 ab
399 4147 434 4197 tis
455 4151 559 4214 coepit·
578 4152 673 4205 classis
692 4160 780 4203 antem
799 4167 832 4202 ex
851 4151 918 4202 urbe
936 4153 1083 4205 adveniens
1103 4153 1152 4204 bns
1169 4150 1314 4203 debellavit
1331 4155 1364 4197 et

263 4217 363 4274 multos
381 4217 532 4286 Cyzicenos
550 4223 672 4280 reterens
676 4225 797 4290 ,privata
822 4230 865 4278 est
883 4221 925 4278 liis
949 4225 983 4277 ad
1002 4225 1064 4278 litus
1082 4223 1273 4278 altemirus
1287 4218 1366 4274 rnili-
