3017 4892
593 357 800 425 ueremi.
944 304 1021 379 f
1195 350 1265 425 ren

156 514 202 587 ῶν
230 514 329 605 ἦρχεν
358 523 438 605 άνηρ
474 521 667 606 δραστήριος
695 529 751 589 καί
777 529 863 609 γένος
895 525 1006 607 αυ’χῶν
1035 522 1198 604 βασιλικὸν
1225 527 1260 589 ἐκ

155 623 336 705 Περσίδος,
366 620 496 702 ὀνόματι
527 623 730 705 Ἀμερτικῆς,
752 622 916 707 μακρόθεν
948 618 1097 706 ἑπόμενοι
1116 624 1171 689 καί
1194 616 1260 691 οἷον

155 724 410 806 δορυφοροῦντες
432 716 546 805 ἢπρός
559 726 710 802 ἐπίδειξιν
730 728 979 808 περιτρέχοντες.
1002 728 1077 807 περί
1099 726 1133 789 δὲ
1155 726 1280 807 δείλην

155 822 255 902 σ’ψίαν
279 823 629 905 στρατοπεδευσάμενος
660 822 675 886 ὁ
700 823 854 906 βασιλεύς
883 826 943 908 πρὸ
974 828 1034 888 τοῦ
1056 819 1261 907 Ἱεραπόλεως

127 915 266 998 5άστεος
286 920 409 1009 τάφρον
424 926 523 988 ἐκεῖσε
542 924 597 989 καί
610 923 739 1008 χάρακα
753 924 836 991 κατά
859 923 895 990 τό
916 926 1096 1006 εἰθισμένον
1115 916 1261 1007 ἐπήξατο.

156 1017 246 1088 οόπω
277 1025 313 1087 δέ
343 1022 399 1107 την
428 1024 607 1108 άποσκευην
641 1023 670 1090 οἱ
687 1021 841 1109 Ῥωμαῖοι
871 1029 1009 1110 βεβαίως
1038 1034 1107 1100 ταῖς
1131 1034 1260 1110 σκηναῖς

154 1124 357 1205 άποθέμενοι,
378 1126 455 1208 μηδ’
475 1123 716 1243 ἐγχρονίσαντες
738 1128 892 1208 ταόταις,
913 1119 984 1193 όσοι
1006 1129 1063 1209 τῆς
1084 1124 1260 1210 ὑπηρεσίας

156 1224 301 1309 υπῆρχον
321 1224 376 1290 κατ’
396 1228 451 1308 τῆς
470 1229 533 1289 τῶν
556 1227 731 1311 Ἀρμενίων
752 1227 953 1352 συντάξεως,
961 1223 1045 1293 εόθό
1063 1228 1117 1311 τῆς
1140 1222 1260 1301 πόλεως

157 1319 320 1409 ῶρμησαν.
363 1332 418 1392 κατ’
440 1330 566 1409 ἐπείπερ
589 1320 684 1412 ευρον
716 1329 818 1413 ου’την
850 1330 890 1392 ου’
910 1327 993 1393 πάνυ
1016 1324 1069 1391 διά
1093 1329 1154 1392 τῶν
1176 1322 1262 1399 ἐντὸς

111 1435 147 1489 10
158 1449 411 1511 αντιμαχομενην
448 1425 617 1517 (ἔφθησαν
641 1427 698 1512 γάρ
734 1426 764 1493 οἱ
797 1429 978 1551 Σαρακηνοι
1010 1429 1052 1515 τῷ
1082 1423 1172 1513 φόβῳ
1204 1447 1260 1505 ant

156 1531 323 1611 βασιλικῆς
343 1530 514 1614 ἐπιδημίας
535 1532 713 1615 φυχαδείοιν
731 1526 864 1595 ἑλέσθαι
885 1530 988 1647 πέραν
1004 1532 1061 1593 τοῦ
1082 1526 1259 1611 Εὐφράτου

155 1633 340 1752 ποταμοηῖ),
375 1627 459 1711 ταχά
494 1628 683 1710 βιασάμενοι
706 1628 762 1704 τάς
791 1624 934 1703 πάλας
921 1624 1008 1704 εντός
1037 1626 1261 1710 εἰσεπήδησαν.
1274 1669 1279 1677 ,

155 1752 212 1791 και
232 1731 340 1793 σιτίων
369 1732 429 1808 μὲν
451 1754 503 1791 και
537 1731 590 1810 τῆς
612 1722 709 1812 αλλης
738 1731 914 1814 διατροφῆς
941 1730 986 1801 εἰς
1008 1727 1102 1811 κόρον
1122 1747 1262 1807 μετακο-

155 1826 254 1910 μιδην
282 1826 472 1911 ἐποιήσαντο
501 1829 680 1912 (α’φθονίαν
707 1831 769 1912 γάρ
806 1823 927 1893 τούτων
958 1817 1052 1910 εὗρον
1086 1830 1188 1892 ἐκεῖσε
1209 1822 1265 1889 καί

113 1939 147 1991 15
158 1923 245 1991 οἴνου
266 1953 296 1991 τι
315 1929 412 2008 μέρος
433 1933 488 1992 καί
508 1932 571 1993 τῶν
596 1925 832 1994 εὐτελεστάτων
854 1929 984 2014 εἰδῶν),
1006 1928 1069 1993 τῶν
1090 1928 1126 1993 δέ
1147 1949 1260 2009 τιμιω-

156 2030 257 2112 τέρων
286 2025 444 2113 λαφύρων
466 2030 645 2112 α’πέτυχον,
675 2029 896 2113 προλαβόντων
923 2031 986 2094 τῶν
1015 2030 1174 2110 πολεμίων
1203 2031 1259 2093 κατ’

157 2133 445 2210 συσκευασαμένων
468 2129 550 2195 ου’τά
572 2136 646 2211 μεθ’
665 2126 788 2195 ἑαυτῶν
811 2132 844 2195 ἐν
866 2134 911 2217 τῷ
929 2130 1118 2216 ἀποδράναι.

257 2233 329 2294 Καί
355 2234 457 2295 ταῦτα
491 2234 550 2312 μὲν
577 2235 632 2297 ἐπί
661 2233 716 2315 τῆς
743 2230 984 2315 μεγαλοπόλεως
1017 2231 1158 2315 ἐκείνης,
1189 2224 1259 2313 ἥτις

157 2330 303 2414 α’μαχητί
327 2325 524 2415 κρατηθεῖσα
557 2331 675 2418 πολλὴν
713 2332 888 2417 εὐμάρειαν
920 2336 1037 2399 δέδωκε
1066 2340 1130 2407 τοῖς
1161 2357 1262 2415 στρα-

112 2432 284 2507 torturam
325 2431 404 2516 πρός
441 2432 498 2516 την
531 2438 631 2500 ἐκεῖσε
670 2434 850 2517 διαγωγήν,
884 2432 965 2519 πλην
1010 2437 1103 2501 τινῶν
1131 2432 1259 2516 πάρχων

155 2525 383 2615 όψηλοτάτων,
415 2536 511 2618 τριῶν
544 2535 562 2619 ἦ
590 2533 768 2618 τεσσάρων,
796 2532 874 2600 ἔνθα
906 2538 1086 2620 Σαρακηνοί
1108 2532 1258 2613 οἷνιόντες,

155 2631 210 2695 καί
230 2631 285 2714 την
317 2626 429 2699 άνοδον
458 2631 500 2710 ῶς
531 2634 721 2721 στενόπορον
758 2636 988 2720 κατασχόντες,
1019 2635 1258 2721 ἐφιλονείκησαν
1297 2628 1302 2639 '

228 2800 253 2852 7.
274 2800 338 2857 ὅσοι
356 2804 505 2871 interpres.
526 2804 555 2858 0.
580 2803 659 2860 ὅσαι.

156 2957 258 3011 Arabes
278 2966 365 3011 autem
378 2975 437 3012 eum
449 2960 540 3013 Tarnis
557 2962 644 3025 etiam,
664 2961 753 3029 quiiis
773 2962 891 3027 aderant,
909 2974 964 3014 non
980 2962 1083 3029 paucis,
1097 2958 1213 3030 quibus
1207 2974 1258 3013 nn-

156 3029 266 3096 perabat
284 3032 326 3084 vir
344 3039 468 3085 strenuas
487 3040 515 3083 et
533 3048 617 3100 genus
636 3034 737 3085 iactans
759 3034 863 3101 regium
883 3033 1017 3086 ePerside
1035 3033 1143 3084 nomine
1161 3034 1258 3085 Amer-

155 3101 236 3183 tiles,
257 3102 447 3171 exlenginquo
462 3113 606 3172 sequentes
626 3113 653 3158 et
664 3106 740 3173 quasi
759 3104 890 3157 satellites
901 3120 930 3157 se
946 3112 1072 3173 gerentes
1090 3110 1136 3155 aut
1154 3105 1258 3155 iaetan-

155 3172 209 3223 tiae
228 3188 308 3224 causa
327 3176 426 3225 circum
451 3183 599 3227 curreutes.
620 3177 692 3229 eirca
703 3192 855 3243 vesperum
875 3184 963 3227 autem
983 3183 1069 3227 castra
1088 3190 1192 3240 ponens
1210 3190 1259 3225 rex

71 3266 75 3271 ·
157 3251 216 3293 ante
234 3245 391 3312 Hierapolin
410 3246 502 3298 urbem
522 3248 620 3299 lessam
640 3248 676 3298 ibi
697 3256 723 3299 et
742 3248 841 3300 vallum
868 3263 900 3298 ex
919 3247 1113 3299 consuetudine
1133 3246 1198 3298 lixit.
1222 3248 1259 3298 ita

158 3322 244 3365 autern
263 3317 451 3399 impedimenta
464 3319 559 3371 Graeci
578 3319 710 3371 fortiter
704 3335 730 3370 nr
751 3320 875 3372 tentorns
886 3320 1063 3387 deponentes,
1082 3334 1170 3385 neque
1191 3332 1257 3369 vero

157 3395 297 3438 versantes
321 3389 348 3437 in
369 3388 410 3441 his
431 3392 582 3458 quicunqne
611 3390 747 3458 laboribus
766 3389 931 3458 imperabant
960 3398 986 3442 et
1006 3390 1091 3443 ordini
1110 3390 1256 3441 Armenio-

156 3473 220 3519 rum,
240 3459 368 3511 adversus
389 3461 479 3512 urbem
499 3461 615 3529 proiecti
638 3472 718 3527 sunt.
739 3471 766 3513 et
785 3462 998 3532 quandoquidem
1018 3442 1197 3514 invenerunt
1200 3476 1257 3513 eanr

155 3542 207 3577 non
235 3529 341 3578 omnino
368 3545 416 3594 per
437 3546 483 3582 ens
509 3534 553 3599 qni
573 3532 644 3584 intus
665 3542 740 3584 erant
760 3534 895 3585 defensam
927 3538 1021 3601 (antea
1041 3534 1110 3585 eninr
1130 3532 1257 3585 Saraceni

155 3605 226 3649 metu
248 3598 378 3649 adventus
397 3603 469 3669 regis
490 3602 579 3667 lugam
598 3612 726 3668 ceperant
749 3612 821 3655 trans
841 3604 1001 3669 Euphratem
1022 3602 1157 3669 lluvium),
1178 3603 1256 3655 cele-

157 3669 220 3718 riter
239 3677 331 3751 portas
350 3664 505 3736 frangentes
525 3672 595 3720 intus
614 3672 783 3723 insilierunt:
803 3681 883 3739 atque
902 3674 1027 3723 frumenti
1048 3681 1075 3722 et
1093 3671 1192 3738 reliqui
1212 3674 1258 3725 vi.

156 3749 212 3792 ctus
231 3742 263 3792 ad
282 3740 432 3792 satietatem
452 3748 626 3792 commeatum
644 3742 706 3792 inde
727 3742 858 3793 lecerunt.
888 3744 991 3809 copiam
1007 3743 1076 3793 enlm
1095 3742 1190 3793 horum
1208 3760 1256 3795 re-

155 3821 281 3877 pererunt
300 3812 337 3863 ibi
367 3821 393 3863 et
419 3814 475 3865 vini
502 3821 604 3880 partem
624 3820 651 3863 et
669 3813 860 3865 vilissimorum
879 3829 1024 3883 generum,
1044 3814 1142 3879 praeda
1169 3824 1257 3866 autem

155 3887 238 3952 inagis
263 3885 402 3935 aestimata
428 3887 599 3950 exciderunt,
626 3900 685 3937 cum
705 3885 796 3937 hostes
817 3901 873 3936 eam
892 3886 1105 3953 praeripuissent
1125 3894 1151 3937 et
1167 3902 1257 3939 secum

155 3964 307 4021 portassent
327 3953 495 4029 effugientes.

251 4046 340 4112 Atque
376 4046 443 4096 haec
476 4046 582 4114 quidem
614 4047 643 4095 in
675 4045 724 4095 illa
760 4045 842 4117 urbe,
873 4061 942 4114 qnae
973 4047 1032 4099 siue
1063 4060 1152 4115 pugna
1184 4049 1257 4101 victa
1296 4046 1301 4065 '

153 4117 258 4168 multam
286 4117 442 4169 facilitatem
469 4116 591 4184 praebuit
617 4116 747 4168 militibus
773 4118 805 4179 ad
830 4120 930 4171 vietum
955 4119 983 4169 in
1004 4134 1036 4169 ea
1054 4126 1146 4185 terra,
1173 4134 1257 4171 exce-

154 4190 205 4251 ptis
229 4188 367 4241 nonnullis
396 4190 513 4241 turribus
533 4188 687 4253 altissimis,
713 4188 796 4241 tribus
828 4198 873 4241 aut
898 4197 1038 4259 quattuor,
1065 4191 1110 4243 ubi
1130 4191 1256 4245 Saraceni

155 4262 328 4324 ascendentes
347 4270 376 4312 et
389 4263 441 4313 iter
451 4270 479 4313 ut
490 4269 630 4329 angustam
646 4269 809 4329 occupantes
822 4269 1006 4315 certarunttex
1015 4266 1102 4333 patrie
1121 4274 1256 4317 enomere
