3017 4892
602 369 811 437 maronia
1024 468 1027 475 ι
1185 354 1255 435 tto

157 542 344 620 τιθεμένων,
368 534 445 621 πρός
466 563 497 605 τι
523 528 656 615 όυαντες
680 536 860 625 καῖ’τραχό
881 538 1000 621 χωρίον
1021 533 1076 621 την
1101 538 1185 601 ίδίαν
1199 560 1259 601 κα·-

156 638 356 724 τασιιὴνοοολυ
376 639 566 724 ἐποιήσατο,
586 641 766 725 Ῐδωματίοις
796 642 971 723 έπιστέγσις
1000 634 1258 722 έπιγαννόμενος,

156 743 213 806 καί
234 736 363 825 φεόγων
387 737 444 825 την
470 742 504 805 έκ
526 743 581 825 τῆς
602 745 813 826 σκηνοπηγίας
836 738 1035 823 έισκὴνιοσιυ.
1079 735 1158 802 ένθα
1180 737 1259 820 δήτι

157 844 213 908 καί
232 843 350 925 συνέβη
373 844 435 907 τῶν
457 847 618 927 προτέρων
641 843 699 905 otia
720 840 847 907 ἔλαττον
858 844 903 917 εἷς
927 841 1171 923 κακοδαιμονίας
1183 837 1260 903 olai-

129 955 267 1024 5νισμα.
321 943 392 1023 πόρ
419 941 482 1026 γόρ
507 947 606 1006 ποθεν
635 945 771 1025 έναχθέν
799 942 872 1016 roric
907 940 1026 1023 δόμους
1056 936 1204 1019 έκείνους,
1225 942 1260 1003 έν

157 1033 205 1119 οἷς
225 1043 242 1106 ό
266 1040 427 1123 βασιλείας.
449 1039 677 1129 έγκατηόκιστο,
704 1040 784 1123 μετὰ
809 1045 924 1126 πολλῆς
943 1043 998 1126 τῆς
1020 1042 1097 1125 ἠχῆς
1120 1039 1261 1127 ἐξαφθὲν

156 1148 353 1226 κατενέμετυ.
396 1144 452 1208 καί
468 1140 581 1208 πολλοί
599 1146 659 1226 μέν
681 1146 882 1228 συνέδραμον
899 1144 947 1219 εἰς
962 1140 1016 1226 τόν
1037 1141 1139 1205 αότοό
1159 1137 1262 1207 sorei-
1350 1136 1361 1150 '

157 1228 268 1331 σβεόιν
296 1249 351 1309 καί
371 1240 563 1329 α’πόπαυσιν,
588 1247 693 1329 όλίγυν
712 1248 748 1311 δέ
767 1270 797 1310 τι
821 1253 886 1321 τοῖς
904 1250 1081 1327 βασιλικοῖς
1101 1248 1263 1329 παρεβοη-

157 1356 264 1435 θησαν
293 1342 494 1430 πράγμασιν·
547 1343 578 1411 οἱ
600 1344 766 1433 «γόριοῦ
788 1346 946 1431 βασιλέως
974 1334 1088 1428 Ιἵπποι,
1114 1339 1194 1417 Ἰόσοι
1223 1341 1262 1411 τό

114 1450 269 1533 ιθπροότα
292 1451 356 1513 τοῖν
380 1438 485 1513 ἄλλων
519 1449 698 1533 ἐκέκτηντο,
731 1451 786 1513 καί
809 1445 846 1511 τοὶ
874 1448 937 1511 ταῖν
958 1438 1063 1509 όπλωυ
1090 1449 1261 1530 τιμιώτερα

158 1552 214 1614 καί
230 1537 359 1632 χαλινοί
380 1551 436 1615 καί
460 1547 606 1633 ὀχήματα
621 1552 753 1634 ιβρῶσις
785 1547 868 1629 όμοό
898 1547 956 1610 τοῦ
985 1542 1086 1627 πυρός
1114 1545 1262 1628 γεγόνασι

157 1649 213 1715 καί
242 1655 425 1725 κατάποσις.
476 1649 566 1729 μόλις
590 1652 619 1712 δ’
652 1641 708 1711 σόν
736 1644 943 1732 ἠδυνήθησαν
971 1670 1043 1711 τινα
1068 1648 1129 1711 τῶν
1159 1640 1262 1710 ἄλλων

159 1750 339 1833 όποφυγεϊν
358 1745 416 1831 τόν
437 1751 494 1811 soti
521 1745 622 1830 πυρός
650 1746 761 1831 ε’ρωην.
801 1748 911 1833 ,ἕτεροι
944 1747 979 1811 δὲ
999 1746 1060 1809 τῶν
1082 1745 1185 1810 ἵππων
1208 1744 1264 1809 καί

161 1844 302 1932 ἡμιόνων
323 1847 513 1933 ἡμίφλεκτοι
534 1844 863 1931 γεγονότεςῖέβόδιζου
886 1848 919 1909 έν
940 1849 978 1933 τῇ
999 1847 1146 1932 στρατιᾷ,
1168 1846 1262 1909 ου’δέυ

116 1963 150 2015 15
159 1950 320 2022 λυσιτελές
344 1946 577 2032 παρεχόμενοι,
607 1944 788 2031 μαρτυρίαν
812 1947 846 2008 δέ
874 1946 1112 2031 διεμφαίνοντες
1128 1951 1196 2031 ,τῆς
1230 1950 1263 2012 έν

159 2056 224 2133 τοῖς
244 2052 420 2130 βασιλείοις
439 2052 686 2134 προσγενομένης
709 2046 879 2132 κακότητος
912 2049 969 2111 καί
990 2049 1046 2131 τῆς
1069 2048 1262 2133 συμβολικῆς

159 2151 193 2213 έν
216 2143 317 2214 όῖπασι
339 2151 526 2226 διαθέσεως.
562 2233 565 2240 ¹

256 2248 353 2315 ’Λλλό
375 2253 480 2315 ταῦτα
500 2254 560 2333 μέν
582 2244 716 2333 όστερον
738 2248 774 2314 τό
795 2250 993 2330 α’ποτόλεσμα
1014 2253 1290 2335 συνιπέραινεν·ῐ.
1306 2264 1395 2323 litor.

102 2336 106 2343 ⁸
158 2350 177 2417 ό
199 2348 408 2433 δὲ·ςθασιλεός
432 2352 680 2434 διαπεραιωθείς
704 2348 760 2414 τόν
782 2350 948 2436 Σαγγόρην
968 2348 1108 2433 ποταμὸν
1130 2350 1183 2416 διό
1206 2352 1262 2435 τῆς

114 2456 216 2524 abaci
239 2450 374 2533 Ζόμπου
398 2446 766 2538 καλουμένηςγεφόρας,
787 2444 906 2536 ἤρξατο
930 2450 988 2529 τοὶς
1011 2450 1262 2535 όπολειπομένας

160 2556 385 2650 ουναθροιζειν
407 2551 578 2635 δυυόμεις·
631 2546 712 2637 ἦσαν
743 2551 806 2637 γόρ
830 2550 860 2618 oi
889 2556 944 2637 τῆς
966 2557 1115 2639 στρατιᾶς
1138 2557 1262 2621 διεσκε-
1297 2618 1301 2625 ,
1334 2570 1336 2574 ’

160 2657 315 2736 δασμέυοι
340 2654 420 2719 κατὰ
454 2650 573 2741 λόφους
606 2654 662 2717 καί
688 2654 850 2739 σήραγγας
880 2658 936 2719 καί
962 2651 1164 2741 κρησφόγετό
1188 2679 1260 2720 τινα

160 2753 214 2819 καί
235 2748 338 2838 όντρα
359 2754 413 2819 διόι
436 2754 496 2839 τήν
517 2757 799 2840 προδεδηλωμένην
829 2754 1085 2840 τῶνβαρβάρων
1108 2752 1261 2821 ἐπίτασιν.
1310 2748 1315 2767 '

160 2857 332 2932 καταλέξας
353 2857 383 2918 δ’
411 2849 470 2921 σόν
499 2848 592 2933 ’όσους
622 2854 705 2943 αὐτῷ
726 2858 908 2947 βουλομένην
929 2857 1022 2939 έυῆν,
1044 2855 1211 2933 πλείστους
1232 2859 1262 2921 δ’

161 3144 282 3198 domibus
300 3145 379 3198 tectis
398 3146 517 3212 gaudens
538 3155 564 3198 et
583 3146 690 3217 lugiens
710 3148 797 3198 castra
816 3160 884 3214 quae
906 3144 1029 3197 tentoriis
1047 3144 1161 3213 ligandis
1179 3144 1262 3197 fiuntc

161 3218 206 3268 nbi
227 3218 305 3269 etiam
325 3216 426 3285 aliquid
444 3218 549 3283 accidit,
575 3218 646 3287 qnod
665 3218 800 3286 prioribus
825 3232 879 3268 non
896 3218 983 3268 minus
1002 3217 1034 3268 ad
1052 3216 1184 3268 infaustae
1203 3216 1261 3269 lor.

160 3297 239 3340 tunae
264 3304 343 3340 omen
372 3290 527 3355 pertineret.
572 3291 642 3359 ignis
668 3292 737 3341 enim
763 3289 887 3341 alicunde
911 3287 1002 3340 illatus
1032 3289 1123 3340 domos
1143 3286 1214 3353 illos,
1232 3288 1260 3337 in

149 3361 255 3427 *quibus
274 3375 323 3411 rex
341 3359 485 3424 habitabat,
504 3360 588 3413 multo
608 3377 667 3413 cum
693 3361 822 3430 clangore
846 3376 976 3413 accensus
995 3360 1157 3412 devastavit:
1181 3367 1261 3427 atque

158 3432 233 3481 rnulti
259 3431 365 3497 quidem
391 3431 423 3481 ad
450 3433 651 3499 restiguendum
677 3448 735 3484 eum
754 3440 781 3483 et
798 3431 939 3485 delendum
961 3438 1162 3493 concurrerunt,
1182 3420 1260 3497 pandi

159 3509 247 3552 autem
274 3501 357 3566 replis
381 3512 570 3553 succurrerunt
594 3504 683 3555 rebus.
729 3504 790 3571 equi
817 3505 886 3556 enim
904 3504 987 3571 regis,
1012 3509 1143 3571 quotquot
1161 3516 1261 3553 summa

159 3572 272 3622 aliorum
299 3572 415 3634 praemia
440 3572 626 3637 obtinuerant,
650 3583 677 3624 et
701 3587 831 3624 armorum
859 3590 927 3641 quae
954 3582 1028 3631 erant
1045 3574 1158 3624 maxime
1176 3574 1261 3624 aesti.

159 3650 237 3706 mata,
259 3649 285 3691 et
303 3639 386 3703 irena
399 3648 426 3690 et
444 3643 512 3691 carri
533 3642 607 3693 cibus
621 3643 699 3693 simul
718 3644 789 3710 ignis
810 3644 878 3695 lacta
897 3651 998 3695 suntet
1016 3651 1103 3709 potus.
1140 3644 1188 3693 vix
1206 3644 1261 3710 igi.

161 3719 204 3763 tur
221 3718 367 3779 potuerunt
387 3712 514 3778 quaedam
535 3720 684 3762 ceterorum
704 3712 824 3778 elingere
844 3715 914 3785 igpis
934 3713 1069 3780 impetum.
1109 3711 1155 3763 alii
1174 3720 1262 3765 autern

162 3798 290 3850 equorum
319 3781 502 3850 mulorumque
530 3784 651 3834 semiusti
670 3782 743 3833 ibant
762 3784 789 3832 in
810 3783 929 3833 exercitu
953 3782 1022 3834 nihil
1041 3781 1108 3836 utile
1127 3781 1262 3849 praeben.

160 3863 220 3919 tes,
240 3854 420 3904 testimonium
440 3861 526 3904 autem
545 3853 716 3912 ostendentes
737 3852 799 3903 mali
819 3854 890 3921 qnod
907 3855 991 3922 regiis
1010 3853 1090 3907 rebus
1110 3855 1256 3921 acciderat,

161 3934 187 3977 et
205 3924 371 3993 significatae
383 3926 411 3975 in
431 3925 551 3977 omnibus
571 3924 765 3991 dispositionis.
803 3926 851 3977 sed
869 3924 935 3977 baec
946 3926 1051 3993 quidem
1070 3932 1162 3993 postea
1174 3943 1260 3980 eren.

159 4004 213 4048 tum
236 3996 394 4047 habueruut.
1309 3996 1318 4007 ‘

258 4064 425 4120 llex'autem
445 4068 763 4138 transgressussagarcm
783 4068 892 4120 fluvium
912 4084 959 4135 per
977 4076 1096 4137 pontem,
1116 4071 1161 4141 qui
1179 4072 1261 4125 Zoni.
1283 4082 1292 4126 t

51 4156 54 4161 ⁴
159 4155 208 4207 pus
228 4140 334 4204 dicitur,
355 4141 445 4208 coepit
463 4139 572 4191 relictas
591 4140 724 4208 colligere
744 4142 826 4192 vires.
867 4144 1021 4192 erantenim
1032 4142 1130 4195 milites
1148 4143 1260 4211 dispersi
1289 4133 1296 4200 l
1406 4144 1411 4157 '

159 4212 186 4261 in
214 4211 329 4263 collibus
360 4218 388 4263 et
414 4210 530 4265 vallibus
559 4220 585 4263 et
611 4212 721 4265 latebris
747 4212 902 4280 quibusdam
934 4221 960 4265 ct
988 4214 1121 4282 specubus
1152 4223 1261 4281 propter
1286 4203 1291 4268 l

159 4291 388 4344 commemoratum
412 4290 490 4336 antea
508 4283 679 4337 barbarorum
704 4285 838 4351 impeturn.
878 4284 1001 4339 collectis
1019 4286 1111 4353 igitur,
1131 4291 1261 4353 quotquot
1283 4288 1288 4323 i
1370 4323 1374 4329 .

220 4396 301 4452 utet.
318 4396 402 4450 Aust.
422 4397 488 4454 llist.
1034 4399 1067 4453 10
