3017 4892
645 335 853 406 ΙΤΟΜΔ.

190 494 244 566 οόν
267 495 405 581 ἔλεγχον.
447 499 497 563 διὸ
530 495 585 562 καί
613 501 669 582 τῆς
698 500 928 584 ἀρχαγγελικης

145 667 150 677 ,
192 602 359 685 νοίμβριον
380 599 564 684 ἐγγιζοὺσης
594 604 783 686 παρεγίνετο
814 599 895 685 πρὸς
915 601 973 688 τήν
996 598 1030 667 ἐκ
1049 599 1183 686 βάθρων
1204 603 1291 685 ε’γερ-

194 707 307 767 θεῖσαν
330 706 407 784 παρ’
430 700 535 767 αάτοῦ
553 703 651 787 μονήν
673 701 690 766 ὃ
717 701 917 789 πατριάρχης
937 699 1045 769 cirsai
1064 703 1215 789 Μιχαήλ,
1235 705 1290 769 καί

189 805 255 868 ταῖν
276 804 452 888 περιβόλων
484 804 543 868 τοῦ
561 800 701 886 μεγάλου
731 807 786 869 καί
805 801 994 890 ἀπορθήτου
1024 807 1081 868 καί
1101 806 1291 870 θεοτεάιιτυυ

166 908 384 986 ὅπολίσματος
404 901 465 984 ἔξω
486 906 651 988 γενόμενος
671 908 733 970 τῶν
766 908 823 988 τῆς
845 901 955 990 ἑορτῆς
976 909 1151 990 φιλοτίμως
1172 901 1291 991 ε’φρόν-

191 1006 257 1084 τιζε
277 1001 356 1070 susci
382 1002 420 1070 τὰ
442 998 572 1089 ἑσπέρια
593 1010 676 1092 μέρη
697 1009 752 1090 τῆς
774 1005 904 1082 πόλεως.
926 1005 942 1071 ὅ
963 1007 999 1071 dd
1018 1004 1171 1088 βασιλεῦς
1193 1001 1291 1089 ήκὸνα

88 1140 95 1154 ·
190 1104 246 1190 τήν
264 1104 439 1190 σκαιωρίαν
467 1110 523 1170 καί
548 1103 607 1190 τήν
636 1106 805 1194 ῥομφαίαν
832 1109 977 1188 ἔστιλβον
1004 1108 1059 1171 καί
1078 1103 1134 1171 τὸν
1154 1108 1292 1187 ε’νδομυ-

190 1209 311 1290 χοῦντα
341 1201 445 1287 θυμὸν
472 1215 539 1282 τοῖς
566 1208 725 1292 ἐγγίζουσι
751 1208 978 1291 παρεγύμνου·
1033 1205 1088 1270 κατ’
1111 1210 1291 1292 προπέμπει

191 1310 252 1372 τῶν
275 1303 345 1372 τινὰ
371 1309 492 1374 οἰκείων
526 1303 569 1382 ἀς
596 1305 757 1393 ἱερατικὸν
790 1305 1040 1393 συνομιλήσοντα
1057 1311 1115 1397 -τηῖ
1144 1309 1296 1392 ἀρχιερεῖ

150 1415 183 1468 10
192 1410 265 1493 περὶ
286 1409 379 1490 τινῶν
398 1407 499 1492 τυχὸν
521 1409 726 1494 ἀπορρήτων,
747 1414 802 1475 καί
822 1409 876 1476 τὸν
897 1407 1010 1493 καιρόν
1028 1413 1083 1494 τῆς
1104 1414 1173 1475 κατ’
1195 1407 1292 1472 αὐτὸν

190 1512 335 1590 σκέψεως
355 1484 415 1574 καί
430 1513 485 1595 τῆς
505 1509 610 1596 φήμης
643 1508 743 1599 τούτῳ
770 1499 1024 1594 ἀποτειχίσοντα.
1068 1508 1195 1592 καὶτῆς
1218 1510 1292 1571 δια-

190 1613 300 1689 λίξεως
320 1612 484 1694 γινομένης
506 1612 710 1694 ε’πιιιαείλαβε
738 1612 860 1694 πλῆθος
879 1612 1083 1694 στρατιωτῶν
1104 1604 1213 1684 ὅπλοις
1234 1632 1293 1671 κα-

190 1705 396 1795 τάφρακτον,
424 1709 479 1774 καί
500 1715 726 1794 περιχυθέντος
748 1707 949 1794 πανταχόθεν
978 1710 1063 1797 αὐτῷ
1088 1702 1292 1790 ἀνάρπαστον

192 1810 227 1872 ἐκ
245 1813 305 1872 τοῦ
325 1807 446 1892 θρόνου
478 1813 587 1876 τοῦτον
609 1812 728 1890 ἀτίμως
751 1814 932 1894 ἐπαίρουσι.
984 1809 1040 1877 καί
1058 1808 1179 1896 ἧμιὸνρι
1200 1810 1291 1874 καθί.
1369 1889 1384 1903 Ι
1426 1814 1430 1821 ‘

150 1917 182 1972 15
191 1932 302 1986 σαντες
322 1908 520 1993 συνήλαυνον
541 1902 620 1994 ἀχρι
641 1914 696 1992 τῆς
717 1913 750 1976 ἐν
773 1915 976 1994 Βλπχίρναις
996 1904 1111 1993 ἀκτῆς·
1135 1908 1190 1974 καί
1209 1931 1292 1992 προ·

192 2005 374 2092 στάγματος
394 2009 613 2086 καταστάντος
631 2014 802 2093 βασιλικοῦ
821 2007 870 2076 ἐντ’
887 2011 950 2076 τῶν
961 2010 1087 2092 λέμβων
1106 2011 1290 2087 σπουδαίως

189 2110 361 2193 ἀντιθεται,
383 2110 440 2176 καί
458 2106 625 2197 ὑπερόριος
646 2114 708 2177 τάν
734 2109 930 2178 ἀδικούντων
953 2110 1035 2194 τάχα
1058 2108 1287 2195 ἀπερλκλάνά

191 2206 407 2295 ποιμινάρχης
435 2214 563 2292 γίνεται.
614 2207 769 2289 ἀσαύτως
796 2213 833 2276 δὲ
855 2208 912 2275 καί
937 2208 1021 2276 edroi
1042 2213 1100 2277 ros?
1119 2214 1230 2295 γένους
1248 2208 1286 2276 τὰ

190 2307 327 2394 φίλτατα
348 2315 403 2396 τῆς
424 2311 536 2392 ὁμοίας
554 2310 762 2396 ἀπογεύονται
781 2309 890 2395 τύχης.

146 2419 181 2476 20
290 2410 389 2495 Φίρει
408 2413 608 2478 ddcdccdccc
627 2412 661 2477 τὸ
684 2410 789 2488 πάθος
809 2412 826 2477 o‘
848 2412 928 2497 ἀνήρ
948 2416 1161 2497 μικροψίχως
1178 2406 1200 2496 ἢ
1212 2415 1290 2496 ἀγε-

191 2515 275 2593 acis,
306 2511 362 2577 sui
381 2518 544 2580 κατέσεισε
565 2512 624 2599 τήν
645 2517 749 2580 πίστιν
772 2515 872 2580 edroi
893 2513 928 2580 sd
951 2517 1008 2596 τῆς
1040 2514 1190 2590 ἀπιστίας
1210 2514 1289 2598 πρὸς

192 2609 294 2679 adria
314 2615 372 2678 τοῦ
390 2611 614 2695 βασιλεύοντος
629 2615 790 2700 τόλμημα;
817 2615 858 2680 od
876 2617 936 2696 μὲν
951 2608 1019 2696 οὖν,
1041 2615 1109 2681 ἀλλ’
1135 2612 1290 2697 ου’ψάχως

189 2712 278 2794 μα’λα
302 2712 357 2779 κατ’
378 2717 530 2800 ου’γενῶς,
552 2718 607 2781 κατ’
628 2718 666 2804 τῇ
688 2722 837 2804 ιιαρτερίφ
868 2713 924 2781 τὸν
945 2708 1019 2799 ’ίώβ
1041 2717 1144 2803 πολλῷ
1166 2717 1211 2800 τῷ
1230 2735 1290 2778 πε-

261 2893 288 2944 5.
306 2893 481 2968 πολίσματος
501 2891 531 2947 G.

190 3039 297 3107 tollere,
318 3050 345 3095 ct
363 3041 414 3095 hoc
432 3044 510 3096 modo
530 3041 650 3112 elingere
666 3041 875 3110 inquisitionem.
913 3038 1081 3108 quamobrem
1102 3039 1180 3092 etiam
1199 3038 1289 3093 archi.

192 3114 283 3181 angeli
301 3115 345 3166 die
365 3115 433 3168 lesto
454 3116 526 3166 cirea
544 3131 661 3170 mensem
676 3112 849 3166 novembrem
867 3113 992 3177 instante,
1010 3111 1124 3168 accessit
1144 3111 1177 3163 ud
1195 3128 1289 3164 mona.

190 3185 299 3236 sterium
318 3201 333 3236 a
352 3202 381 3238 se
402 3204 416 3237 c
436 3186 613 3242 fundamentis
634 3193 751 3238 erectum
777 3184 926 3250 patriarcha
951 3183 994 3235 bic
1012 3182 1137 3245 michael,
1169 3192 1195 3234 ct
1212 3198 1289 3234 moe.

189 3255 266 3308 nibus
285 3273 396 3325 magnae
418 3265 444 3308 ct
462 3257 616 3312 indelebilis
636 3266 662 3309 et
680 3274 696 3309 a
715 3257 765 3308 deo
785 3257 872 3308 laetae
890 3257 964 3308 urbis
992 3270 1126 3324 egressus,
1145 3270 1189 3307 res
1208 3255 1288 3308 lestas

189 3328 308 3380 studiose
327 3330 435 3380 curabat
454 3332 481 3382 in
501 3329 712 3384 occidentalibus
740 3328 813 3380 urbis
832 3328 959 3394 partibus.
1002 3333 1157 3378 rorantem
1176 3327 1290 3380 acuebat

188 3397 275 3449 dolum
297 3408 323 3450 et
342 3402 457 3467 gladium
485 3402 650 3469 splendidum
670 3400 799 3463 faciebat,
820 3408 847 3449 et
871 3401 1001 3452 internum
1029 3399 1142 3449 animum
1161 3398 1289 3464 proximis

188 3469 346 3534 denudabat,
367 3480 393 3521 et
412 3474 507 3524 emittit
532 3475 662 3541 quendam
687 3470 856 3522 familiarium
884 3472 929 3539 qui
947 3479 977 3523 ut
994 3471 1119 3522 sacerdos
1138 3480 1288 3536 proseque-

188 3547 261 3589 retur
280 3541 432 3604 pontificem
457 3543 596 3596 maximum
628 3550 736 3610 propter
762 3543 889 3610 quaedam
912 3543 1040 3608 mysteria
1065 3550 1092 3593 ct
1119 3541 1288 3592 occasionem

189 3610 361 3674 cogitationis
382 3619 408 3659 et
427 3611 512 3661 lamae
532 3613 594 3665 huic
614 3614 783 3675 occluderet3
810 3621 836 3662 et
854 3613 992 3680 colloquio
1013 3613 1083 3663 lacto
1098 3611 1149 3662 sibi
1169 3611 1289 3662 adiunxit

188 3678 383 3732 multitudinem
411 3680 523 3731 militum
547 3684 626 3732 armis
646 3684 767 3742 cinctam,
795 3690 822 3730 et
840 3683 994 3732 circumfusi
1012 3683 1130 3746 undique
1149 3682 1174 3729 ei
1193 3693 1287 3730 corre-

188 3758 260 3816 ptum
287 3767 302 3800 e
327 3750 423 3802 throno
450 3750 521 3801 bunc
546 3754 660 3818 turpiter
687 3749 804 3813 tollunt,
831 3759 858 3801 et
881 3750 953 3801 mulo
972 3752 1139 3814 imponentes
1157 3749 1289 3802 ducebant

189 3836 248 3871 eum
268 3837 353 3890 usque
372 3822 404 3873 ad
422 3821 486 3874 litus
505 3821 728 3883 blachernarum,
748 3827 776 3870 st
800 3837 834 3872 ex
851 3821 926 3872 iussu
943 3821 1020 3887 regio
1040 3822 1085 3871 uni
1103 3820 1210 3871 lintrum
1228 3827 1287 3872 stn-

187 3893 263 3945 diose
282 3894 426 3960 imponitur
446 3903 473 3944 et
492 3894 567 3945 exsul
586 3908 634 3962 pro
650 3893 747 3945 iniuste
762 3891 922 3944 iacientibus
937 3891 1050 3962 loquens
1061 3899 1195 3959 pastorum
1213 3907 1287 3945 stun-

187 3980 243 4016 mus
262 3967 307 4018 lit:
328 3965 420 4016 eodem
439 3973 527 4017 antem
546 3966 624 4018 modo
644 3966 722 4018 etiam
743 3964 801 4030 ipsa
818 3965 926 4033 generis
951 3965 1064 4016 maxime
1081 3972 1167 4017 amata
1184 3979 1287 4033 aequa.

187 4035 241 4088 lem
260 4038 401 4106 degustant
420 4037 561 4090 lortnnam.

285 4107 349 4162 Fert
367 4117 455 4162 autem
473 4117 573 4162 tantum
591 4107 689 4162 malurn
707 4109 750 4161 vir
768 4123 853 4176 parvo
872 4108 959 4160 animo
980 4116 1006 4161 et
1028 4107 1152 4178 ignobili,
1173 4116 1199 4160 et
1218 4120 1286 4158 con.
1327 4154 1329 4161 .

187 4181 270 4233 cussit
287 4181 344 4233 eins
363 4181 440 4234 iidem
460 4181 624 4234 infidelitatis
643 4181 671 4232 in
691 4197 751 4232 eum
769 4182 842 4251 regis
854 4177 1009 4248 inceptum?
1026 4181 1107 4232 immo
1121 4195 1187 4234 vero
1207 4178 1286 4229 lorti.

186 4254 227 4303 ter
245 4251 325 4308 valde
344 4259 372 4306 et
388 4251 516 4307 nobiliter
544 4262 571 4306 et
595 4255 798 4324 perseverantia
824 4267 884 4306 eum
901 4251 994 4306 lobum
1017 4252 1102 4307 multo
1120 4252 1222 4304 maiore
1239 4262 1285 4302 ra-
