3017 4892
527 393 550 407 ··
602 352 812 421 ms'rolttb.
874 394 880 403 ·
1185 350 1256 426 121

160 522 198 588 τύ
220 519 359 607 κρημνόν
376 520 614 600 ἀποτέμνεσθαι
637 518 799 597 μέγιστον.
850 514 894 589 ώς
913 516 949 580 dt
972 516 1130 599 α’νίστησα
1149 516 1263 580 τούτου

159 626 202 710 τῷ
223 622 341 709 ῥυτῆρι
363 621 468 700 νύξας,
489 614 589 693 εύθύς
611 615 1062 701 διατιναξύμενοςαύτὸματος
1083 617 1124 679 δι’
1144 609 1263 679 ἑαυτοῦ
1348 620 1350 624 ’

159 726 204 812 τῷ
228 722 354 811 κρημνῷ
375 715 490 785 ἑαυτὸν
512 714 746 802 κατηκόντισεν.
776 716 836 801 ἐγώ
861 720 895 782 δὲ
917 722 1027 800 μείνας
1051 715 1148 801 ὀρθὸς
1168 715 1263 793 δόξαν

159 826 219 906 μὲν
240 826 282 911 κρῖ
307 826 373 909 θεῷ
402 825 457 904 τῆς
478 822 536 908 τού
563 815 708 882 κινδύνου
733 819 919 903 ἐλευθερίας
941 818 1127 901 α’νὲπεμψα,
1149 818 1263 897 θαῦμα

134 926 198 988 ott
225 932 292 997 τοῖς
321 928 447 995 πολλοῖς
476 921 732 1000 προσενίσταξα,
762 914 868 999 ὅπως,
903 912 969 985 οἷον
1002 922 1036 983 ἐκ
1057 912 1264 1001 προγνώσεως

103 1102 110 1116 ,
161 1027 351 1107 θειοτέρας,
385 1026 444 1085 οίκ
467 1023 616 1102 ἐπέμεινα
646 1027 711 1095 τοῖς
731 1018 842 1094 νώτοις
870 1022 926 1085 τού
954 1021 1051 1084 ἵππου
1075 1013 1128 1105 (ἦν
1148 1012 1209 1101 γύρ
1233 1038 1263 1079 τι

160 1124 277 1208 μικρὸν
298 1124 444 1204 ὀκλάσας,
467 1116 543 1186 ύσον
563 1119 737 1204 ύναστῆιαι
757 1122 813 1185 καί
834 1118 917 1185 πύνυ
951 1116 1080 1209 ῥᾴδιον)
1101 1116 1183 1209 ύλλύι
1205 1140 1264 1181 κα-

159 1224 261 1307 ταβύς
279 1226 314 1289 ἒν
334 1223 427 1306 τύχει·
448 1224 486 1286 ού
508 1224 713 1305 σνναπῆλθον
731 1225 774 1308 τῷ
792 1225 919 1309 κρημνῷ
940 1220 995 1285 καί
1014 1222 1198 1303 συνετρίβην
1220 1213 1264 1293 ούς

161 1322 308 1408 τύχιστα.
352 1324 478 1390 ἵσταντο
506 1323 567 1406 γὰρ
600 1318 712 1397 πάντες
734 1310 889 1405 θεώμενοι
921 1321 954 1388 τὸ
976 1319 1091 1413 καινόν,
1112 1316 1182 1383 ἐπεί
1201 1326 1265 1394 τοῖς

118 1424 370 1491 tomentacia
393 1426 464 1509 ίξῆν
487 1428 665 1508 περαιτέρω
688 1426 769 1488 ἰέναι
780 1473 790 1503 ,
813 1426 868 1507 τῆς
882 1422 971 1509 ἱὁίού
1001 1424 1119 1505 ἐκείνης
1140 1418 1196 1484 ἕνα
1210 1420 1266 1483 καί

158 1523 256 1609 μόνον
277 1521 506 1611 συγχωρούσης
529 1526 717 1607 διέρχεσθαι
741 1524 795 1586 διὰ
823 1520 856 1588 τύ
880 1521 961 1585 πάνυ
982 1522 1182 1599 στενώτατον,
1205 1520 1263 1591 ἕως

158 1624 268 1712 ἐτέρου
292 1649 349 1709 μοι
371 1626 608 1709 προσαχθέντος
633 1623 809 1705 ὑποζυγίου
831 1622 849 1706 ἦ
873 1619 1019 1702 ἐπίβασις
1040 1622 1225 1702 ἐπιγίγονεν.

176 1743 182 1751 ’
256 1743 394 1821 Ἐξιούσι
417 1744 447 1804 δ’
464 1741 541 1824 ἡμίν
565 1737 609 1814 εἴς
631 1763 661 1821 τι
682 1742 801 1823 χωρίον
823 1742 879 1821 τῆς
900 1741 958 1803 τού
980 1740 1153 1803 Ποίαντού
1173 1741 1260 1799 κλει-

62 1836 72 1843 ’
162 1844 281 1926 σαύρας
304 1839 409 1925 ἐκτός,
435 1837 602 1922 Τυψύριον
629 1836 932 1923 κατονομαζὸμενον,
962 1838 1053 1923 φήμη
1079 1860 1125 1913 τις
1146 1836 1263 1901 ἐπεπό-

118 1954 152 2007 15
162 1947 240 2005 λαστ
260 1938 316 2005 τόν
338 1940 654 2021 καταλελειμμένον’
638 1963 673 2002 εν
691 1942 859 2058 Μελιτηνη
870 1934 1047 2021 στρατηγόν
1063 1934 1117 2001 επί
1137 1939 1174 2024 τῇ
1196 1962 1263 2057 pc·

163 2045 246 2128 λαιῇ
265 2045 320 2124 τῆς
339 2039 509 2121 Ῥωμαίων
537 2042 592 2145 γῆς
621 2040 763 2121 αἰσχραῖς
793 2062 844 2102 και
876 2038 1118 2119 βουλεύσασθαι
1147 2062 1200 2101 και
1223 2060 1261 2099 τα

162 2143 241 2205 κατὰ
266 2139 321 2205 τύν
339 2140 477 2225 στρατόν
499 2139 713 2223 σικονομῆσαι,
734 2164 787 2202 και
806 2142 953 2204 τοσοῦτον
968 2131 1017 2203 ὅτι
1034 2162 1090 2223 περ
1115 2162 1143 2203 οι
1166 2142 1261 2203 πολέ-

72 2240 76 2245 ’
157 2263 227 2322 μιοι
250 2238 430 2316 διελθόντες
458 2267 516 2324 την
543 2243 599 2305 τού
628 2242 780 2323 Ἀμορίαν
812 2242 972 2304 πολιτείαν
1002 2238 1188 2324 ἀνήρπασαν
1210 2264 1293 2306 suti

159 2339 254 2427 φόνον
276 2340 402 2424 ανίρῶν
431 2340 595 2426 ἀμύθητον
631 2341 819 2426 πεποιήκασι
847 2342 901 2404 καί
931 2340 1114 2429 πανοικεσίᾳ
1141 2338 1263 2423 ταύτην

115 2442 441 2526 Ἆθῆνδραποδίσαντο.
482 2468 537 2525 της
559 2439 601 2509 δὲ
615 2446 817 2527 παρεμβολης
847 2444 952 2507 αύιών
973 2442 1185 2527 eipsflst'cpc’
1169 2465 1203 2505 εν
1224 2440 1308 2529 τῆ

159 2546 220 2606 τού
238 2545 393 2617 Χαλκίως
413 2545 594 2633 τοποθεσίρ,
620 2540 717 2617 ου’τύς
740 2542 801 2607 αἰπύ
831 2544 1048 2627 διαστήματος
1070 2540 1177 2628 ὀλίγον
1200 2568 1262 2607 συ-

160 2645 392 2728 νηθροισμένην
413 2640 496 2726 ἔχων
513 2644 571 2728 τὴν
591 2640 746 2729 οτρατιύν
771 2646 805 2708 ἐν
827 2646 872 2730 τῷ
892 2636 951 2709 τού
969 2644 1158 2726 Ὶζαμαντού
1180 2641 1262 2725 ὄχο-

230 2835 257 2888 3.
277 2834 378 2907 ὀρθὸς]
400 2840 435 2892 θσ
456 2836 487 2892 G.

159 3014 222 3083 quia
239 3028 320 3081 rupes
339 3014 543 3066 abscindebatur
561 3015 681 3067 maxima.
720 3023 858 3084 postquem
877 3021 965 3066 autem
991 3014 1065 3065 erexi
1082 3013 1154 3065 bunc
1182 3014 1260 3066 freno

158 3100 290 3153 pungens,
309 3087 397 3137 statim
415 3101 445 3138 se
465 3088 621 3139 concutiens
639 3089 697 3154 ipse
716 3103 765 3154 per
783 3103 812 3139 se
834 3102 849 3137 e
866 3100 934 3151 rupe
953 3102 982 3139 se
1002 3086 1118 3137 occidit:
1140 3100 1191 3152 ego
1211 3101 1261 3135 uu.

157 3165 211 3209 tem
229 3156 322 3209 salvus
339 3156 451 3210 relictus
472 3158 586 3225 gloriam
606 3159 657 3209 deo
681 3175 730 3226 pro
749 3158 865 3226 periculi
885 3157 1046 3209 liberatione
1065 3157 1159 3208 emisi·
1179 3157 1261 3205 mira.

133 3243 136 3250 ’
158 3229 258 3279 τίουσαι
277 3236 365 3280 autem
383 3229 545 3280 multitudini
564 3229 666 3295 inludi,
686 3230 818 3314 quomodo
837 3230 912 3297 quasi
933 3245 966 3280 ex
982 3226 1262 3295 providentiadivini.

159 3312 207 3350 ore
224 3313 278 3350 non
303 3301 489 3371 remansissem
514 3302 543 3352 in
561 3310 638 3370 tergo
659 3304 729 3370 equi.
768 3300 923 3353 demittebat
942 3302 1010 3352 enim
1029 3314 1059 3351 se
1077 3298 1215 3367 paululum
1234 3305 1263 3347 ut

158 3371 190 3422 ad
209 3372 399 3440 assurgendum
419 3363 446 3422 et
465 3372 646 3439 valdeiacile‚
665 3374 713 3426 sed
735 3373 900 3425 descendeus
920 3372 1048 3424 celeriter
1065 3386 1120 3423 non
1139 3372 1261 3423 deiectus

158 3456 215 3492 sum
226 3457 293 3506 rupe
313 3450 340 3492 et
359 3457 505 3495 concussus
524 3460 602 3527 quani
621 3445 777 3497 celerrime·
797 3444 935 3497 adstabant
964 3444 1034 3497 enim
1062 3457 1153 3494 omnes
1181 3455 1262 3507 spec-

157 3518 243 3562 tantes
262 3526 317 3561 rem
335 3497 442 3573 nouam,
462 3529 521 3563 cum
540 3517 586 3581 qui
604 3530 620 3565 a
639 3524 714 3582 tergo
739 3524 815 3567 erant
832 3529 887 3566 uon
906 3522 1018 3582 possent
1035 3513 1144 3581 longius
1162 3526 1261 3579 proce-

159 3582 233 3644 dere,
254 3581 299 3631 via
316 3579 366 3631 illa
384 3597 463 3631 unum
483 3591 510 3633 et
528 3584 613 3634 solum
632 3586 746 3636 transire
765 3588 883 3650 patiente
900 3594 1010 3653 propter
1038 3598 1163 3636 summam
1183 3580 1262 3649 prosi

89 3696 94 3703 .
159 3665 204 3702 sus
222 3651 390 3718 angustiam.
410 3651 497 3701 donec
515 3653 570 3702 alio
589 3654 653 3703 mihi
674 3654 787 3703 adducto
808 3657 926 3705 iumento
949 3657 1072 3706 ascensio
1097 3654 1186 3704 fiebat.

259 3752 466 3821 Egredieutibus
485 3761 572 3805 autem
590 3753 668 3805 nobis
679 3755 711 3804 ad
721 3754 809 3806 locum
829 3757 959 3823 quendam
977 3753 1172 3808 extruPodanti
1185 3752 1262 3805 clau-

159 3841 246 3878 suram
265 3823 419 3892 Typsarium
439 3833 564 3877 vocatum
584 3827 652 3886 lama
671 3827 799 3893 quaedum
820 3828 1062 3893 caticuminus,
1087 3824 1214 3877 'relictum
1234 3826 1261 3876 in

159 3897 288 3950 Melitene
306 3896 400 3947 ducem
419 3899 544 3964 praesidii
564 3906 653 3950 terrae
673 3898 845 3963 Graecorum,
861 3901 974 3967 turpiter
994 3907 1021 3949 et
1039 3897 1203 3951 deliberasse
1236 3905 1263 3949 et

158 3984 227 4037 quae
246 3970 278 4020 ad
298 3969 444 4021 exercitum
464 3978 585 4037 spectant
603 3969 800 4022 administrasse
819 3978 846 4021 et
863 3978 1004 4038 tantopere
1024 3978 1054 4021 ut
1073 3970 1164 4021 hostes
1180 3984 1262 4035 prae.

157 4048 295 4092 tereuntes
313 4040 417 4093 Amorii
437 4043 572 4093 ciuitatem
591 4042 740 4108 diriperent
758 4050 784 4093 et
803 4044 911 4095 caedem
928 4044 1045 4095 virorum
1060 4044 1196 4109 ingentem
1218 4039 1260 4090 ia.

158 4119 250 4163 cercut
269 4121 296 4163 et
314 4127 374 4162 cum
392 4120 448 4164 tota
466 4115 638 4180 possessione
658 4129 714 4165 eam
735 4114 762 4165 in
782 4116 938 4167 servitutem
957 4114 1118 4182 redigerent.
1167 4113 1260 4163 castris

158 4190 245 4234 autem
263 4184 382 4252 ipsorum
401 4184 504 4238 relictis
526 4188 555 4237 in
573 4185 685 4241 Chalcei
703 4184 775 4250 loco,
796 4188 900 4254 ipsoex
917 4183 1156 4253 intervalloparvo
1178 4195 1259 4233 coac-

159 4260 213 4303 tum
232 4254 333 4309 babens
357 4259 501 4311 exercitum
528 4260 556 4309 in
575 4258 708 4311 Trementi
728 4258 860 4326 castello,
889 4274 976 4327 neque
996 4257 1062 4309 baec
1090 4268 1186 4335 capere
1215 4256 1261 4303 aut
