3017 4892
280 328 351 403 ilo
571 285 791 401 uiculums
822 286 1080 408 lurluiorau
1193 308 1195 313 ’

276 497 321 584 τῷ
342 501 477 577 συνεχεῖ
494 496 550 579 τῆς
572 496 708 573 διώξεως
729 491 774 577 μή
801 488 1030 574 διανοούμενοι,
1051 488 1109 574 τήν
1133 495 1199 555 τιὸν
1215 482 1391 567 Ῥωμαίων

275 601 334 679 ηήν
362 593 526 682 όπόφορον
559 585 705 677 ου’τυῐνή
732 590 907 679 μηλόβοτον
929 592 1155 675 πεποιήκασιν,
1176 588 1219 663 ὥς
1240 584 1292 653 διό
1319 589 1389 653 τοῖν

275 694 437 777 ἡμετέρων
458 695 684 781 όστερημιίνων
705 697 972 778 α’ναπληροῡσθαι
992 689 1029 757 τό
1055 688 1181 756 ἐκείνων
1199 690 1384 771 θελήματα.

371 796 469 860 Ἀλλά
491 799 665 873 τοῦτομὲν
687 790 808 871 οίίτως·
862 789 1047 858 ἐπανελθών
1068 793 1097 855 δ’
1120 790 1137 854 δ
1159 788 1314 873 δασιλεός
1336 790 1385 864 εἰς

274 893 331 958 τόν
353 895 482 979 χάρακα
497 896 576 977 μετὰ
590 894 648 978 τήν
668 897 729 959 rods
741 897 870 977 ἐχθροῖν
884 891 1090 985 ἐποσόβησιν,
1110 888 1190 975 ἔγνω
1201 888 1257 975 τήν
1277 889 1411 975 depo-5

273 1001 365 1060 πολιν
401 997 458 1077 τῆς
485 990 688 1077 Ἱεραπόλεως
720 997 873 1061 ἐνοικίσαι
910 997 965 1058 καί
995 990 1172 1076 στρατηγόν
1210 993 1383 1073 α’ποδεῖξαι

275 1097 415 1181 ταύτης,
447 1099 499 1183 ἐφ’
522 1087 548 1186 ᾧ
569 1096 647 1161 κατέ
676 1091 794 1181 μικρόν
814 1099 870 1161 καί
890 1092 945 1177 τήν
978 1090 1076 1179 ἄλλην
1102 1093 1195 1159 πόλιν
1206 1093 1381 1178 Ῥωμαίων

272 1199 424 1280 γενέσθαι
446 1196 501 1261 καί
521 1200 694 1281 Ἀρμενίων
712 1194 956 1281 κατοικητήριον.
1003 1195 1057 1259 καί
1079 1193 1245 1261 derisoriae
1265 1198 1381 1279 χρονί-
1413 1225 1416 1235 ι

209 1330 211 1334 ·
274 1322 335 1372 σας
358 1300 475 1378 ἐκεῖσε,
497 1300 552 1363 καί
582 1296 740 1384 φρουράν,
763 1292 823 1381 ὅση
847 1322 895 1372 τις
918 1295 1020 1362 ἐδόκει
1042 1294 1121 1381 πρὸς
1143 1296 1381 1384 φυλακήναέ-

48 1966 230 2044 ''x

204 1465 207 1469 Α
274 1393 412 1482 πόρκης,
448 1403 502 1465 καί
523 1398 700 1483 στρατηγόν
733 1395 906 1483 ἐπιστήσας
929 1396 1162 1480 weomadum
1183 1400 1300 1463 ἐκεῖνον
1319 1404 1381 1483 βέ-
1392 1405 1423 1459 1o

274 1522 352 1582 στην
384 1494 439 1563 τόν
461 1497 660 1584 Ἀποκόιιην,
682 1503 715 1579 ἐξ
732 1494 909 1584 Ἀρμενίων
933 1496 967 1561 τό
989 1500 1077 1580 γένος
1096 1499 1244 1579 ἕλκοντα,
1265 1502 1379 1585 χώραν

273 1601 391 1663 δέδωκε
411 1608 477 1675 τοϊς
502 1602 651 1678 ἐναντίοις
672 1596 936 1665 ἐνακαλέσοοθοί
955 1622 987 1664 τε
1015 1598 1072 1683 τήν
1099 1590 1193 1683 ἦττον
1212 1599 1268 1679 καί
1287 1602 1380 1665 α’ντί-

271 1705 359 1763 παλο
375 1703 546 1783 φέρεσθαι.
592 1701 648 1765 καί
666 1703 725 1777 ἕως
745 1704 804 1782 μὲν
826 1701 1154 1782 ἐστρατοπεδευμένος
1175 1695 1191 1762 o‘
1213 1704 1277 1765 soie
1294 1696 1378 1766 ‘Po-

270 1801 375 1880 μαίων
409 1797 547 1883 στρατός
573 1801 785 1883 διεδείκνυτο,
820 1799 899 1864 nard
929 1800 1041 1886 χιόρον
1063 1798 1195 1889 ἐδόκουν
1214 1804 1323 1881 μένειν
1346 1800 1377 1866 οῖ

263 1892 419 1984 Ἄραβες·Ι
462 1902 507 1978 οἱς
534 1905 563 1966 δ’
585 1903 788 1985 ἀναστρέψας
807 1902 864 1987 τήν
883 1900 1040 1985 σιρατιοὶν
1071 1898 1172 1975 εόθός
1193 1904 1252 1965 τοῦ
1272 1904 1418 1988 mpori-15

273 2000 345 2082 ρίου
366 2006 423 2065 τοῦ
444 2003 539 2081 Ἀζᾶς
560 1998 714 2088 ήλαοτεν,
748 1998 882 2089 ἤρξαντο
910 2003 1074 2087 σποράδην
1105 2005 1139 2069 ἐκ
1159 2003 1375 2086 διαστήματος

270 2097 352 2164 κιττοὶ
374 2101 408 2163 τό
433 2104 613 2184 εἰθισμένον
634 2105 742 2178 αιίτοῖς
767 2106 1007 2189 ἐπιφαίνεσθαι,
1029 2107 1085 2167 καί
1103 2103 1179 2187 περί
1195 2102 1254 2187 τήν
1276 2104 1374 2189 oripo-

269 2203 341 2284 μίαν
362 2200 515 2279 πολλάκις
542 2205 773 2284 ἐπιτιθέμενοι,
800 2199 824 2287 ή
852 2204 906 2269 καί
924 2201 1000 2279 τούς
1031 2200 1070 2270 τό
1093 2210 1178 2271 σιτία
1197 2207 1373 2285 μετακομί.

271 2302 397 2383 ζοντας,
417 2301 553 2368 ἐλύπουν
573 2304 647 2381 νοός
665 2304 849 2387 Ῥωμαίους,
872 2301 916 2381 αἱς
936 2299 976 2369 ἐν
997 2308 1030 2385 ἐξ
1046 2308 1219 2389 ἐπιδρομῆς
1241 2308 1296 2371 καί
1315 2304 1371 2369 λδ-

269 2395 332 2485 χοό
353 2403 412 2478 τοὶς
433 2405 593 2479 ἐπιθέσεις
614 2408 647 2471 ἐν
675 2408 719 2491 τῷ
741 2400 888 2490 λεληθότι
917 2405 1111 2487 ποιούμενοι.
1156 2400 1243 2487 ὅμως
1264 2408 1295 2470 δ’
1313 2394 1420 2469 οένῖθ

268 2501 552 2589 καταφραξέμενος
589 2501 750 2590 ἑκηβόλοις
784 2510 840 2574 καί
868 2514 1057 2582 πελτασταῖς
1092 2502 1107 2570 ό
1144 2504 1296 2590 βασιλεός
1317 2505 1371 2573 «τό

267 2599 507 2686 στρατόπεδον,
542 2599 625 2673 οδτοι
646 2612 922 2692 τεθωρακισμένον
951 2606 1030 2674 αὐτό
1055 2608 1142 2692 διήηε
1160 2606 1216 2675 καί
1233 2606 1289 2685 τός
1307 2611 1372 2673 τῶν

230 2702 236 2709 ’
267 2706 397 2789 ἐχθρῶν
417 2709 599 2793 προσβολὰς
618 2707 738 2798 ῥᾳδίως
763 2706 1028 2793 αἰτοκρουόμενον,
1050 2710 1110 2783 ἓως
1124 2705 1158 2773 ἐν
1177 2713 1221 2797 τῷ
1241 2709 1371 2797 φανερῷ

268 2811 324 2873 καί
350 2802 441 2899 μα’χη
469 2810 600 2893 νικήσας
633 2803 731 2889 αὖθις
766 2807 843 2887 νοός
873 2813 1032 2887 ἐναντίους
1060 2814 1103 2899 τῷ
1137 2812 1280 2899 φρουρίῳ
1311 2812 1372 2878 τοῦ

342 2976 384 3030 17.
405 2975 522 3052 οέραίπν
541 2980 571 3035 0.

270 3141 431 3193 Graecorum
449 3149 547 3193 terram
565 3141 726 3209 vectigalem
744 3143 796 3194 sibi
815 3150 861 3194 aut
879 3144 968 3196 ovium
988 3153 1089 3211 pastum
1115 3144 1255 3211 lecerunt,
1274 3145 1311 3196 ita
1339 3152 1369 3196 ut

265 3214 368 3265 nostris
386 3215 507 3280 peccatis
525 3213 689 3279 compleatur
707 3212 815 3265 illorum
834 3213 970 3267 voluntas.

365 3297 418 3351 Sed
432 3299 484 3349 boc
497 3300 603 3367 quidem
621 3300 685 3350 tale.
705 3317 831 3353 reversus
850 3310 937 3353 autem
954 3319 1004 3355 rex
1016 3304 1049 3355 ad
1067 3304 1166 3357 vallum
1182 3303 1302 3356 hostibus
1321 3304 1367 3355 iu.

264 3368 351 3434 petis,
378 3370 471 3421 statuit
499 3372 553 3421 arci
582 3369 734 3437 Hierapolis
765 3371 886 3426 homines
915 3375 1053 3442 imponere
1074 3383 1100 3427 et
1118 3375 1211 3427 ducem
1229 3375 1367 3427 declarare

264 3438 361 3505 buius,
387 3447 417 3492 ut
440 3439 518 3493 brevi
547 3442 625 3492 etiam
656 3442 741 3495 altera
764 3444 840 3497 lieret
859 3444 1019 3498 Graecorum
1043 3447 1104 3499 urbs
1119 3455 1160 3499 -et
1181 3448 1367 3499 Armeniorum

264 3512 361 3563 sedesz
382 3519 410 3563 et
426 3520 569 3579 propterea
587 3528 698 3568 versans
717 3515 754 3565 ibi
775 3523 802 3566 et
827 3518 997 3583 praesidium,
1011 3512 1147 3586 'quantum
1176 3517 1314 3570 videbatur
1334 3518 1368 3569 ad

264 3582 412 3635 custodiam
430 3583 568 3637 sufficiens
584 3593 615 3651 et
636 3586 730 3637 ducem
748 3588 907 3654 praeficiens
935 3586 1140 3643 Pharasmatium
1168 3588 1244 3641 illum
1263 3590 1365 3642 vestia-

262 3654 330 3705 rium
348 3655 495 3722 Apocapen
519 3655 553 3707 ab
569 3656 702 3710 Armeniis
721 3674 807 3726 genus
831 3661 981 3725 ducentem,
1000 3660 1088 3713 locum
1108 3663 1182 3715 dedit
1200 3659 1321 3714 hostibus
1338 3667 1367 3711 ut

263 3726 431 3795 corrigerent
450 3726 552 3779 cladem
571 3738 598 3781 et
617 3745 696 3797 pares
716 3732 871 3783 evenirent:
891 3740 971 3801 atque
984 3733 1070 3784 donec
1089 3734 1117 3785 in
1137 3734 1230 3785 castris
1247 3735 1366 3787 Graeco.

262 3812 320 3848 rum
339 3801 473 3853 exercitus
499 3810 641 3868 appareret
668 3803 696 3852 in
724 3802 786 3854 loco
812 3818 952 3855 remanere
980 3804 1139 3858 videbantur
1163 3805 1282 3859 Arabes:
1308 3819 1367 3855 cum

263 3876 352 3919 antem
370 3870 509 3922 retrahens
530 3875 676 3925 exercitum
695 3874 727 3925 ad
752 3873 893 3926 castellum
919 3876 995 3930 Azan
1020 3876 1237 3943 proficisceretur
1265 3890 1367 3943 coepe-

261 3945 323 3988 runt
343 3942 453 4005 sparsim
473 3958 510 4017 ex!
524 3943 669 3997 intervallo
688 3960 763 3996 more
782 3960 829 3996 suo
850 3960 989 4012 apparere,
1010 3956 1037 3998 et
1053 3948 1161 4001 ultimos
1173 3961 1366 4017 saepeaggre-

262 4006 383 4072 dientes,
401 4018 447 4063 aut
467 4014 546 4065 etiam
566 4017 678 4084 eosqui
699 4017 857 4067 frumentum
877 4018 1061 4084 apportabant,
1082 4019 1215 4072 vexabant
1239 4020 1367 4082 Graecos,

261 4083 292 4127 nt
310 4082 467 4133 occursione
489 4093 515 4136 et
533 4086 637 4139 insidiis
656 4088 771 4154 impetus
792 4102 825 4139 cx
853 4087 960 4138 occulto
986 4090 1126 4143 iacientes.
1173 4099 1261 4143 tamen
1285 4090 1368 4157 igitur

260 4148 373 4216 cingens
394 4165 442 4217 per
460 4154 622 4210 iaculatores
642 4165 669 4210 et
693 4165 808 4210 cetratos
827 4172 876 4209 rex
901 4162 1057 4227 exercitum,
1085 4162 1123 4215 ita
1151 4162 1279 4215 firmatum
1305 4174 1367 4225 etim
1443 4196 1448 4215 ι

259 4220 425 4289 perducebat
444 4232 471 4276 et
488 4221 604 4280 bostium
623 4230 736 4297 impetus
755 4230 838 4313 facile
855 4229 1041 4299 repellentem,
1061 4234 1148 4287 donec
1166 4236 1194 4289 iu
1220 4240 1313 4304 aperto
1340 4239 1368 4283 et
