3017 4892
279 299 351 375 τοο
580 290 797 422 ntentans
825 274 1086 359 amictoria

275 467 363 555 νίκην
382 467 438 533 διά
459 470 519 531 rosi
547 466 707 551 νικητικοδ
727 464 861 550 σημείου
881 469 946 537 τοῖς
973 463 1123 533 ἐναντίοις
1155 452 1431 539 παραπεμψά-

274 592 391 653 μενος,
421 566 529 644 καθιός
556 564 586 631 οἱ
617 564 657 631 τά
693 566 827 630 τοιαῦτα
860 562 1096 680 διακριβοόντες
1116 554 1428 641 συμβάλλουσιν·

276 664 315 735 οό
336 669 397 754 γάρ
419 666 483 734 ἔδει
506 669 614 752 μάχης
635 668 841 749 προκειμένης
861 665 1005 727 τοιοῦτον
1021 661 1239 743 ουμβολον
1204 684 1220 725 ε
1221 654 1426 737 ξὲοιυτοῦ

275 769 355 855 κρός
377 773 540 846 tunicisve
560 774 758 850 μεταθεῖναι.

379 870 422 936 Τό
446 874 476 937 δ’
496 868 558 937 α’ττό
577 872 670 937 coiis
685 868 876 953 δυσάντητος
898 866 974 951 ήμῖν
994 864 1011 929 ό
1031 865 1119 948 λόγος
1142 862 1195 927 διά
1217 858 1257 929 τό
1281 859 1443 946 &pyri-5

276 977 329 1049 δες
349 964 412 1040 τῶν
447 972 664 1056 ἀτυχημάτων
696 972 752 1034 κατ’
779 973 850 1033 λίαν
872 965 1063 1053 α’πόφημον,
1086 968 1140 1029 καί
1160 962 1217 1049 τήν
1239 964 1292 1039 εἷς
1320 962 1415 1037 τούς

271 1076 450 1156 Ῥωμαίους
469 1074 693 1154 έπιουμβοῖσσν
709 1068 940 1153 χαλεπωτάτην
969 1070 1174 1150 δυσκληρίαν.

379 1168 476 1241 Οόπω
498 1175 586 1248 τέλος
606 1170 683 1255 ἔσχε
714 1171 786 1235 oo’d'
806 1166 963 1251 ἀναβολήν
984 1168 1003 1251 ἦ
1025 1169 1088 1231 τεόν
1109 1168 1279 1251 πρέσβεων
1303 1158 1408 1251 δίφο-

276 1284 346 1363 ξις,
366 1277 424 1361 καί
441 1298 521 1350 τινες
551 1276 612 1339 τοῖν
642 1270 821 1357 ἑγγοτάτων
848 1271 890 1359 τῷ
916 1276 1047 1351 βασιλεῖ
1074 1267 1242 1331 πείθουσιν
1282 1266 1404 1330 αὐτόν

276 1379 498 1461 saepulturae
518 1374 577 1459 τήν
597 1373 725 1460 εἰρήνην
761 1372 803 1450 οἷς
826 1377 1025 1467 ψευδομένην
1046 1370 1080 1439 τό
1105 1370 1193 1456 ἔργον
1215 1373 1275 1466 καί
1295 1375 1444 1441 αἶσα-10

276 1482 383 1546 τιόσιιν
405 1480 525 1559 μᾶλλον
548 1469 568 1559 ή
589 1475 623 1541 τό
646 1481 812 1562 συμφέρον
833 1478 1019 1540 ἐθέλουσαν.
1062 1476 1198 1539 δεδιέναι
1218 1474 1284 1559 γάρ
1302 1499 1401 1560 φασι

277 1577 330 1645 τόν
352 1577 523 1646 σουλτάνον
544 1574 598 1642 διά
621 1574 657 1641 τό
678 1576 723 1659 μή
746 1574 910 1658 ἀξιόλογον
944 1572 1031 1657 ἔχειν
1054 1573 1192 1657 δύναμιν
1213 1578 1270 1638 καί
1288 1562 1398 1658 περι-
1487 1596 1488 1633 3

277 1686 383 1765 μένειν
405 1679 478 1755 τοός
509 1676 639 1744 κατόπιν
667 1677 769 1742 αότοό
790 1678 996 1757 βαδίζοντας,
1032 1678 1088 1741 καί
1108 1678 1153 1764 τῷ
1176 1674 1395 1760 προσχήματι
1487 1677 1488 1688 ’

277 1776 477 1868 τήςέίρήνης
510 1782 715 1862 μετεωρίζειν
744 1774 798 1842 τόν
818 1777 954 1862 χρόνον,
975 1772 1017 1852 ιός
1038 1771 1078 1842 όν
1103 1772 1337 1857 ἐπικαταλάβοι
1359 1774 1392 1841 τό

277 1881 433 1963 όστεροῦν
457 1876 526 1964 τῆς
542 1878 715 1961 δυνάμεως.
774 1882 866 1943 τοῦτο
887 1877 987 1963 ῥηθὲν
1012 1878 1188 1963 διανίστησι
1209 1876 1265 1941 τόν
1285 1882 1430 1959 βασι-15
1487 1943 1488 1982 η

278 1984 335 2047 λέα
354 1981 431 2063 πρός
452 1981 596 2061 πόλεμον.
639 1982 693 2044 καί
710 1977 738 2044 οἱ
760 1981 819 2060 μὲν
842 1980 976 2063 Τοῦρκοι
992 1976 1070 2045 κατά
1092 1980 1178 2063 σφᾶς
1200 1976 1321 2053 αδτοός
1347 1976 1388 2044 τό
1487 2034 1488 2039 ,

278 2083 336 2164 τῆς
347 2082 474 2164 εἰρήνης
495 2075 815 2165 έπραγματεόοντο,ό
839 2082 874 2145 δὲ
893 2078 1045 2162 βοσιλεός
1063 2077 1218 2155 σαλπίσας
1237 2078 1275 2142 τό
1289 2079 1388 2143 ἐνυά-

280 2188 348 2248 λιον
380 2177 434 2247 τόν
463 2182 582 2264 μόθον·
600 2179 789 2264 παραλόγως
822 2182 985 2267 ἐκράτησε.
1040 2184 1264 2264 καταλαβοῦσα
1302 2182 1337 2244 δ’
1366 2176 1386 2264 ή
1415 2224 1420 2239 ·

280 2279 373 2369 φήμη
397 2283 468 2359 τοός
488 2280 651 2357 ἒναντιοός
671 2284 826 2366 ἐξέπληξε.
869 2286 946 2359 τέως
970 2284 1000 2347 δ’
1021 2276 1077 2347 οδν
1110 2284 1384 2363 καθοπλισάμενοι

280 2382 335 2449 κατ’
354 2384 450 2450 ου’τοί
468 2381 503 2449 τό
526 2385 586 2465 μὲν
608 2375 767 2469 άχρηστον
790 2387 911 2469 πλῆθος
934 2385 978 2458 εἷς
999 2384 1142 2449 τοόπίσω
1170 2381 1425 2467 προήλαυνον,20
1487 2469 1488 2475 η

279 2484 373 2549 αότοό
391 2486 427 2549 dd
449 2482 582 2551 κατόπιν
603 2490 785 2571 φαντασίαν
809 2488 935 2551 ι’δίδουυ
964 2488 1134 2571 πολεμικῆς
1159 2484 1381 2569 α’ντιπαρατά-
1487 2476 1488 2511 ³

196 2626 217 2670 *.
278 2589 365 2665 ξεως.
380 2583 417 2652 τό
432 2586 467 2650 δὲ
488 2592 630 2672 πλεῖστον
652 2585 738 2672 φυγή
749 2608 796 2661 τις
818 2592 963 2668 κατεῖχεν
984 2586 1114 2665 adrosis,
1134 2587 1381 2669 συντεταγμένας
1444 2621 1449 2629 .
1487 2563 1488 2615 ό

313 2744 318 2754 r
354 2765 398 2834 ¹11.
419 2785 578 2841 ἐθέλουσαν
596 2785 746 2852 interpres:
767 2784 797 2839 G.
817 2783 960 2840 ἐθέλουσι.
1069 2797 1142 2855 φησι
1161 2782 1191 2837 0.

279 2959 334 3007 tem
353 2949 494 3009 victoriam
512 2958 626 3010 victrice
644 2920 763 3042 imagine
782 2955 904 3009 hostibus
921 2955 1039 3019 miserat,
1058 2962 1088 3007 ut
1106 2956 1126 3007 ii
1144 2956 1190 3024 qni
1208 2954 1235 3005 in
1253 2954 1338 3007 talia'
1329 2970 1372 3007 m.

282 3027 569 3095 quiruntconiiciunt:
596 3029 773 3097 nequeenim
794 3027 933 3094 oportebat
961 3042 1062 3103 pugna
1068 3028 1184 3079 instante
1201 3026 1256 3079 tale
1276 3028 1372 3096 signum

279 3098 391 3168 abipso
408 3101 440 3151 ad
459 3100 585 3153 adversos
604 3098 766 3152 transferri.

378 3186 444 3239 lude
461 3186 494 3238 ab
513 3187 554 3238 his
573 3195 659 3238 autem
678 3188 730 3239 iam
748 3186 868 3238 difficilis
884 3180 1001 3239 narratio
1020 3194 1130 3255 propter
1148 3196 1265 3241 atrocem
1283 3202 1310 3239 ac
1326 3189 1369 3239 ni.

277 3258 327 3309 mis
345 3256 486 3309 infaustam
506 3257 681 3309 calamitatem
704 3265 731 3309 et
749 3258 783 3310 ob
802 3260 984 3327 gravissimam
1004 3258 1189 3311 infelicitatem
1200 3258 1334 3313 Graecos·
1327 3276 1369 3310 m.

278 3334 426 3397 grucntsm.

378 3422 498 3477 Nondum
523 3424 601 3477 linem
627 3416 735 3478 tenebat
760 3442 848 3495 neque
873 3426 969 3480 dilatus
999 3436 1055 3480 erat
1074 3428 1203 3480 adventus
1221 3426 1367 3494 legatorum,

279 3512 338 3549 cum
358 3495 496 3565 quideme
526 3497 652 3563 proximis
680 3499 739 3566 regi
758 3500 927 3583 persuadent,
947 3507 976 3549 ut
1000 3515 1093 3567 pacem
1111 3500 1241 3551 obiiceret
1257 3507 1367 3565 tanquam

279 3568 428 3623 simulatam
450 3582 545 3619 revera
572 3577 599 3620 et
627 3569 805 3636 decipientem
830 3571 915 3640 magis
939 3586 1016 3637 quam
1047 3569 1189 3622 utilitatem
1208 3577 1364 3637 spectantem

278 3642 399 3694 timuisse
420 3640 508 3705 enim,
528 3640 633 3705 dicunt,
653 3639 802 3705 sultanum,
828 3644 927 3709 quippe
953 3644 999 3709 qui
1025 3656 1080 3693 non
1106 3641 1217 3693 haberet
1236 3649 1365 3693 memoratu

278 3713 383 3781 dignam
407 3713 459 3765 rim
480 3720 507 3763 et
529 3720 685 3779 exspectare
705 3714 750 3780 qui
771 3712 830 3764 ab
822 3715 906 3780 ipsius
925 3721 1002 3782 tergo
1024 3712 1250 3781 progrederentur
1268 3720 1292 3763 et
1307 3727 1365 3779 pace

279 3783 401 3837 simulata
419 3792 522 3850 tempus
541 3783 649 3847 ducere,
671 3791 700 3834 ut
718 3784 769 3835 sihi
789 3783 897 3835 adderet
922 3782 1033 3836 relictos
1052 3783 1167 3839 milites.
1189 3798 1257 3867 qnae
1273 3785 1364 3851 quidem

279 3854 363 3905 verba
382 3870 474 3923 regem
493 3854 526 3906 ad
544 3853 645 3906 bellum
663 3856 820 3920 perducunt.
869 3862 949 3920 atque
968 3855 1069 3907 'lurcae
1089 3856 1194 3923 quidem
1213 3856 1279 3907 inter
1295 3870 1319 3905 sa
1334 3855 1364 3905 dc

280 3939 355 4009 pace
365 3924 598 3978 deliberaverunt:
618 3941 666 3976 rex
685 3942 751 3977 vcro
772 3940 830 3976 cum
849 3924 977 3977 bellicum
1005 3922 1150 3981 cecinisset
1168 3935 1364 3994 pugna‘praetsr

281 3996 437 4062 opinionem
455 3998 530 4049 vicit.
569 4013 637 4064 quae
658 3997 725 4049 lama
744 4012 803 4046 cum
822 3996 855 4047 ad
873 3996 1002 4050 adversos
1020 3998 1200 4081 pervenisset,
1221 4014 1266 4049 eos
1282 3999 1363 4049 timore

279 4064 418 4135 perculsit.
457 4070 560 4118 interea
581 4084 647 4120 vero
668 4076 695 4119 et
713 4067 763 4133 ipsi
783 4067 875 4117 armati
894 4067 997 4119 turbam
1027 4068 1175 4121 inutilem
1168 4085 1195 4120 m
1213 4077 1307 4139 tergum
1322 4084 1363 4121 rc-

280 4137 425 4207 pulcrum,
445 4139 497 4204 ipsi
524 4146 611 4190 autem
636 4138 752 4191 bellicae
785 4137 854 4188 aciei
886 4140 1105 4223 spectaculum'
1098 4156 1149 4191 ram
1172 4141 1235 4193 inde
1267 4140 1294 4215 ab
1318 4139 1361 4190 hoc

278 4208 477 4281 ρταελιαοτοοιι
501 4208 642 4277 plurimum
672 4224 738 4263 vero
757 4209 869 4261 terroris
893 4210 926 4261 iis
951 4211 1103 4264 inicccmnt
1128 4196 1285 4266 Graecoru'm
1302 4210 1360 4281 plra-
