3017 4892
269 326 367 403 ιιε
475 288 478 294 ’
557 325 776 399 arceamus
809 322 1067 397 amburens

266 484 379 557 ἀδειαν
402 491 526 567 ’δέδυκε
554 501 620 569 τοῖς
652 494 805 567 ἐναντίοις
835 495 880 568 εἰς
900 486 956 575 τη“ν
977 488 1164 575 ἀποφυγην,
1186 476 1270 551 dore
1290 484 1391 568 μηδὲ
1488 502 1489 555 t

265 592 430 675 τῆς-λείας
451 593 664 677 ἀποσχέσθαι,
686 592 767 658 ἀλλά
788 598 843 657 καί
863 590 983 674 ταύτην
1003 586 1145 654 ἐλαύνειν
1165 585 1219 651 καῖ
1241 581 1389 658 ἀλύπως
1489 601 1490 672 t

265 689 322 757 τόν
355 691 474 777 δρόμον
497 693 553 758 κατ’
581 697 854 778 περιεσκεμμένως
888 701 999 757 ποιεῖν.
1051 685 1094 765 οἷς
1122 691 1150 753 δ’
1174 688 1190 753 ὃ
1218 681 1388 767 βασιλεύς

264 790 453 870 ἀπαναστὰς
482 796 619 884 ε’κεῖθενν
634 796 836 883 πανστρατιᾷ
858 784 989 860 κατόπιν
1013 787 1161 874 έβάδιζε,
1181 781 1384 872 διεπεραιοό-
1489 864 1490 869 ¹

267 898 373 979 θησαν
393 891 457 959 ’τόν
480 892 656 981 Εὐφράτην
683 893 825 975 ποταμόν
858 896 886 960 οῖ
917 898 1071 976 πολέμιοι.
1115 886 1131 957 ό
1162 893 1211 971 δέ,
1241 888 1285 963 ιός
1308 883 1415 949 dats

267 991 481 1079 διαστήματος
500 1000 575 1078 μιάς
586 992 707 1081 ἡμέρας
730 987 817 1079 ἢκαῖ
839 1000 980 1071 πλείονος
999 996 1055 1075 τῆς
1067 996 1254 1077 Μελιτηνῆς·
1271 1013 1384 1073 στρα-

266 1094 546 1182 τοπεδευσόμενος,
563 1097 684 1181 βουλην
706 1094 893 1178 βουλεύεται
914 1100 986 1161 λέον
1007 1094 1118 1179 ἀγεννῆ
1142 1096 1196 1157 καί
1216 1093 1383 1175 έπέιιρημ-
1490 1080 1491 1097 ¹

265 1217 339 1261 νον·
369 1196 424 1261 καὶ
443 1202 633 1283 συνέστησεν
652 1190 715 1281 ἤδη
734 1194 862 1283 ταύτην,
881 1198 1004 1262 πάντων
1024 1191 1315 1261 συνεπινευσάντων
1337 1189 1380 1255 τό

267 1290 410 1361 τοιοῦτον
432 1298 659 1382 προβούλευμα
684 1295 739 1362 διδ
758 1296 792 1363 τό
816 1298 905 1363 λύειν
928 1294 986 1381 τὴν
1005 1295 1158 1381 στρατιὰν
1172 1292 1227 1359 κατ’
1247 1290 1308 1375 την,
1326 1294 1379 1355 ἀπ’

268 1392 354 1462 οἴκου
377 1397 630 1482 ἀπαναχιόρησιν
655 1394 914 1480 ἐπαγγέλλεσθαι.
964 1398 1017 1461 καί
1045 1392 1064 1479 ἦ
1086 1398 1214 1477 σκῆψις,
1237 1388 1287 1459 ότι
1310 1415 1377 1477 περ
1392 1408 1428 1460 10

268 1494 298 1561 οἱ
322 1501 468 1579 πολέμιοι
489 1502 713 1581 προτρέχοντες
736 1499 782 1573 εἰς
797 1498 835 1563 τύ
857 1490 980 1585 πρόσρζ
999 1498 1053 1563 καῖ
1074 1498 1185 1581 μηκέτι
1205 1500 1380 1561 συνελθεῖν

266 1602 313 1675 εἰς
331 1606 444 1684 χεῖρας
467 1608 532 1674 τοῖς
547 1598 721 1680 Ῥωμαῖοις
738 1596 913 1681 ἰσχύοντες,
930 1597 1148 1683 ἀκατόληπτοι
1159 1594 1285 1671 ’πάντας
1301 1596 1379 1675 εἷσέ,
1492 1646 1493 1651 ,

267 1702 323 1765 καί
345 1703 391 1775 εἰς
412 1700 502 1765 κενόν
523 1698 541 1763 ό
563 1699 683 1784 δρόμος
703 1707 768 1775 τοῖς
790 1699 960 1764 διώκουσιν
979 1698 1056 1781 ἡμῖν
1078 1698 1293 1780 παραγίνεται.
1319 1699 1379 1761 καί
1390 1738 1397 1745 ·

268 1798 323 1864 διὰ
339 1804 433 1867 τοῦτο
454 1802 526 1867 δέον
545 1799 629 1868 έστὶν
642 1796 823 1885 ἀπόμοιραν
838 1802 1088 1884 περιλειφθῆναι
1103 1794 1271 1879 Ῥωμαίων
1293 1795 1377 1881 πρός
1492 1823 1494 1887 γ

268 1899 521 1984 ἀντιπαράταξιν
541 1899 736 1986 ἀξιόχρεων,
767 1898 825 1965 τόν
857 1901 892 1963 δὲ
921 1901 1055 1982 βασιλέα
1086 1896 1164 1979 μετὰ
1183 1900 1239 1980 τῆς
1260 1898 1419 1980 λοιπῆςιη

268 2002 471 2084 ἀποστρέψαι
494 2005 659 2083 δυνάμεως
685 2002 740 2067 καὶ
770 2000 847 2086 πρός
873 2000 929 2077 τός
950 2000 1050 2074 οἰκιλιις
1072 2002 1205 2065 ἕκαστον
1226 1998 1376 2079 α’ποπὲμ·

267 2115 340 2181 grae,
364 2103 509 2167 κάκεῖνον
541 2104 696 2169 εἰσελθεῖν
718 2104 765 2178 εἰς
783 2100 840 2186 τήν
857 2100 1110 2185 βασιλεύουσαν,
1136 2095 1178 2176 ιός
1202 2089 1239 2163 ἀν
1262 2100 1376 2164 διανα-

269 2203 406 2275 παυθεὶς
425 2195 443 2263 ό
466 2198 601 2287 στρατός
631 2191 840 2286 ἰσχυρότερύος
860 2195 882 2290 ᾗ
903 2198 982 2285 πρός
1010 2198 1044 2267 τὸ
1064 2198 1154 2265 ἐπιόν
1176 2198 1254 2281 ἔτος,
1277 2203 1377 2263 πολέ-

268 2324 332 2382 μου
372 2297 472 2382 τυχόν
504 2304 670 2384 γενομένου
703 2300 928 2387 ῥαγδαιοτέρου
958 2300 1000 2365 δι’
1029 2303 1197 2387 ε’πιδημῖας
1230 2302 1287 2364 τοό
1309 2302 1377 2364 τῶν

269 2404 459 2491 ἀλλοφύλων
475 2400 670 2485 έξάρχοντος.
1381 2422 1422 2477 20

365 2505 448 2569 Ἐπεὶ
476 2506 512 2569 δέ
533 2505 621 2571 τουτῖ
641 2506 676 2570 τό
703 2510 861 2592 ψήφισμα
888 2504 1046 2591 έκυρύθη,
1071 2503 1243 2589 ἀνόμνηοις
1265 2508 1375 2588 γέγονε

268 2608 313 2695 spi
324 2610 455 2686 βασιλεῖ
474 2609 537 2671 τάν
552 2609 610 2672 τού
630 2608 849 2693 στρατοπέδου
871 2612 995 2693 κριτιόν.
1038 2604 1093 2670 καί
1111 2606 1375 2687 μετακαλεσάμε-

268 2729 320 2783 νος
340 2705 425 2790 ἦμᾶς
443 2705 559 2789 μόνους
584 2710 617 2773 έν
637 2709 679 2797 tp?
701 2710 835 2796 δειλινηλ,
856 2706 910 2793 τήν
927 2732 961 2772 τε
980 2706 1100 2791 βουλην
1117 2702 1161 2782 τός
1181 2700 1268 2790 εἶχεν
1298 2706 1372 2769 α’νε.

270 2804 462 2887 κοινοόσυτο,
493 2810 549 2874 κατ’
563 2809 691 2896 γνώμην
712 2811 868 2896 ἡμετέραν
887 2811 962 2892 περὶ
987 2799 1107 2895 ταύτης
1129 2807 1272 2891 ἐζήτησε.
1317 2810 1376 2872 καί

343 2984 385 3038 10.
406 2981 478 3058 ὅπερ
497 2986 527 3040 G.

271 3162 307 3199 ne
324 3149 423 3214 praeda
441 3149 549 3214 quidem
567 3150 743 3212 abstinerent,
771 3150 817 3200 sed
837 3157 864 3200 et
882 3150 950 3201 banc
975 3160 1086 3219 agerent
1105 3159 1131 3202 et
1149 3151 1206 3203 sine
1227 3152 1373 3203 vexatione

272 3232 379 3270 cursum
399 3227 426 3268 ct
444 3228 522 3270 caute
541 3221 711 3285 perficerent.
750 3236 807 3270 curn
827 3229 914 3272 autern
929 3237 976 3271 rex
994 3237 1136 3290 assurgens
1156 3223 1217 3273 iude
1236 3239 1294 3273 cum
1314 3231 1373 3273 toto

251 3291 394 3344 uexercitu
413 3304 429 3337 a
447 3296 525 3356 tergo
546 3291 692 3355 incederet,
712 3293 875 3343 traiecerunt
894 3290 1054 3359 Euphratem
1074 3294 1183 3344 fluvium
1203 3293 1303 3345 hostes.
1323 3292 1374 3344 ille

275 3366 373 3422 autem,
393 3358 451 3408 fere
470 3360 615 3411 intervallo
636 3363 715 3411 unius
736 3363 790 3413 diei
807 3364 865 3414 sive
886 3364 964 3414 etiam
983 3364 1095 3431 amplius
1115 3363 1270 3417 abiclitene
1289 3372 1376 3417 castra

273 3443 386 3498 ponens,
416 3430 557 3482 consilium
578 3432 719 3484 meditatur
738 3434 817 3486 ualde
835 3434 956 3502 ignobile
987 3444 1013 3487 et
1028 3450 1160 3501 praeceps
1181 3444 1208 3486 et
1227 3435 1376 3502 composuit

272 3503 325 3553 inm
343 3501 403 3564 boc,
423 3501 544 3554 omuibus
568 3503 743 3569 probantibus
769 3506 847 3556 simul
873 3505 927 3556 talc
946 3509 1128 3574 propositum,
1149 3507 1210 3574 quia
1229 3506 1377 3558 dimittebat

274 3573 422 3625 exercitum
449 3581 477 3624 et
496 3574 600 3624 domum
626 3575 724 3626 reditio
748 3577 935 3629 nuntiabatur:
957 3586 984 3629 et
1012 3591 1091 3649 causa
1110 3586 1175 3641 erat,
1192 3579 1266 3645 quod
1284 3578 1376 3628 hostes

273 3644 450 3713 procedentes
475 3645 584 3714 longius
609 3662 697 3715 neque
717 3648 769 3700 ium
794 3650 921 3716 congredi
947 3650 978 3701 ad
1006 3665 1097 3701 manus
1118 3648 1225 3701 Graecis
1245 3648 1377 3711 valentes,

274 3732 328 3768 non
349 3717 407 3784 capi
427 3725 538 3784 possent
558 3719 676 3782 omnino,
697 3727 723 3771 et
741 3722 827 3772 inanis
848 3729 919 3772 esset
930 3736 1022 3772 cursus
1041 3721 1118 3771 nobis
1137 3718 1377 3788 persequentibus:

274 3788 445 3857 quamobrem
463 3805 531 3857 opus
551 3804 620 3854 esse,
640 3799 670 3842 ut
688 3806 748 3857 pars
769 3792 1040 3859 comprehenderetur
1059 3792 1220 3844 Graecorum
1240 3790 1272 3843 ad
1290 3804 1377 3857 appo-

274 3860 399 3911 sitionem
418 3862 550 3925 idoneam,
569 3877 618 3913 rex
631 3871 717 3914 autem
733 3880 791 3915 curn
801 3862 905 3931 reliqua
916 3863 1057 3914 recederet
1069 3864 1097 3914 vi
1114 3869 1141 3914 ct
1159 3863 1262 3913 domum
1283 3876 1378 3930 quenn-

276 3944 327 3995 qne
348 3931 502 3997 dimitteret,
523 3940 550 3983 et
567 3933 617 3984 ille
645 3936 757 3985 intraret
777 3934 878 3996 urbem,
900 3942 929 3983 ut
954 3935 1079 3984 remissus
1110 3936 1244 3986 exercitus
1263 3932 1378 3986 validior

275 4007 347 4051 esset
364 4004 485 4066 proximo
505 4019 584 4068 anno,
605 4004 680 4056 bello
707 4013 766 4056 orto
787 4006 891 4055 acriore
911 4005 1026 4056 adventu
1055 4006 1185 4073 principis
1204 4018 1377 4073 paganorum.

392 4088 457 4141 Cum
483 4099 570 4142 autern
594 4091 661 4143 baec
691 4092 824 4144 sententia
850 4092 1003 4143 confirmata
1029 4103 1116 4158 essct,
1136 4095 1265 4145 memoria
1283 4090 1379 4143 oborta

275 4162 317 4209 est
344 4159 403 4225 regi
433 4160 548 4211 iudicum
574 4164 708 4216 exercitus
737 4170 765 4212 et
784 4176 924 4215 arcessens
948 4177 997 4217 nos
1023 4163 1096 4217 solos
1123 4167 1196 4217 circa
1225 4176 1379 4230 vesperum,

272 4227 417 4282 consilium
445 4231 525 4301 quale
548 4242 605 4285 erat
628 4235 768 4289 nobiscum
787 4234 1008 4301 communicavit,
1034 4244 1061 4311 et
1081 4238 1242 4291 senteutiam
1261 4240 1381 4289 nostrum
