3017 4892
516 418 519 423 Α
605 338 814 435 uuuorm.
1175 313 1273 412 'toa'

149 511 227 599 γυνῆ
250 516 294 604 τῷ
317 482 456 608 κάστριρ
470 514 527 595 τῆς
550 515 745 597 Μεταβολῆς
772 487 1054 598 ε’μφιλοχωροῦσα,
1076 510 1132 575 καί
1151 507 1252 575 πλοά-

151 639 207 681 του
229 611 344 689 ἱκαναῖς
351 611 506 733 „3¹1⁰va
539 610 780 697 προεξωνῆσατο
801 609 856 677 τόν
876 609 957 675 ἴέιυν
978 602 1082 735 άνόρα
1107 610 1162 675 καί
1185 612 1251 693 α’μ-

154 722 296 801 φοτέρων
321 716 383 780 τεόν
405 717 533 797 ἐχθράν
555 708 784 799 έλυτροόσατο,
813 714 927 779 τούτου
948 714 1008 794 μέν
1031 712 1061 777 οἱ
1084 718 1252 799 πεμφθέν-

148 841 198 893 τες
220 822 254 883 έκ
274 820 433 899 βασιλέως
455 816 624 899 ἀπέτυχον,
649 812 702 878 τόν
724 818 760 880 δὲ
784 818 938 898 Καίσαρα
966 811 1063 898 μόνον
1094 814 1255 899 ἐξωνησά-

122 933 242 1000 5μενοι
256 920 411 1001 ἐπανῆγον
432 918 477 993 εἷς
493 914 549 999 τῆν
562 918 715 998 βασιλίδα
735 921 798 981 ταῖν
818 916 949 981 πόλεων.
993 919 1027 980 έν
1050 918 1086 979 δὲ
1108 917 1145 1002 τῆ
1162 919 1253 999 Προ-

152 1022 273 1085 ποντίιλι
293 1024 469 1103 γενομένων
493 1017 599 1081 ου’τῶν
619 1017 810 1101 εὐλαβηθείς
833 1016 848 1081 ό
874 1021 1004 1101 Καῖσαρ
1028 1013 1114 1095 ἴσως,
1137 1016 1188 1078 ἵνα
1207 1012 1252 1097 μῆ
1326 1007 1329 1019 ’

149 1121 192 1195 ὥς
214 1122 393 1205 άποστάτῆς
420 1120 629 1204 καταγνωσθῇ
650 1115 705 1181 καί
727 1110 868 1193 όποπτος
896 1114 930 1182 τό
957 1116 1018 1181 άπό
1053 1118 1146 1181 τοῦδε
1173 1116 1379 1200 acy-f·2081·

149 1222 231 1308 χάνῃ
253 1221 307 1284 καί
328 1222 589 1304 περιεσκεμμένος
611 1211 632 1302 ἢ
654 1215 709 1281 καί
730 1214 932 1303 ἀπόβλητος,
965 1219 1022 1282 οιίκ
1049 1215 1150 1301 ἔκρινε
1166 1219 1249 1299 μετά

97 1403 102 1406 ³
149 1324 301 1405 κοσμικῆς
322 1320 376 1403 τῆς
401 1322 567 1403 περιβολῆς
595 1316 760 1403 ἐπιστῆναι
794 1320 835 1407 τῷ
871 1321 994 1407 despui
1021 1324 1076 1384 καί
1101 1324 1250 1402 βασιλεῖ,
1306 1316 1313 1329 '

105 1434 140 1487 10
150 1420 231 1486 άλλά
248 1418 305 1504 τῆν
319 1419 472 1504 κοσμικῆν
493 1418 731 1502 α’ποβαλόμενος
748 1422 854 1500 τρίχα,
874 1422 1088 1500 μεταθέμενος
1110 1422 1155 1493 είς
1177 1417 1250 1495 τοός

148 1522 319 1607 μοναχοάς,
341 1513 439 1595 οὕτως
462 1522 495 1585 έν
518 1522 642 1584 ειίτελεῖ
658 1522 703 1606 τῷ
725 1518 867 1602 σχῆματι
889 1527 952 1592 τοῖς
973 1523 1148 1600 βασιλείοις
1182 1524 1252 1584 ένέ..

148 1630 247 1706 μιξεν.
293 1620 382 1687 όπότε
411 1646 464 1685 και
486 1628 551 1697 τοις
578 1620 758 1693 εόσυνέτοις
780 1617 918 1703 decipulae
939 1617 1103 1700 θάμβος’
1088 1615 1175 1705 επῆει
1200 1624 1255 1685 καί

149 1720 314 1807 ἔκπληξις·
359 1725 433 1803 περί
453 1719 512 1803 γάρ
537 1745 599 1784 των
623 1716 852 1805 άφρονοόντων
882 1743 935 1783 και
961 1715 1001 1783 τά
1041 1722 1174 1786 τοιαῦτα
1206 1719 1250 1804 μῆ

152 1820 379 1905 διακρινόντων
403 1820 493 1904 λόγος
517 1819 634 1895 οὐδείς.

107 1936 140 1990 15
249 1918 354 2006 Ἐπῆει
377 1913 434 1985 σόν
454 1920 579 2003 θάμβος
605 1929 670 1997 τοῖς
692 1912 777 1996 ὅπως
794 1946 822 1986 οι
815 1920 1041 2003 κ”Ρωμαιων
1020 1946 1154 2006 πρχηγοι
1169 1921 1251 2003 μετά

149 2019 307 2108 τοσαύτης
328 2023 537 2107 περιφανείας
555 2024 610 2085 καί
634 2020 849 2107 λαμπρότητος
877 2021 957 2086 κατά
983 2032 1047 2087 τοῖν
1079 2021 1255 2109 όμοφάλων
1296 2017 1300 2025 “

150 2122 436 2205 έπιστρατεόοντες,
472 2115 570 2199 οότως
592 2120 711 2202 άτίμως
734 2120 789 2185 καί
811 2124 930 2206 γοεράς
958 2125 1013 2187 καί
1032 2122 1114 2204 μετά
1144 2122 1252 2188 τοιαό·

149 2248 205 2310 της
227 2223 388 2296 εὐτελείας
412 2220 467 2313 καί
489 2220 671 2303 δυσθυμίας
693 2226 880 2306 πεποίηνται
901 2221 961 2306 τῆν
988 2221 1151 2305 ἐπάνοδον,
1180 2225 1253 2290 α’ντί
1324 2300 1329 2305 ,

148 2330 207 2390 τοῦ
226 2328 301 2408 πρίν
325 2326 513 2403 τελουμένου
537 2347 603 2397 τοις
625 2320 723 2386 πάλαι
739 2321 911 2402 Ῥωμαίοις
934 2327 1084 2446 λαμπρορ
1105 2324 1160 2388 καί
1178 2348 1253 2390 στε-

105 2422 342 2511 αοφανηφόρου
366 2425 528 2508 θριάμβου
560 2427 792 2508 καταγέλαστον
817 2422 1003 2515 κατάγοντες
1024 2451 1075 2489 και
1099 2451 1252 2491 πανευτε-

147 2529 291 2591 λέστατον
313 2528 464 2609 θέατρον,
497 2521 554 2609 τῆν
582 2516 677 2608 ἧτταν
710 2526 749 2587 od
785 2549 847 2589 των
879 2549 1124 2609 συστρατιωτων
1154 2527 1251 2607 μόνον

104 2708 107 2713 .
149 2625 229 2691 ἀλλά
252 2651 303 2690 και
326 2625 380 2710 τὴν
403 2650 527 2691 εαυτων
555 2624 771 2689 κακοπάθειαν
793 2627 847 2690 καί
876 2629 1109 2710 σκληροτυχίαν
1131 2625 1249 2711 άδυνη-

149 2730 212 2811 ράς
234 2722 492 2813 θριαμβεύοντος.
544 2727 575 2791 τί
593 2732 708 2791 τούτου
731 2730 840 2811 γένοιτ’
869 2718 909 2789 dv
932 2723 1155 2812 διαόῆλότερον
1175 2731 1249 2792 θεο-

220 2906 262 2960 10.
282 2896 510 2978 άπαβαλλόμενοτ
529 2902 559 2960 0.
647 2904 688 2958 15.
709 2901 827 2966 arisati?
845 2919 879 2957 au
898 2912 957 2965 τοῖς
975 2905 1213 2989 προειργμένοιελ

149 3053 313 3118 venabatur,
333 3059 360 3104 et
378 3052 529 3105 divitiarum
549 3052 613 3105 satis
625 3050 749 3117 babebat,
769 3058 846 3103 antes
864 3051 917 3102 iam
935 3052 1092 3121 redemisset
1108 3056 1247 3120 suumxvi.

147 3141 203 3178 rum
232 3133 259 3177 et
287 3126 407 3193 utrisque
431 3125 547 3176 inimicis
572 3124 713 3189 solvisset,
739 3121 811 3175 buuc
829 3124 951 3192 quidem,
982 3125 1027 3191 qui
1045 3125 1119 3175 missi
1138 3133 1248 3177 erauta

148 3213 230 3266 rege,
249 3212 303 3251 nou
323 3204 385 3249 sunt
411 3198 492 3260 nacti,
514 3196 653 3250 Gaesarem
674 3204 762 3248 autem
787 3194 872 3248 solum
897 3194 1067 3246 redemerunt
1085 3204 1113 3247 et
1130 3196 1248 3248 reduxe.

149 3277 211 3321 runt
230 3269 258 3320 iu
276 3268 368 3320 urbem
388 3267 537 3337 capitalem.
573 3282 688 3336 cumque
708 3268 737 3318 iu
756 3266 919 3335 Propontide
939 3274 1037 3331 esseut,
1057 3268 1160 3319 veritus
1176 3268 1247 3321 Cae-

148 3356 199 3404 sar,
218 3355 252 3391 ne
270 3341 340 3392 lortc
359 3348 482 3409 tauquam
501 3348 621 3408 apostata
641 3340 809 3391 damnaretur
828 3347 854 3391 et
886 3347 1025 3405 suspectus
1054 3346 1148 3407 postea
1171 3340 1249 3392 lieret

149 3420 175 3463 et
193 3414 293 3463 vitatus
311 3419 338 3462 et
358 3412 489 3475 deiectus,
507 3411 630 3485 nolebat
637 3427 695 3461 cum
714 3412 811 3461 amictu
828 3411 929 3479 insigni
949 3411 1054 3462 adstare
1079 3420 1194 3479 cognato
1221 3418 1248 3462 et

147 3481 216 3548 regi,
235 3481 298 3531 scd
292 3496 390 3547 mergur
409 3482 532 3547 'deposito
552 3458 630 3535 crine
646 3490 829 3549 transgressus
849 3482 881 3533 ad
898 3482 1043 3536 mouacbos
1063 3483 1101 3533 ita
1117 3486 1145 3533 iu
1163 3483 1247 3534 forma

147 3552 196 3603 vili
210 3551 310 3616 regiam
323 3550 421 3601 subiit:
440 3551 543 3617 quaudo
562 3554 640 3602 ctiam
654 3552 828 3618 prudentibus
844 3553 910 3604 viris
929 3562 1022 3619 stupor
1040 3553 1131 3604 obibat
1144 3562 1171 3605 et
1182 3569 1248 3620 per-

147 3621 279 3673 turbatio:
299 3636 360 3671 nam
380 3620 412 3670 de
431 3621 640 3686 imprudentibus
661 3623 751 3689 etqui
771 3621 836 3672 talia
852 3638 906 3673 nou
926 3623 1080 3686 diiudicant,
1097 3623 1189 3675 nullus
1206 3632 1248 3675 est

147 3706 243 3744 sermo.

198 3764 202 3769 '
247 3760 343 3816 Obibat
362 3776 427 3829 ergo
446 3768 539 3828 stupor
557 3760 608 3825 his,
628 3761 698 3829 quod
714 3761 875 3815 Graecorum
884 3762 965 3813 duces
982 3778 1041 3813 cum
1060 3770 1134 3815 tanto
1152 3763 1246 3831 splen.

148 3835 259 3887 dorcet
285 3834 399 3885 candore
427 3841 520 3885 contra
547 3840 676 3900 cognatos
701 3832 859 3898 bellantes,
887 3842 940 3885 tam
960 3835 1073 3901 turpiter
1099 3842 1134 3890 et
1149 3838 1246 3888 misere

148 3914 174 3958 et
192 3905 240 3957 tali
260 3920 317 3955 cum
338 3903 442 3955 vilitate
464 3912 490 3955 et
508 3905 588 3956 animi
607 3903 759 3955 abiectione
778 3912 851 3956 retro
870 3906 958 3956 icrunt
973 3919 1022 3972 pro
1041 3913 1120 3956 antea
1137 3916 1245 3973 peracto

147 3977 281 4043 apriscis
301 3976 409 4029 Graecis
429 3975 567 4042 splendido
588 3984 615 4027 et
634 3984 761 4027 coronato
780 3975 912 4043 triumpho
931 3975 1071 4028 ridiculum
1084 3977 1246 4034 deducentes

146 4057 172 4100 et
192 4047 349 4100 vilissimum
365 4045 556 4119 spectaculum,
575 4047 609 4100 de
626 4046 706 4099 clade
726 4062 781 4099 uon
800 4046 964 4115 collegarum
983 4047 1135 4099 militarium
1159 4051 1246 4102 solum

146 4120 191 4173 sed
215 4120 293 4171 etiam
321 4118 353 4170 de
384 4134 432 4170 sua
460 4112 566 4170 fortuna
601 4127 628 4170 et
657 4120 808 4171 calamitate
835 4118 899 4172 dura
926 4120 1023 4171 misere
1042 4121 1243 4188 triumphantes.

146 4191 207 4259 quid
226 4190 278 4243 hac
297 4206 327 4241 re
346 4197 436 4256 potest
455 4205 513 4242 esse
529 4188 627 4241 clarius
646 4191 742 4243 mentis
763 4190 896 4242 alienatae
918 4191 1131 4243 documentum?
1149 4209 1244 4261 quam-

145 4261 235 4315 obrem
256 4264 335 4314 etiam
355 4262 492 4333 admiratio
511 4276 555 4315 me
573 4263 704 4327 incessit,
733 4263 866 4331 quomodo
885 4261 1045 4315 Graecorum
1062 4279 1158 4332 reges,
1184 4279 1244 4317 cunt

194 4359 274 4413 aut.
292 4356 374 4411 ινα.
396 4358 462 4413 σοι.
619 4338 622 4343 ’
1015 4359 1048 4412 ιε
