3017 4892
596 347 805 420 urerent.
1178 343 1253 424 Md

138 527 261 592 τούτου
285 524 339 590 καί
357 524 563 610 σομφολέτην
581 520 780 605 ύιιύρχοντα.
824 525 879 589 καί
899 521 964 607 πρό,
982 523 1040 588 τού
1060 528 1253 606 καταλαβεῖν

138 629 191 703 εἰς
224 624 486 711 Ἀόριανούπολιν
510 621 568 705 τὴν
599 623 764 708 εύφημίοιν
797 624 883 712 αύτῷ
916 626 971 689 καί
999 623 1070 709 τὴν
1086 629 1254 706 βασιλείαν

139 723 441 810 προόιεγρόψανιο,
463 718 613 806 ἀνοήτως.
638 722 765 800 πόντιος
800 726 855 789 καί
878 725 981 809 πόσης
1001 725 1169 812 οἷσφαλούς
1189 750 1255 791 πα·

141 823 353 912 ρατηρήσειος
376 819 522 891 όνενθεν.
567 819 589 907 ἢ
610 823 674 910 γόρ
699 819 749 909 ἄν,
773 825 803 891 εἰ
824 825 869 912 μὴ
893 829 947 892 καί
967 823 996 895 οἱ
1012 827 1201 911 κρατοῦντες
1221 831 1256 893 ἐν

110 922 535 1016 5Βνζαντόρύνοητότιροι
553 925 710 1010 ὑπῆρχον,
731 930 857 1011 ταχίως
870 923 909 994 όν
928 924 1096 1014 παρελύθη
1118 929 1173 992 καί
1195 952 1256 994 κα-

141 1027 346 1113 τεπόλεμήθη
375 1023 415 1092 τό
444 1029 499 1110 τῆς
519 1027 669 1112 τοιαύτης
691 1031 871 1114 ἐπιβουλῆς.
915 1027 950 1094 ol
971 1026 1033 1114 γοὶρ
1054 1023 1149 1104 diter
1169 1032 1259 1114 Θρα.

141 1131 227 1214 κῷαι
247 1125 355 1214 πόλεις
377 1127 432 1194 καί
451 1126 675 1194 Μακεδονικαί
695 1126 777 1214 πλὴν
799 1133 894 1201 τινοόν
915 1127 1109 1214 σονττῆρονν
1129 1126 1176 1195 ότι
1196 1134 1255 1196 τού

142 1227 273 1303 πάθους
294 1226 392 1304 αύτόις
412 1226 483 1310 ἔξω,
507 1231 562 1294 καί
577 1227 670 1313 ’παρὰ
694 1233 852 1313 βασιλέας
874 1232 1061 1313 ἐπαγγελίας
1077 1227 1255 1317 ἐγγράφους

150 1327 209 1395 καί
228 1333 443 1414 παραγγελίας
458 1331 649 1412 προσέμενον
673 1330 726 1393 tut
747 1332 956 1419 καταστροφῇ
968 1337 1033 1394 τῶν
1053 1329 1254 1413 ἀποστατῶν,

95 1433 134 1487 10
145 1431 202 1495 dael
227 1430 262 1496 τό
280 1433 343 1495 -καί
364 1427 418 1494 τόν
441 1433 618 1514 Βροόννιον
639 1425 686 1494 ἔτι
714 1430 879 1514 μακρόθεν
900 1430 1097 1496 καθεστάναι
1119 1435 1176 1515 τῆς
1195 1433 1255 1496 τού

140 1531 327 1616 Ἀδριανοῦ.
382 1522 418 1615 ἢν
445 1533 480 1594 δὲ
500 1532 543 1616 τῷ
577 1521 710 1612 βασιλεῖ
735 1534 791 1594 καί
812 1528 950 1614 στρατός
980 1533 1168 1611 ἷόιαι’τατος,
1190 1523 1252 1594 α’πό

142 1632 331 1716 σιίγκλύόων
361 1633 487 1714 ἀνδρῶν
518 1633 714 1711 α’θροισθείς,
737 1629 793 1692 καί
824 1633 863 1718 τῇ
882 1633 1042 1721 γυμνασίᾳ
1065 1629 1376 1715 προσλαβιόκῐ.λλθι.

140 1733 180 1795 τό
205 1731 383 1815 εὐδόκιμον,
403 1730 458 1811 οὓς
482 1731 537 1794 καί
559 1727 739 1804 ἀθανάτοις
763 1729 780 1792 ό
802 1729 953 1810 βασιλεύς
978 1722 1068 1809 οὗτος
1092 1729 1251 1813 ὠνόμασε.
1332 1757 1335 1763 “

147 1837 204 1896 καί
235 1833 286 1896 διὰ
318 1831 443 1897 πόντων
478 1831 618 1912 εὐχερῶς
657 1822 742 1912 εἶχεν
782 1834 956 1906 ἐπιθέσθαι
991 1840 1058 1907 τοῖς
1088 1857 1123 1916 γε
1150 1836 1184 1898 όν
1214 1833 1256 1923 τῇ
1282 1914 1286 1920 q

99 1933 409 2018 15Ἀδριανοοπύλει
428 1934 531 2015 1γιορίς
554 1933 612 1996 τού
632 1933 897 2014 προσδοκωμένου
919 1932 1069 2015 ἡγεμόνος
1089 1938 1252 2000 καθνλακ·
1314 1927 1322 1937 ’

148 2036 261 2118 rodco,
287 2035 343 2098 καί
371 2025 392 2116 ἢ
415 2037 600 2118 τρέψασθαι
627 2030 779 2112 τούτους,
802 2035 858 2096 καί
884 2035 929 2110 εἰς
951 2034 1130 2120 α’σφόλειαν
1150 2031 1254 2124 ἑαυτῷ

144 2134 337 2220 περιστῆσαι
359 2133 395 2202 τό
414 2134 596 2218 πράγματα,
618 2124 637 2218 ἢ
659 2133 715 2208 τός
727 2157 762 2216 γε
776 2131 885 2208 λοιπός
907 2132 1014 2210 πόλεις
1034 2138 1081 2212 τίς
1095 2134 1154 2220 τήν
1174 2132 1254 2202 ἑαν-

144 2237 206 2300 τού
227 2238 519 2320 κατοχαριύσασθαι
536 2233 651 2318 πύστιν,
677 2235 731 2298 καί
741 2232 890 2314 α’ντίξουν
909 2233 994 2318 ἔχειν
1014 2241 1048 2302 όν
1070 2241 1111 2324 τῇ
1132 2233 1251 2328 ἑσπέρᾳ

145 2336 227 2402 κατύ
256 2339 319 2402 τοόν
354 2337 507 2402 ἐναντίοιν
535 2338 697 2420 βοήθημα.
750 2331 770 2397 ό
792 2337 827 2401 dd
857 2337 948 2424 οἷνοίρι
969 2337 1024 2402 καί
1045 2338 1176 2428 οἷμελιίιγ
1198 2341 1261 2421 καί,
1357 2335 1364 2343 ’

102 2436 181 2508 λθιτό
202 2438 514 2520 κατασκευαζόμενον
536 2428 599 2500 daal
614 2439 737 2501 πολλῶν
758 2435 885 2520 ἧμὲροῖν
909 2437 1043 2521 ἐγγύθεν
1068 2440 1170 2504 αύτού
1189 2439 1250 2524 η’γ-

146 2529 491 2624 νύησεν-όπειροκόλοος
513 2536 702 2624 σκαιιόρημα
722 2542 834 2622 (τριιύν
853 2537 914 2623 γὰρ
937 2539 1064 2625 ἡμερῶν
1079 2541 1120 2602 oo’
1138 2540 1250 2624 πύρροο

148 2638 203 2720 τῆς
225 2637 346 2712 πόλεως
366 2635 663 2722 ἧἈόριανούπολίς
684 2638 798 2719 όπέχιι
822 2634 1013 2724 διάστημα),
1033 2644 1089 2703 καί
1111 2637 1191 2722 μετό
1213 2637 1269 2726 τό,

147 2738 264 2818 γνῶναι
284 2741 554 2819 σι’ναπεπταμόνοος
574 2741 629 2805 καί
641 2741 710 2819 μετ’
733 2738 862 2814 εύθείας
884 2741 1044 2814 διατιθείς
1058 2739 1135 2817 τούς
1156 2738 1251 2806 ἐναν-

146 2839 233 2915 τιόνς
267 2836 421 2922 ἰσχυρούς
450 2837 682 2923 όπειργόσατο,
715 2837 757 2914 ὡς
788 2833 869 2903 εἶναι
902 2837 942 2904 τό
967 2845 1064 2906 πλείω
1087 2844 1149 2907 τοῖν
1173 2839 1250 2917 τούς

1269 1499 1276 1525 Ι

215 2992 241 3044 3.
263 2989 401 3068 ἀσφαλῶς
422 2993 462 3061 ὓ.-

149 3140 286 3201 autequam
305 3132 499 3200 Adrianopoliu
536 3134 643 3186 veniret
675 3133 861 3186 salutationem
900 3136 926 3186 ei
958 3143 984 3187 et
1007 3153 1118 3206 reguum
1149 3139 1248 3190 decre.

149 3213 257 3270 verunt,
278 3203 457 3272 imprudenter
484 3207 591 3259 omnino
622 3214 648 3258 et
681 3208 739 3257 siue
764 3208 835 3258 omni
870 3215 926 3258 tuta
956 3210 1099 3260 cautione:
1124 3209 1246 3276 proiecto

148 3277 232 3342 euim,
266 3278 319 3328 uisi
351 3278 430 3328 etiam
454 3279 627 3345 imperatores
653 3277 777 3344 Byzantii
808 3281 893 3346 magia
917 3280 1098 3347 imprudentes
1124 3282 1247 3349 luissent,

147 3349 270 3400 celeriter
288 3347 419 3400 sublatum
437 3346 654 3416 debellatumque
680 3359 751 3401 esset
771 3349 824 3402 tale
855 3351 1006 3404 consilium.
1051 3361 1158 3404 ceterae
1178 3356 1248 3406 enim

147 3419 270 3470 Thracum
303 3427 330 3468 ct
354 3420 526 3479 Macedonum
554 3421 635 3472 urbes
654 3422 746 3487 paucis
776 3424 895 3489 exceptis
925 3425 1068 3476 servabant
1097 3442 1127 3478 ee
1152 3428 1248 3477 ctiam..

147 3499 197 3541 tum
219 3489 426 3555 perturbationis
455 3499 595 3557 expertes,
624 3499 650 3542 et
674 3507 689 3541 a
710 3508 774 3560 rege
794 3495 866 3547 insta
884 3498 984 3564 scripta
1006 3505 1033 3548 et
1057 3497 1178 3548 mandata
1198 3511 1247 3548 ex·
1333 3557 1339 3567 Ι

148 3559 300 3626 spectabant
319 3559 352 3610 ud
372 3563 539 3612 eversionem
559 3567 752 3626 apostatarum,
782 3565 844 3631 quia
869 3568 947 3617 etiam
968 3567 1119 3633 Bryenniue
1151 3569 1248 3621 etiam.

148 3639 199 3680 tum
221 3629 303 3698 louge
328 3629 434 3681 abesset
458 3632 490 3682 ab
509 3631 694 3696 adrianopoli.
743 3642 800 3684 erat
820 3643 907 3685 autem
931 3639 990 3703 regi
1010 3640 1090 3689 etiam
1112 3639 1247 3690 exercituo

150 3702 269 3767 proprius
289 3715 322 3751 ex
341 3701 451 3751 advenis
475 3701 626 3752 homiuibus
647 3709 754 3755 coactus
774 3711 801 3754 et
825 3707 1019 3758 exercitatione
1038 3709 1175 3774 accipient
1197 3724 1247 3760 au.
1272 3722 1305 3744 ι’

151 3773 310 3835 ctoritatem,
336 3785 402 3840 quoe
432 3773 510 3824 etiam
535 3771 699 3825 immortales
725 3777 774 3824 'rex
790 3773 836 3827 liic
863 3778 1020 3841 nominavit,
1041 3786 1121 3846 atque
1139 3782 1247 3830 omuino

152 3843 297 3908 expeditum
318 3844 343 3893 ei
363 3851 429 3906 erat,
444 3844 560 3911 aggredi
579 3841 642 3894 illos
661 3844 836 3912 Adriauopoli
863 3847 921 3897 sine
941 3848 1008 3899 duce
1030 3856 1184 3916 exspectato
1202 3851 1247 3903 la-

150 3921 244 3965 trantes
272 3920 298 3963 et
326 3916 417 3964 autin
443 3916 531 3984 lugam
556 3921 664 3967 vertere
691 3916 739 3970 hoe
760 3925 787 3968 et
805 3925 889 3969 tutum
907 3919 957 3970 eibi
976 3923 1141 3972 constituere
1159 3924 1246 3990 impe.

150 3987 221 4049 rium,
241 3992 286 4036 aut
307 3992 409 4036 ceteras
440 3987 544 4054 quidem
563 3985 642 4038 urbes
668 3989 695 4039 in
715 4004 763 4040 sua
780 3989 832 4040 lide
851 3990 954 4042 firmare
975 3999 1001 4041 et
1026 3994 1175 4059 oppositum
1194 3993 1246 4046 ha.

150 4056 209 4107 bere
230 4054 258 4106 iu
280 4057 419 4108 occidente
440 4066 531 4110 contra
550 4059 719 4112 adversarios
740 4060 878 4112 auxilium.
915 4061 964 4113 ille
984 4071 1072 4114 autem
1090 4065 1245 4132 impruden.

151 4127 184 4178 tia
201 4135 227 4179 et
245 4128 414 4197 negligentia
434 4130 513 4181 etiam
532 4138 703 4198 praeparatae
723 4147 772 4198 per
789 4131 888 4185 multoe
906 4134 963 4186 diee
981 4142 1066 4202 prope
1084 4152 1114 4187 ee
1134 4140 1255 4206 ignora-⁴

152 4201 187 4251 tit
202 4200 316 4266 turpiter
346 4199 473 4254 insidiae:
493 4202 594 4253 dierum
620 4204 690 4254 enim
710 4205 790 4254 trium
813 4219 868 4255 uon
886 4204 999 4272 ampliue
1018 4206 1051 4257 alt
1068 4208 1135 4260 urhe
1146 4208 1244 4262 Adria.

150 4270 252 4339 uopolir
277 4271 354 4327 abeat
382 4273 549 4329 intervalloz
569 4280 649 4344 atque
666 4283 807 4345 postquam
827 4293 884 4329 rem
902 4280 1049 4347 coguovit,
1068 4279 1200 4335 dissolute
1217 4286 1246 4333 et
