3017 4892
318 332 393 404 tto
602 279 845 400 'mestuus
874 324 1148 396 ammonas

317 496 397 584 γίλιρ
420 499 615 580 προύκοπτε,
639 497 704 580 θεῷ
724 497 784 574 μὲν
806 492 864 568 τὰς
885 490 986 574 εύχύς
1007 488 1156 555 ἐπετέλει
1185 484 1251 547 καί
1272 504 1346 564 προς
1362 479 1412 545 ἐκεῖ·

320 622 372 662 νον
395 601 567 680 α’νεπτέρου
590 595 644 663 τδν
665 596 757 678 νοῦν,
777 604 842 669 τοῖς
866 598 895 658 δ’
916 587 1157 678 ύπηκὸυιςτύς
1183 585 1368 667 εὐεργεσίας
1382 612 1412 648 τα

323 696 448 783 δωρεύς
481 699 537 762 καί
557 697 674 778 τιμοίς,
703 691 886 801 ποτημηδύν
917 696 1152 776 προσεπίχεεν.
1207 681 1283 752 εἶτα
1314 689 1362 747 καί
1381 690 1412 766 τῆς

320 803 538 883 μεσημβρινῆς
561 799 785 881 μυσταγωγίας
807 789 862 860 εἶτ’
875 789 933 860 σύν
947 796 1155 875 λειτουργίας
1182 791 1412 873 α’ρχομίνηςττ-

323 902 474 982 ραχρῆμα
490 901 551 969 τού,
562 900 618 982 τὴν
634 896 773 982 ἑωθινὴν
786 899 974 978 τελεσθῆναι
988 894 1199 976 δοξολογίαν,
1219 889 1285 952 σύν
1302 886 1423 967 α’πείχοιῇ

318 1004 374 1084 τῆς
386 1001 432 1074 εἰς
444 999 520 1064 θεύν
533 996 775 1083 παραστάσεως,
787 1001 848 1073 ἕως
861 1001 916 1088 καί
926 992 1005 1080 αύτη
1015 996 1249 1075 συνετελέσθη
1261 990 1357 1071 μέχρι
1365 1015 1411 1050 πα.

320 1101 375 1177 τύς
390 1110 457 1177 τοῖς
469 1099 690 1185 ἱερατεύουσιν
706 1101 859 1181 εύλαβαῖς.
882 1099 937 1162 καί
949 1097 986 1180 ού
1001 1097 1098 1176 μόνον
1110 1099 1151 1160 ἐν
1167 1103 1246 1165 τοῖς
1260 1087 1411 1168 α’νακτίρις

319 1201 354 1265 τδ
379 1207 434 1284 τῆς
465 1202 616 1283 τοιαύτης
649 1200 842 1281 θεοσεβείας
861 1199 963 1288 τούτῳ
986 1195 1189 1279 ἐπράττετο,
1227 1188 1315 1257 α’λλύ
1335 1187 1409 1251 auid

319 1311 391 1378 ταῖς
411 1301 587 1385 πανδήμοις
611 1296 736 1382 ἑορταῖς
751 1325 784 1364 τε
807 1304 860 1365 καί
880 1296 1113 1392 προελεύσεριν,
1139 1291 1235 1360 ὅταν
1253 1297 1302 1381 τηῖ
1321 1289 1411 1373 μεγίλγ

319 1408 439 1485 τεμένει
462 1406 517 1485 τῆς
541 1406 597 1466 τοῦ
617 1407 697 1466 θεοῦ
717 1400 810 1485 ἁγίας
825 1407 942 1487 σοφίας
965 1403 1138 1485 ἐπιφοιτῶν
1166 1393 1215 1482 ἤν
1236 1390 1322 1487 μετύ
1344 1388 1432 1471 δορυ-[Ι

322 1509 438 1594 φορίας
466 1507 520 1568 καί
544 1499 635 1588 δόξης
658 1503 925 1587 σύρανοβύμονος,
951 1495 1037 1588 ἢτηῖ
1059 1501 1280 1584 α’ποστολιιιῷ
1302 1495 1352 1556 καί
1372 1515 1410 1571 με·

320 1607 406 1696 γύλιμ
429 1607 504 1691 ναῷ,
527 1599 661 1692 ἢὲτὲριμ
683 1607 746 1667 τῶν
769 1601 897 1683 ἔξωθεν.
941 1606 1005 1667 τούν
1030 1599 1090 1685 γύρ
1113 1601 1182 1682 πρὸ
1208 1600 1273 1663 τού
1284 1599 1404 1679 βασιλέα

304 1707 401 1792 ’μετύ
430 1704 489 1789 την
510 1710 569 1770 τού
596 1709 687 1768 θείου
716 1699 901 1788 εύαγγελίου
924 1700 1097 1786 ἀνάγνωσιν
1126 1697 1405 1782 α’παναχαρούνταν

322 1812 444 1874 ε’κεϊθεν
474 1807 657 1880 σπουδαίας
688 1808 742 1870 ἐπί
771 1806 942 1889 ύνοκτήσει
971 1808 1027 1870 τοῦ
1057 1801 1154 1868 κόπου
1193 1805 1256 1867 καί
1288 1791 1402 1862 ductim

322 1911 376 1993 τῆς
397 1905 430 1972 ἐκ
450 1910 512 1974 τοῖν
535 1911 634 1971 λίθων
656 1906 710 1970 καί
728 1910 904 1992 μαργοίρων
924 1906 1107 1991 βαρυτάτης
1119 1907 1249 1987 σκευῆς
1267 1904 1323 1964 καί
1332 1899 1429 1981 citrei-t¹

323 2012 404 2097 λαγῇ
424 2012 487 2073 τῶν
510 2009 653 2072 α’πλίταν
675 2007 840 2092 θορύβων,
864 2008 961 2082 αύτδς
979 2009 1073 2072 ου’δὲν
1095 1993 1252 2072 τοιόύτύν
1274 2023 1343 2066 ποτε
1359 1999 1400 2058 du·
1427 1984 1429 2055 i

322 2108 478 2192 πράξατο,
503 2108 577 2172 υύδὲ
598 2111 653 2192 τῆς
675 2109 768 2183 θείας
790 2113 1017 2192 μυσταγωγίας
1037 2106 1093 2191 τήν
1122 2110 1254 2174 οἰκείαν
1287 2100 1402 2165 α’νίπαν-
1430 2074 1432 2130 ί

321 2233 373 2275 σιν
396 2210 448 2272 καί
467 2207 595 2293 τρυφὴν
615 2214 834 2294 προετίμησεν,
856 2209 1006 2284 αλλ”ἓιος
1030 2215 1140 2286 τέλους
1160 2212 1222 2292 τῆς
1247 2205 1333 2288 ἱεροῖς
1357 2205 1397 2260 2⁶⁸·
1427 2218 1429 2283 ζ

320 2314 470 2393 τουργίας
491 2310 633 2393 εύπιιγης
657 2313 794 2387 ἵστατο,
825 2315 891 2399 θεῷ
913 2315 1119 2394 προσανέχειν
1142 2301 1276 2390 ὄμματι
1296 2303 1396 2374 ciuitati,
1424 2288 1431 2417 η

321 2413 377 2475 καί
395 2410 450 2476 τὸν
473 2413 593 2477 ἐκείνου
614 2409 873 2493 α’πομιμούμενος
896 2409 993 2495 ἔλεον,
1014 2416 1048 2476 ἐν
1069 2403 1117 2486 οἷς
1140 2409 1181 2474 τοὶ
1206 2411 1292 2492 γέρα
1306 2396 1429 2469 attritio

320 2509 415 2594 τιμδς
440 2511 584 2609 ε’φήπλου
608 2516 687 2578 πᾶσι
709 2521 776 2590 τοῖς
797 2518 914 2590 πιστῶς
934 2510 1198 2596 προσεδρεύουσι.
1429 2510 1430 2521 ’

425 2612 572 2693 Τοιούτος
592 2612 654 2699 γύρ
675 2610 732 2702 ἢν,
764 2617 993 2698 εύσεβέστατος
1022 2615 1079 2680 καί
1104 2615 1299 2688 πιστότατος
1325 2606 1393 2672 σύτο-

321 2713 445 2800 πρύτουρ
469 2719 524 2781 καί
542 2719 586 2804 τῷ
609 2711 673 2780 ὄντι
696 2714 927 2804 φιλύχριστος,
961 2714 1141 2810 πραότατός
1161 2741 1221 2801 τε,
1257 2711 1340 2793 εἴπερ
1365 2727 1394 2778 ot
1428 2728 1429 2731 ’

394 2892 435 2947 12.
455 2893 595 2965 βασιλέως
615 2891 644 2946 G.

322 3057 403 3128 gebat
419 3059 548 3112 animum:
571 3057 699 3111 subiectis
717 3066 806 3110 autem
823 3058 956 3110 beneficia
974 3067 1002 3110 ct
1018 3059 1087 3111 dona
1106 3067 1133 3110 et
1146 3057 1266 3112 honores
1283 3052 1351 3110 durii
1363 3050 1392 3099 it·

269 3140 272 3148 '
322 3137 376 3184 star
396 3129 560 3182 effundebat:
580 3129 677 3181 deiude
687 3131 766 3180 etiam
780 3129 901 3181 meridiei
914 3131 1066 3182 initiatione
1079 3132 1193 3198 mystica
1203 3120 1391 3185 sivemiiistedt

287 3243 289 3250 τ
322 3201 413 3254 divino
439 3201 586 3266 incipiente
613 3201 701 3252 statim
726 3209 863 3268 postquam
891 3200 1020 3254 matutina
1051 3203 1174 3256 absoluta
1199 3212 1239 3256 est
1264 3193 1389 3253 celebratio

321 3287 375 3324 non
395 3287 424 3324 se
442 3270 607 3335 removebat,
627 3272 767 3338 quominus
788 3272 838 3323 deo
858 3274 978 3339 adesset,
1007 3275 1092 3326 donec
1112 3276 1190 3326 etiam
1212 3275 1280 3326 haec
1299 3265 1392 3322 mutua

323 3351 413 3396 esseut
438 3343 546 3393 omuino
567 3358 582 3394 a
600 3342 785 3395 sacerdotibus
804 3343 866 3410 pie:
890 3360 978 3413 neque
1006 3345 1092 3397 solum
1111 3347 1138 3397 iu
1157 3349 1233 3414 regia
1252 3343 1312 3398 talis
1327 3335 1390 3390 colit!

304 3416 354 3477 ,ab
384 3430 415 3465 eo
441 3413 571 3482 agebatur
598 3413 743 3464 sedetiam
771 3415 798 3464 iu
819 3414 934 3480 publicis
962 3417 1037 3470 festis
1066 3424 1093 3467 et
1110 3421 1236 3485 pompisz
1263 3400 1389 3484 quaudotd

320 3501 442 3554 magnum
469 3485 557 3535 fanum
585 3493 692 3536 sanctae
720 3485 765 3536 dei
790 3486 938 3552 sapientiae
967 3484 1111 3540 accedebat
1135 3504 1194 3541 cum
1212 3479 1390 3543 sateltititutt

321 3558 407 3629 gloria
427 3554 532 3609 coelum
546 3565 722 3624 assequente,
748 3558 844 3609 autad
864 3559 1046 3624 apostolorum
1071 3577 1191 3628 magnum
1221 3558 1337 3627 templum
1357 3541 1386 3600 *δ

320 3631 393 3682 aliud
412 3636 591 3680 externorum.
636 3645 694 3680 cum
715 3630 784 3680 euim
804 3630 908 3695 priores
937 3647 1016 3698 reges
1036 3641 1097 3698 post
1115 3633 1199 3685 divini
1219 3626 1344 3699 evangelii
1357 3619 1387 3670 lt·

319 3703 437 3753 'ctionem
455 3701 615 3752 recederent
633 3701 695 3752 inde
715 3702 834 3753 studiose
847 3701 879 3751 ad
898 3702 1067 3753 reficiendam
1086 3703 1300 3771 defatigationem
1318 3704 1340 3748 ei
1354 3692 1388 3742 di·

320 3772 471 3840 ponendum
489 3772 605 3839 lapidum
632 3781 658 3823 et
686 3775 815 3824 unionum
836 3775 1022 3840 gravissimum
1049 3783 1202 3842 apparatum
1222 3786 1248 3828 et
1265 3764 1384 3827 liberandi

320 3859 349 3896 se
369 3845 401 3896 ab
419 3841 662 3918 immensaturlta,
681 3845 739 3911 ipse
758 3844 826 3895 nihil
849 3845 905 3896 tale
924 3861 1037 3913 unquam
1061 3845 1193 3911 perfecit,
1213 3833 1385 3916 nequeumt

319 3917 454 3979 mysteriis
475 3932 549 3970 suam
573 3918 720 3984 requietem
742 3925 769 3967 et
784 3915 925 3967 mollitiem
953 3917 1095 3983 praetulit:
1122 3919 1169 3970 sed
1188 3935 1269 3987 usquc
1286 3915 1315 3967 ad
1330 3911 1383 3962 fitffl

321 3986 390 4038 sacri
416 3988 557 4040 ministerii
584 3988 673 4039 firmus
698 3987 832 4052 adstabat,
852 3987 902 4039 deo
933 3989 1049 4039 intentus
1068 3989 1148 4041 oculo
1172 3991 1277 4040 immoto
1295 3992 1318 4036 et
1332 3977 1379 4031 utu

320 4057 425 4108 imitans
442 4060 659 4111 misericordiam.

419 4153 492 4206 luter
522 4165 589 4220 quae
615 4158 731 4226 insignia
757 4166 784 4209 et
803 4157 920 4211 honores
949 4158 1045 4211 edebat
1063 4118 1184 4212 omnibus
1202 4159 1253 4212 fide
1271 4142 1379 4210 usitati·

319 4225 385 4282 but:
404 4223 467 4280 talis
487 4226 558 4279 cuim
577 4237 635 4280 erat
652 4230 786 4295 piissimus
801 4238 828 4282 et
839 4230 981 4310 fidissimus
992 4232 1152 4300 imperator:
1171 4240 1199 4284 et
1215 4243 1312 4294 revers,
1324 4215 1382 4278 tui·
