3017 4892
487 116 491 129 ‚
593 90 603 119 Ι

574 341 962 414 ·nnman.12=
1068 423 1071 428 ,
1210 328 1260 407 οε

159 512 296 592 νομένου
318 506 463 592 μείζονος
488 510 547 590 μέν
567 506 630 572 seia
649 503 729 587 μετὰ
748 504 849 571 sarim
871 504 1020 586 συχνῶν,
1040 496 1206 579 ἐλάττονος
1227 498 1262 567 tt
1293 546 1295 551 ·

162 614 221 678 τοῦ
241 608 352 734 πραὶην
375 613 545 695 μεγίστου,
576 611 713 674 πέπονθε
735 609 853 673 πτῶσιν
874 605 893 690 ή
914 603 992 670 κατὰ
1015 604 1175 689 Βιθυνίαν
1198 601 1263 667 Ni-

161 738 240 778 κατα
271 715 327 777 κατ’
361 712 585 797 πανωλεθρίαι
612 710 730 793 μικροῦ
755 710 822 773 δεῖν
847 730 899 773 και
920 700 1146 826 καταστροφήν
1180 725 1263 767 πον·
1274 715 1383 772 t185r.

161 797 247 896 τελή.
290 808 321 875 οἱ
351 809 414 894 peip
437 810 657 896 ἐπισημότατοι
684 832 798 894 ταυτης
829 809 902 873 νοντ’
927 802 982 869 κατ’
1009 804 1152 886 μέγιστ-ει
1163 824 1211 878 ,ο
1237 803 1262 869 τ’

134 917 212 981 riu
233 910 365 995 σ’νόμοτι
403 913 459 996 τῆς
490 913 550 976 τοῦ
585 912 664 975 θεοῦ
691 908 800 1034 λέγ’ρυ
810 907 929 995 σοφίας
955 906 1191 989 καθιδρυμένος
1211 903 1266 969 κατ’

163 1015 401 1099 καθιερωμένος
423 1013 460 1100 τῇ
488 1012 681 1097 μητροπόλει
701 1013 758 1075 κατ’
784 1008 885 1075 druis
915 1007 1014 1091 ἁγίαν
1036 1008 1190 1089 πατέρων,
1213 1000 1266 1069 ἔν-
1349 1055 1358 1069 ,
1445 996 1448 1003 ’

166 1122 273 1199 θαπερ
310 1113 331 1198 ή
351 1113 430 1180 κατὰ
452 1113 511 1180 τοῦ
530 1113 656 1232 Ἀρείου
677 1110 809 1189 σύνοδος
837 1117 901 1186 τοῖς
919 1105 1109 1183 ὄσιωτάεοις
1130 1108 1186 1173 κατ’
1206 1102 1266 1225 ὄρ

165 1212 313 1296 θοιλόξσις
332 1212 516 1301 ἐβεβαιώθη
539 1213 700 1299 πατράσι,
720 1238 775 1279 και
803 1210 837 1279 τό
862 1206 1081 1296 ὀρθότεμυν’
1065 1209 1266 1292 επορρησιοί

129 1318 229 1402 σθη
251 1339 303 1383 και
327 1320 577 1402 τηλαυγέστερον
594 1316 685 1400 ἡλίου
705 1319 886 1397 διέλαμψε,
905 1311 1181 1397 συνταραχθέντες
1204 1332 1263 1373 κοι-

116 1430 156 1485 10
165 1421 429 1504 τηιλσφισθησαν
461 1442 513 1482 κστ
536 1417 576 1482 τὰ
596 1419 688 1503 τείχη
709 1420 765 1502 τῆς
785 1416 900 1499 σμοίας
920 1438 1018 1499 τυχης
1037 1435 1098 1478 συν
1121 1418 1185 1485 τοῖς
1206 1434 1266 1474 πο-

162 1523 294 1593 λιτικοις
318 1515 469 1604 οἰκήμασι
496 1516 722 1616 μετεσχήκασι.
767 1542 820 1582 και
848 1515 901 1580 ἀπ’
931 1516 1049 1598 ι’κεινης
1068 1516 1123 1595 τοῖς
1142 1510 1265 1599 ἡμέρας

161 1619 201 1683 rui
224 1622 281 1682 τοῦ
309 1620 428 1739 τρόμου
461 1625 636 1704 κατέληξεν.
660 1595 784 1684 Ἦσαν
818 1620 853 1681 δέ
881 1619 984 1681 ταῦτα
1015 1636 1069 1680 και
1100 1609 1265 1692 εἴσπραξις

163 1714 406 1804 σμαρτημὰτσον
432 1746 487 1786 και
482 1721 600 1805 χόλος
624 1725 712 1796 θεῖος
740 1714 817 1797 ε’ξ“
796 1741 945 1794 απαντυς,
965 1714 1162 1818 η’νίττοντο
1153 1716 1200 1793 δέ,
1220 1736 1264 1790 αις

165 1815 258 1899 ἔοικε,
279 1825 336 1885 κατ’
354 1819 412 1905 τήν
431 1826 491 1887 τοῦ
519 1825 689 1907 εἰρημένου
718 1818 833 1895 ἔθνους
864 1816 1066 1905 έπιφοέτησιν
1086 1838 1141 1879 και
1166 1836 1267 1879 unro-

115 1928 155 1981 15
166 1928 273 1985 λυσιν
317 1924 351 1986 ἐν
367 1920 429 2005 γὰρ
450 1929 529 1999 ταῖς
541 1925 732 2008 θεοσημίαις
761 1922 841 2006 πρὸς
861 1926 928 1996 τοῖς
950 1920 1126 2005 εἰρημένοις
1159 1914 1218 1981 κατ’
1233 1939 1264 1981 τι

164 2024 279 2113 μέλλον
295 2024 473 2107 ἐπισκήψει
492 2024 760 2109 προιεθεοίρηται.

266 2132 379 2197 Μαΐου
394 2134 430 2197 δέ
443 2132 543 2219 μηνός
555 2137 611 2217 τῆς
630 2132 658 2197 δ’
679 2134 875 2210 ι’νδικτιιὸνσς
892 2131 1143 2206 ένδιιππεὺσντσς
1162 2127 1264 2217 σ’φοὲνη

163 2230 301 2316 κομήτης
321 2233 433 2317 ἀστήρ,
457 2232 589 2298 κατόπιν
608 2238 667 2297 τοῦ
689 2236 780 2316 ήλιόυ
805 2231 934 2315 δυ’ντος,
955 2229 999 2295 τὸ·
1012 2235 1147 2314 μέγεθος
1170 2220 1266 2316 σέλή-

161 2340 251 2398 ναῖον
265 2335 383 2419 φέρων,
404 2326 481 2398 ὅταν
496 2332 516 2416 η’
533 2331 646 2419 σελήνη
660 2335 846 2421 πλησιφαής
860 2337 999 2420 γένηται.
1020 2334 1076 2396 κατ’
1097 2329 1184 2421 ἐῴκει
1206 2334 1266 2412 μὲν

111 2435 332 2516 suspensiva
363 2429 480 2499 καπνόν
509 2458 578 2500 τινα
615 2440 669 2501 καί
704 2424 840 2521 ὁμίχλην
874 2438 1069 2517 ἐκπέμπειν,
1102 2432 1135 2500 έν
1162 2433 1198 2497 δέ
1226 2434 1268 2521 τῇ

161 2532 296 2620 ἐπιούσῃ
320 2524 438 2619 ἤρξατο
461 2537 707 2621 παραδεικνυειν
737 2535 937 2623 βοστρύχους
970 2532 1076 2612 τινές·
1119 2536 1173 2599 καὶ
1192 2530 1267 2599 ὅσον

161 2623 252 2698 οὗτοι
272 2635 554 2722 προεπετάννυντο,
573 2640 720 2703 τοσοῦτον
740 2660 775 2702 το
799 2641 934 2723 μέγεθος
951 2643 1007 2702 τοῦ
1028 2637 1161 2723 τέστέρος
1185 2632 1266 2699 ὑπέ-

161 2740 265 2819 ληχεν.
308 2739 453 2802 ολπέτεινε
475 2740 512 2802 δέ
534 2739 591 2815 τὰς
615 2735 742 2815 dentem
763 2740 806 2815 ὥς
827 2736 905 2827 πρὸς
934 2735 1028 2823 idus,
1048 2736 1104 2804 uui
1122 2735 1168 2815 ὥς
1186 2734 1267 2823 πρὸς

19 2874 50 2903 d

159 3088 255 3157 priore
280 3087 413 3153 maximo,
443 3103 531 3141 casum
559 3104 637 3157 passa
654 3098 695 3143 est
710 3090 854 3156 Bithyniae
879 3089 942 3143 urbs
961 3087 1060 3143 Nicaea
1089 3095 1116 3143 et
1133 3087 1276 3148 iuteritnmi

159 3175 251 3243 paene
276 3167 303 3209 et
327 3162 498 3213 eversionem
525 3161 682 3215 absolutam
720 3162 901 3215 illustrissima
931 3162 1000 3213 enim
1025 3160 1103 3213 buius
1124 3158 1223 3226 templa
1243 3169 1269 3212 et

159 3233 278 3285 maxima
302 3238 329 3281 et
353 3232 395 3296 id,
422 3233 493 3301 quod
511 3232 560 3286 suh
580 3236 688 3286 nomine
707 3235 856 3301 sapientiae
875 3233 984 3287 divinae
1003 3232 1114 3284 rationis
1134 3232 1282 3285 conditum*

163 3311 205 3355 est
225 3302 262 3352 et
270 3311 402 3356 sacratum
420 3305 479 3356 urbi
499 3306 624 3372 capitali,
645 3314 672 3358 et
690 3306 818 3373 templum
836 3313 987 3359 sanctorum
999 3312 1121 3372 patrum
1135 3303 1181 3355 ubi
1201 3319 1268 3355 con·
1278 3289 1282 3372 l

162 3374 256 3427 silium
276 3382 368 3425 contra
386 3377 480 3429 Arium
498 3392 519 3427 a
533 3379 659 3445 piissimis
680 3387 707 3429 et
717 3378 872 3432 orthodoxis
891 3376 1073 3431 confirmatum
1091 3383 1132 3427 est
1150 3376 1282 3442 patribust

164 3455 191 3497 et
212 3460 280 3495 vera
298 3445 363 3497 fides
382 3446 468 3499 libere
487 3447 634 3501 deliberata
655 3458 696 3501 est
716 3458 743 3500 et
770 3449 868 3503 clarius
893 3448 952 3501 sole
976 3447 1127 3516 splenduit,
1158 3455 1269 3497 contur-
1280 3441 1282 3478 ³

162 3518 229 3569 buta
254 3515 357 3570 deiecta
383 3526 445 3569 sunt
470 3526 497 3569 et
519 3520 625 3571 moenia
646 3520 764 3573 eiusdem
784 3521 906 3573 fortunae
927 3536 986 3571 cum
1004 3519 1121 3571 civitatis
1140 3518 1270 3569 aedificiis

164 3585 311 3655 partieipia
335 3581 444 3638 fuerunt
469 3595 496 3637 et
520 3590 580 3640 inde
606 3589 639 3640 ab
664 3588 713 3640 illo
741 3592 785 3641 die
813 3594 934 3643 tremitur
961 3592 1049 3642 desiit.
1089 3596 1164 3639 erant
1182 3597 1269 3639 autem

164 3658 234 3709 haec
255 3662 281 3704 et
300 3659 405 3708 exactio
420 3665 519 3723 peceat
521 3672 594 3707 orum
616 3666 642 3707 et
661 3658 700 3707 ira
721 3660 811 3710 divina
832 3662 954 3711 omnino:
975 3669 1002 3711 et
1020 3658 1222 3737 significabant,
1242 3665 1271 3707 ut

166 3734 288 3810 apparet,
309 3736 335 3779 et
353 3728 472 3796 populi
468 3728 664 3778 commemorati
684 3728 826 3781 adventum
842 3737 868 3779 et
886 3729 1095 3795 dissipationem.
1133 3726 1160 3777 in
1172 3727 1270 3779 divinis

166 3800 237 3851 enim
262 3799 345 3866 signis
371 3807 480 3866 praeter
509 3806 713 3850 commemorata
737 3800 816 3851 etiam
850 3800 966 3851 futurum
995 3798 1097 3867 aliquid
1130 3814 1269 3866 erumpere

165 3879 242 3925 antea
261 3870 456 3923 consideratum
485 3879 535 3923 est.

265 3970 336 4022 Maio
354 3976 442 4020 satem
460 3984 554 4021 mense
572 3964 748 4021 indictionem
764 3968 799 4021 IV
818 3968 1007 4036 perequitante
1025 3968 1148 4034 apparuit
1166 3976 1270 4020 cometa

165 4050 225 4108 pust
244 4040 329 4093 solem
348 4041 514 4092 ooeidentein
533 4040 740 4110 magnitudinem
761 4041 840 4092 lunae
860 4040 971 4103 babens,
990 4040 1095 4109 quando
1115 4038 1270 4105 iuuapleno

166 4113 266 4164 iumine
292 4122 350 4177 est,
378 4120 406 4164 et
432 4113 573 4166 videbatur
598 4121 652 4164 tum
677 4112 776 4165 iunium
801 4111 930 4183 quendam
950 4120 977 4163 et
995 4110 1119 4169 nebulam
1139 4113 1270 4172 emittere,

167 4192 277 4249 postero
296 4193 385 4236 autem
404 4185 448 4236 die
469 4185 559 4252 coepit
582 4185 725 4237 ostendere
745 4186 858 4237 erinium
878 4184 972 4237 caudas
992 4184 1167 4254 quaedamst
1184 4194 1271 4249 quau

167 4260 221 4307 tan
241 4256 291 4309 bae
310 4256 535 4322 extendebantur,
555 4266 654 4310 tantum
670 4258 824 4326 magnitudo
840 4254 937 4309 stellae
950 4255 1105 4312 definiebat:
1117 4250 1271 4321 porrigebat
