3017 4892
604 347 815 419 annnam.
1031 344 1034 347 ’
1208 340 1261 423 89

162 525 226 596 τοῖς
247 518 364 593 κσιλοις
384 517 441 601 τῆς
461 519 520 601 γῆς
539 512 691 601 κινήσιας
713 518 834 599 καὶτῆς
855 517 918 580 τόν
940 516 1064 598 ἀνίμων
1083 518 1119 583 ἐν
1140 516 1264 595 τούτοις

162 617 316 704 δινήσεως
335 616 352 685 ό
374 618 484 695 κλόνος
505 618 718 701 προσγίνεται,
741 618 974 702 ἀνατέτραπται
1004 615 1039 681 τό
1065 614 1212 700 ἐννόημα.
1235 619 1267 687 εί

162 718 225 806 γοὶρ
249 722 283 785 ε’κ
303 717 401 806 μόνης
422 724 478 805 τῆς
498 722 572 802 βίας
593 719 715 801 αότοῖν,
732 715 852 784 όπόταν
876 716 910 785 ἐν’
927 726 991 811 ησίς
1013 717 1186 800 κοιλώμασι
1209 720 1265 803 τῆς

163 826 221 906 γῆς
242 826 479 907 περιελιχθείεν
499 824 555 887 καί
567 823 734 887 όιοὶπνσιαν
752 820 1032 905 συμπεπιλημένην
1051 818 1186 902 λόβοιεν,
1205 843 1266 884 κα-

134 920 232 998 rtet<
257 912 348 987 οὗτοι
372 924 482 1008 φασίν,
508 921 527 1007 ἦ
549 924 731 1007 συγκίνησις
758 924 919 1003 ἐκτελοῖτο,
942 916 1001 986 κόν
1026 921 1160 1000 α’ταξίαν
1181 912 1266 1003 εἶχεν
1351 950 1355 971 =

165 1021 183 1085 ό
201 1018 310 1097 κλόνος
331 1026 387 1088 καί
408 1022 484 1106 οόχί
509 1028 608 1109 μέχρι
634 1022 785 1099 τιτοόσεοος
806 1019 1035 1088 όκαταπτοότσυ
1058 1018 1115 1104 την
1136 1011 1268 1086 ἄπλετον

165 1120 277 1209 ἔληγεν
297 1120 410 1210 όρμήν,
431 1126 484 1191 ἵνα
507 1123 551 1211 μὴ
574 1124 609 1191 τό
632 1124 696 1188 πᾶν
716 1123 830 1190 αὐτίκα
854 1125 1029 1213 καταποθῇ.
1073 1124 1131 1189 νόν
1154 1123 1191 1185 δὲ
1210 1117 1266 1185 όιό

166 1230 224 1311 τῆς
245 1222 400 1310 τοσαύτης
422 1228 476 1291 καί
496 1228 680 1311 συμμέτρου
700 1224 942 1311 παρακινησεονς
965 1225 1124 1291 δείκνυται
1148 1227 1267 1306 θεσση-

164 1328 242 1408 μίας
262 1322 353 1410 ἔργον
388 1327 404 1391 ό
440 1326 563 1412 κλόνος,
595 1330 642 1403 είς
662 1326 840 1411 α’ναστσλην
861 1323 917 1390 καί
936 1328 1102 1392 παίδευσιν
1123 1324 1184 1390 τοόν
1206 1321 1267 1387 όν·
1309 1317 1315 1331 ’

114 1445 157 1499 1o
165 1430 337 1511 θροοπίνων
366 1427 492 1514 όρμοόν,
522 1426 575 1492 καί
603 1430 660 1512 τῆς
688 1432 781 1504 θείας
802 1428 999 1506 ἀνεξικακίας
1029 1427 1049 1511 ἡ
1079 1422 1268 1508 ἐπιτίμησις,

166 1530 218 1614 ἐφ’
242 1518 267 1617 ᾧ
288 1527 333 1612 μη
353 1520 456 1615 όρδην
489 1530 668 1595 ἀπολέσθαι
694 1529 729 1594 τό
758 1534 864 1612 γένος,
887 1528 956 1593 ἀλλ’
980 1529 1169 1611 ἐπιπρέψαι
1190 1516 1291 1610 πρὸςχ

164 1628 204 1695 τό
228 1634 384 1710 βελτίονα.
425 1628 460 1695 τό
485 1632 514 1694 δ’
536 1632 569 1710 ἐξ
590 1628 756 1704 ε’πιπνοίας
779 1630 947 1708 α’νεμιαίας
965 1624 1027 1691 εἴτε
1051 1624 1115 1710 μην
1139 1620 1268 1690 όόότων

165 1727 316 1813 κινήσεως
337 1735 484 1811 γίνεσθαι
505 1731 561 1795 τόν
580 1728 712 1812 σεισμόν
736 1729 794 1792 oria
815 1720 948 1811 όκαιρσν
977 1727 1047 1791 oo't’
1076 1722 1156 1791 αότό
1189 1721 1292 1809 πρός.

165 1825 307 1911 φυσικὴν
325 1832 594 1916 σογκατασκιυην.
626 1831 790 1913 ἐνδέχεται
809 1830 870 1914 γὰρ
891 1832 985 1893 τοῦτο
998 1831 1054 1893 καί
1075 1826 1175 1893 πάνυ·
1199 1829 1269 1891 αλλ’

114 1943 155 1997 15
166 1928 226 1992 ota
249 1928 435 2010 αότομότοος
465 1932 485 2015 ἦ
512 1930 727 2017 όπισκίρτησις
760 1932 864 2016 (τοῦτο
893 1928 953 2013 γάρ
982 1931 1051 1994 ι’στι
1073 1927 1109 1995 τό
1132 1932 1271 2013 αὐατρε-
1296 1959 1298 1963 ’

164 2030 304 2114 πόμενσν
324 2036 400 2117 παρ’
422 2035 539 2122 ἡμῶν),
564 2038 635 2101 ἀλλ’
655 2036 690 2100 ἐκ
710 2036 803 2099 θείου
825 2033 1034 2118 βουλήματος,
1054 2026 1100 2099 ότι
1121 2028 1165 2115 μη“
1188 2031 1270 2112 εἰμί-

162 2157 232 2209 σανς
251 2132 288 2199 τό
312 2138 401 2199 θείαν
420 2134 461 2199 τό
483 2140 558 2223 περί
576 2134 632 2222 την
651 2136 761 2221 γηίνην
777 2135 876 2221 φόσιν
898 2138 1063 2219 οἰκονομεῖ.
1106 2128 1187 2198 oliva
1206 2131 1268 2218 γόρ

160 2237 224 2299 καί
245 2234 343 2299 όετοό
364 2237 384 2322 ἦ
408 2240 515 2335 νεραῖν
541 2244 735 2324 συμπιλησις
753 2235 817 2318 ξκαί
840 2238 974 2321 βροντῆς
1003 2237 1023 2323 ἦ
1047 2230 1270 2319 τσότανισόγ-

165 2359 299 2419 κρουσις
324 2340 381 2404 καί
399 2341 573 2425 α’στραπῆς
593 2340 647 2405 ε’πί
687 2340 786 2429 ταότη
812 2343 976 2422 παραίτιοι
1004 2338 1270 2424 καταφαίυονται·

115 2436 251 2513 boellio
270 2437 306 2535 τό
326 2443 388 2505 πᾶν
410 2443 464 2525 τῆς
486 2446 579 2518 θείας
599 2444 726 2525 γνώμης
739 2438 820 2507 κατό
843 2439 917 2516 τσός
939 2440 1154 2523 εόσεβσῦντας
1176 2435 1272 2526 ἑξήρ-

166 2564 271 2624 τηται.

269 2644 316 2707 Ἐν
345 2646 381 2709 δὲ
405 2652 470 2721 τοῖς
499 2648 734 2721 Μακεδονικοῖς
760 2648 890 2730 μέρεσιν
923 2640 958 2709 αῖ
990 2644 1143 2726 παράλιοι
1165 2642 1271 2717 πόλεις
1365 2726 1368 2737 Ι

166 2746 237 2810 κατ’
258 2747 378 2834 ε’κιίνην
403 2742 464 2830 ,τήν
484 2746 584 2812 νόκτα
602 2748 725 2831 μᾶλλον
750 2748 815 2813 τόν
843 2736 947 2812 ἄλλων
968 2740 1158 2828 πεπόνθασι,
1177 2742 1272 2813 Ῥαι-

245 2883 455 2977 ffiflma

114 3078 118 3082 ·
168 3070 253 3112 renen
271 3070 357 3124 aquae
375 3054 403 3107 in
420 3061 509 3107 terrae
526 3054 658 3123 specubus
677 3062 751 3107 motu
770 3062 797 3107 et
816 3060 957 3108 ventorum
976 3053 1003 3105 ln
1021 3051 1063 3105 bie
1081 3050 1187 3106 turbine
1206 3068 1271 3107 ern.

168 3131 291 3199 ptionem
310 3128 379 3191 llari,
399 3142 523 3180 eversum
543 3135 584 3180 est
602 3129 756 3197 cogitatum.
793 3142 854 3179 nam
872 3127 896 3179 ei
915 3125 973 3190 sola
994 3127 1022 3178 vi
1042 3140 1144 3189 eorum,
1165 3140 1224 3179 cnm
1242 3126 1270 3177 in

167 3198 305 3268 specubus
324 3208 410 3251 terrae
428 3207 619 3269 torquerentur
639 3209 666 3252 et
693 3201 815 3267 apiritum
834 3212 1014 3265 compreerum
1034 3202 1169 3264 caperent,
1188 3205 1218 3248 ut
1245 3196 1273 3247 hi
1377 3188 1380 3201 '

168 3274 278 3333 dicunt,
299 3280 385 3323 motus
405 3271 573 3337 efficeretur,
601 3280 675 3324 certe
696 3272 881 3324 confusionem
904 3270 1016 3323 baberet
1036 3268 1156 3335 eruptio,
1183 3282 1273 3337 neque

167 3345 201 3396 ad
221 3357 314 3394 cneum
332 3342 503 3394 infallibilem
523 3346 660 3413 ingentem
680 3344 770 3395 liniret
788 3344 931 3409 impetum,
956 3343 1019 3411 quin
1038 3341 1191 3392 universum
1217 3348 1274 3392 eta.

167 3417 215 3468 tim
235 3414 401 3466 sorberetur.
439 3430 510 3466 nuno
528 3423 616 3467 antem
635 3423 709 3467 tanto
726 3424 754 3466 et
772 3414 879 3482 aequali
899 3422 972 3466 motu
991 3412 1142 3465 declaratur
1166 3412 1274 3465 divinae

169 3484 379 3554 significationis
399 3486 497 3537 lectam
517 3487 621 3553 eruptio
641 3487 674 3538 ad
698 3487 883 3539 remissionem
909 3494 935 3537 et
966 3486 1148 3538 educationem
1179 3484 1274 3534 huma-

170 3570 267 3617 norum
287 3556 495 3619 propositorum,
510 3565 537 3608 et
554 3558 662 3609 (livinae
680 3557 863 3625 indulgentiae
882 3571 978 3622 poena,
991 3572 1027 3608 ne
1047 3556 1164 3609 lundi'tus
1182 3560 1275 3621 pereat

172 3641 269 3695 genno,
288 3624 337 3674 eed
358 3633 387 3676 nt
405 3626 431 3675 itl
450 3627 572 3676 advertat
592 3626 757 3678 melioribus.
796 3628 867 3693 quod
884 3635 972 3678 autem
993 3630 1114 3694 espiritu
1123 3634 1274 3688 ventorum,

173 3700 234 3751 eive
254 3695 333 3745 etiam
352 3710 478 3762 aquarum
499 3702 571 3745 motu
592 3696 692 3745 oriatur
710 3703 798 3747 terrae
817 3698 974 3758 eonouseio,
999 3712 1053 3747 non
1073 3704 1113 3747 est
1139 3696 1274 3761 ineptum,

173 3766 369 3835 neque'ipsum
390 3766 461 3834 quod
478 3766 574 3818 attinet
593 3765 741 3817 naturalem
761 3774 925 3832 apparatum.
964 3766 1022 3817 lieri
1044 3767 1113 3817 enim
1139 3766 1190 3816 hoo
1222 3780 1274 3832 ρο.

105 3866 109 3879 1
174 3847 227 3891 teet
246 3837 364 3901 omnino,
384 3838 504 3890 sednon
523 3846 624 3889 temere
643 3838 812 3903 fiternptio:
832 3835 884 3888 boo
904 3837 973 3887 enim
993 3836 1060 3889 illud
1080 3845 1141 3901 est,
1169 3838 1239 3905 quod
1259 3854 1275 3889 a

174 3910 252 3964 nobie
270 3906 419 3960 refutatur:
440 3909 487 3961 sed
505 3910 596 3961 divina
614 3908 763 3974 voluntate,
782 3908 836 3960 nisi
853 3908 913 3960 eine
926 3908 1013 3960 medio
1033 3916 1130 3961 numen
1155 3910 1274 3963 divinum

173 3991 306 4035 terrenam
326 3988 447 4033 naturam
465 3982 649 4041 administrata
666 3983 704 4033 ita
725 3982 795 4033 enim
816 3980 893 4031 etiam
913 3981 1011 4033 imbria
1024 3990 1050 4033 et
1068 3981 1177 4034 nubium
1192 3988 1273 4033 eom.

175 4052 278 4120 pressio
305 4060 332 4103 et
356 4054 470 4111 tonitruo
496 4053 589 4106 borum
609 4052 775 4121 compulsio,
803 4061 830 4105 et
848 4050 963 4121 fulguris
982 4054 1009 4105 in
1031 4054 1082 4105 bae
1100 4069 1129 4105 ro
1149 4062 1273 4105 auctores

175 4132 317 4191 apparent:
337 4124 384 4175 aed
403 4132 486 4178 totum
505 4127 611 4179 livinae
631 4126 782 4177 sententiae
801 4124 945 4177 secundum
964 4125 1021 4191 pioe
1041 4126 1272 4179 coniunctumest.

276 4196 306 4247 ln
325 4196 506 4249 Macedonicis
526 4206 612 4249 autem
634 4197 753 4265 partibus
773 4196 920 4249 maritimae
939 4196 1018 4249 urbes
1037 4197 1085 4249 illa
1104 4205 1184 4248 noete
1213 4194 1273 4263 plus

180 4266 274 4319 noterio
293 4283 388 4337 paneae
407 4277 478 4335 eunt,
497 4270 650 4327 llaideetom
669 4270 728 4327 dico
748 4277 776 4323 et
794 4269 902 4325 rantum
922 4276 949 4321 et
966 4271 1053 4337 iprum
1068 4262 1291 4341 llyriophytums
