3017 4892
597 379 805 450 mononis.
948 428 950 432 .
1181 352 1257 443 tte

152 549 259 631 γενῶν.
304 544 401 625 δόξας
419 546 456 609 δὲ
475 543 519 627 μή
545 543 610 607 κατ’
630 540 741 632 &paeto
769 543 946 629 τιμηθῆναι
967 564 1054 626 παρα
1078 543 1136 605 τοῦ
1157 542 1253 622 βασιυ

153 652 232 725 λέως
252 645 308 713 καί
323 644 445 730 δωρεάς
460 642 652 729 α’ποχριόσας
668 649 778 725 λαβεῖν
794 642 990 709 ἀποστασίαν
1011 641 1177 726 ἐσκόπησε,
1200 636 1255 703 κατ’

153 748 267 816 ου’τίκα
288 746 364 821 τοός
385 747 602 819 συναντῶντας
617 744 800 831 φορολόγων
817 768 851 809 τε
868 746 922 808 καί
942 740 1071 818 λοιποδς
1087 737 1253 806 σκυλεάεου
1333 822 1336 831 ρ

153 850 208 911 κατ’
222 843 411 931 διαρπάζειν
431 838 559 930 ήρξατο,
580 845 636 909 κατ’
649 844 751 911 πάντα
764 846 844 930 δρῶν
857 840 914 910 ὅσα
932 840 1088 909 δεσπότου
1104 840 1253 906 α’ποπτό-
1310 880 1312 887 ,

126 965 226 1017 5ουσι
247 945 407 1030 χαλινούς
431 947 527 1033 φόνον
549 948 584 1011 δὲ
602 946 770 1027 Ῥωμαίων
794 947 907 1010 οδδένα
922 944 1102 1028 εἰργάσατο.
1132 940 1181 1006 διό
1200 942 1256 1005 κατ’

151 1044 233 1111 κατά
254 1044 423 1131 βασιλικήν
446 1045 570 1130 ἐντολήν
595 1047 808 1131 (ἐμεμαθήκει
833 1047 893 1130 γάρ
917 1041 1021 1109 πάντα
1045 1040 1062 1106 ό
1086 1043 1253 1128 βασιλεύς)

152 1153 265 1213 πολλοί
280 1148 344 1213 τῶν
355 1150 560 1230 στρατιωτῶν
576 1146 656 1229 πρὸς
677 1148 787 1240 μάχην
801 1148 904 1237 τούτῳ
919 1143 1125 1231 συνήντησαν.
1146 1144 1258 1217 πάντες
1309 1175 1320 1198 a

152 1249 188 1313 δὲ
197 1248 251 1331 τής
263 1251 378 1313 τσότου
389 1250 553 1335 ῥομφαίας
564 1246 753 1333 ἡττήθησαν.
764 1254 943 1313 τελευταῖον
952 1248 987 1311 δέ
1000 1246 1121 1333 στρατῷ
1132 1239 1258 1331 μεγάλῳ

151 1352 216 1414 τῶν
226 1342 381 1435 ἐσπερίων
396 1353 486 1414 πέντε
502 1348 670 1432 ταγμάτων
688 1346 935 1435 ἐπιστρατεύσας
950 1348 1017 1413 κατ’
1034 1346 1134 1411 αότοῦ
1146 1346 1179 1410 ἐκ
1196 1344 1259 1407 τῶν

110 1448 365 1531 οδἈρμενιακῶν
393 1447 560 1536 θεμάτων,
583 1452 617 1514 ἐν
648 1442 673 1537 ᾧ
704 1448 955 1536 παρεχείμαζον,
979 1444 1066 1532 δτήν
1090 1438 1271 1530 ἡμιτονίου

152 1546 272 1630 τοότων
284 1549 470 1634 ἐπιτραπεὶς
479 1550 631 1634 Σαμουήλ
645 1549 824 1634 βεστάρχης
839 1550 1068 1623 δἈλουσιάνος
1085 1543 1259 1629 λεγόμενος,

74 1709 78 1719 ,
152 1648 208 1713 καὶ
228 1651 303 1732 περί
322 1643 440 1734 ὄρθρον
457 1653 613 1726 ἐπιτιθείς
638 1653 739 1737 τοότηι
759 1652 930 1732 ἠρεμοῦντι
952 1648 1006 1712 καί
1027 1645 1258 1730 ἀναπαυομένῳ

153 1745 234 1814 κατά
256 1746 291 1811 τό
315 1748 432 1823 εἰωθός
452 1753 508 1833 τῆς
527 1747 745 1831 α’ναστασίμου
769 1745 891 1833 ἡμέρας
910 1747 1121 1831 καί-μεγάλης
1142 1767 1258 1825 κυρια-

154 1851 211 1933 κής
229 1851 464 1933 ἐφισταμένης,
488 1847 603 1934 ἐπραξε
623 1854 682 1929 μὲν
699 1856 843 1932 γενναῖον
871 1842 976 1931 οῶδέν,
997 1846 1098 1912 ἐπαθε
1121 1848 1156 1912 δέ
1171 1852 1258 1927 μόλω

111 1953 209 2013 iiiios
231 1946 315 2013 πάνυ
335 1950 449 2023 κακῶς.
503 1946 693 2030 ἐμπεσόντες
719 1948 782 2032 γάρ
816 1948 845 2014 οἱ
874 1950 1067 2032 στρατιῶται
1097 1957 1162 2022 τοϊς
1191 1934 1259 2011 τῶό

155 2054 278 2134 σκηνῶν
311 2051 500 2129 καλωδίοις,
517 2053 593 2116 ,κατ’
619 2052 857 2130 συμπλακέντες
894 2051 1022 2134 αότσίς,
1049 2051 1166 2133 γνῶσιν
1192 2052 1258 2120 τοῖς

157 2147 315 2231 Φράγγοις
334 2148 392 2231 τής
413 2144 587 2233 ἐπιβουλῆς
610 2151 829 2233 πεποιήκασιν.
883 2148 916 2213 οδ
932 2152 967 2213 δὲ
988 2150 1159 2232 σταθηρῶς
1178 2140 1256 2209 ἔαυ-

155 2248 231 2323 τοῶς
252 2246 521 2329 α’νακαλεσάμευσι
533 2298 542 2330 ,
574 2251 630 2313 καί
649 2248 728 2332 πρὸς
750 2242 874 2331 άμυναν
896 2251 1066 2333 τραπέντες
1089 2246 1197 2331 ababa,
1219 2244 1258 2309 oti

153 2350 328 2433 μοχθηρῶς
350 2347 426 2423 νοός
443 2347 622 2429 Ῥωμαίους
643 2354 699 2433 τής
712 2354 915 2435 παρεμβολῆς
934 2346 1129 2415 α’πειόσαντο.
1174 2345 1259 2428 ταχδ

111 2452 278 2519 κολοιῶν
299 2447 403 2513 ἵππων
427 2451 607 2532 ἐπιβάντες,
627 2452 671 2525 ῶς
694 2445 780 2534 εἶχεν
800 2450 932 2527 ἕκαστος
952 2452 1092 2534 σπουδής
1114 2448 1169 2514 καί
1193 2472 1258 2513 πα·
1338 2436 1341 2441 ’

156 2553 334 2636 ρασκευής,
363 2554 419 2615 καί
442 2551 575 2616 κατόπιν
606 2551 776 2626 ἐλάσαντες
800 2551 935 2627 πολλοδς
965 2555 1024 2633 μὲν
1045 2544 1180 2629 άνεδλου,
1202 2544 1258 2613 άλ-

156 2656 231 2727 λους
252 2653 290 2715 δέ
320 2653 537 2737 ζωγρήσαντες
565 2651 689 2735 ἔλαβον.
744 2655 817 2717 τότε
847 2650 886 2736 δή
921 2654 1120 2735 προκαθίσας
1154 2648 1170 2712 δ
1198 2649 1260 2713 τῶν

157 2750 307 2817 Λατίνων
335 2754 478 2837 ἐξάρχων
509 2754 567 2818 οόκ
595 2747 727 2839 όικαιρον
762 2754 830 2817 οὐδ’
857 2750 1028 2835 όνεόλογου
1064 2752 1260 2836 δημηγορίαν

1279 1402 1309 1446 l

157 3066 273 3116 maturus
291 3063 329 3116 ibi
349 3078 408 3116 enm
427 3064 472 3130 iis,
490 3065 536 3133 qni
555 3080 614 3116 cnm
635 3079 668 3117 eo
688 3065 851 3135 navigabant
870 3072 896 3118 et
914 3063 1080 3135 propinquis,
1102 3062 1147 3133 qni
1173 3064 1259 3117 adse.

157 3145 262 3189 nerant.
300 3152 359 3188 cum
378 3144 465 3187 antem
484 3144 591 3204 putaret
609 3154 638 3190 se
657 3154 711 3189 non
730 3138 876 3191 seeundum
895 3139 1009 3191 studium
1028 3136 1186 3187 honoratum
1199 3148 1259 3186 esse

158 3222 257 3277 araga
278 3216 305 3259 et
323 3208 391 3259 dona
409 3209 572 3262 sufficientia
591 3211 738 3278 accepisse,
759 3210 937 3262 deiectionem
957 3209 1096 3260 meditatus
1108 3213 1149 3258 est
1160 3214 1185 3256 et
1201 3214 1257 3257 sta.

157 3282 204 3333 tim
230 3278 403 3348 vectigalium
429 3290 585 3347 exactores,
606 3284 651 3352 qni
673 3284 697 3334 ei
718 3291 891 3335 occurrerent
910 3290 936 3333 et
954 3281 1074 3348 reliquos
1095 3277 1212 3347 spoliare
1233 3285 1259 3329 et

158 3352 276 3418 diripere
295 3351 386 3419 eoepit
407 3359 433 3402 et
453 3356 540 3404 omnia
557 3370 640 3423 agere
660 3370 728 3423 qnae
747 3356 847 3406 domini
870 3354 1009 3406 excutiunt
1029 3352 1121 3415 irena,
1152 3349 1258 3400 caedem

157 3430 245 3474 antem
264 3422 425 3475 Graecorum
451 3424 551 3475 nullam
568 3428 693 3478 instituit.
731 3442 815 3493 qnare
836 3428 914 3477 etiam
934 3438 967 3476 ex
987 3424 1063 3491 regio
1082 3418 1259 3491 iussu(audi.

158 3500 235 3546 verat
259 3494 328 3542 enim
360 3496 449 3544 omnia
479 3500 546 3565 rex)
578 3497 654 3547 multi
686 3497 787 3549 milites
814 3499 845 3550 ad
875 3512 989 3566 pugnam
1023 3496 1047 3546 ei
1076 3498 1258 3545 occurrerunt.

158 3577 249 3615 omnes
267 3570 355 3612 antem
374 3562 452 3614 buius
472 3565 561 3632 gladio
580 3570 693 3618 maximo
706 3569 808 3620 devicti
827 3577 897 3620 sunt.
924 3576 1058 3635 postremo
1078 3573 1164 3617 autom
1180 3579 1260 3615 exer-

159 3636 213 3685 eitn
231 3646 327 3699 magno
347 3634 552 3686 occidentalium
570 3639 688 3704 quinque
715 3640 836 3690 ordinum
863 3638 999 3704 proiectus
1025 3644 1117 3687 contra
1141 3650 1200 3685 eum
1228 3648 1262 3684 ex

158 3704 323 3758 Armeniaeis
343 3703 509 3770 provinciis,
529 3706 574 3756 nbi
593 3705 761 3769 biemabant,
787 3711 829 3758 cni
858 3708 996 3772 imperium
1015 3706 1106 3756 barum
1133 3705 1261 3754 creditum

160 3784 218 3827 erat
236 3774 344 3827 Samuel
363 3774 507 3828 vestiarius
517 3776 661 3828 Alnsianns
679 3784 802 3839 vocatus,
817 3786 844 3828 et
858 3792 935 3826 mane
946 3776 1084 3842 oppositus
1094 3774 1156 3824 huie
1168 3775 1259 3840 quieto

160 3856 187 3899 et
207 3863 237 3899 se
253 3846 385 3897 reficienti
406 3862 510 3899 emere
529 3849 573 3899 die
591 3849 799 3900 resurrectionis
826 3848 924 3899 domini
954 3854 980 3896 et
1004 3860 1099 3915 magna
1126 3844 1259 3897 dominica

159 3921 286 3982 instante,
306 3919 363 3986 egit
381 3918 487 3986 quidem
503 3919 596 3970 nobile
614 3917 692 3983 nibil,
711 3920 791 3970 immo
811 3932 904 3986 passus
924 3925 965 3970 est
976 3915 1054 3969 valde
1071 3915 1149 3967 mala.
1187 3916 1258 3967 inei.

159 3992 252 4042 (lentes
279 3990 349 4039 onim
373 3989 473 4042 milites
496 3992 522 4041 in
546 3991 724 4042 tentoriorum
759 3998 848 4042 vestes
877 3999 904 4042 et
931 3988 1053 4056 impliciti
1078 3990 1111 4041 iis
1137 3988 1258 4039 notitiam

158 4062 268 4115 Francis
289 4060 443 4112 insidiarum
463 4063 642 4115 reddiderunt.
680 4062 813 4113 hiantem
834 4069 985 4114 constanter
1004 4076 1033 4113 se
1052 4068 1211 4113 revocantes
1232 4066 1259 4110 et

159 4133 191 4183 ad
211 4133 353 4184 arcendum
373 4134 460 4185 statim
484 4136 567 4198 versi,
587 4148 642 4184 non
671 4134 805 4188 laboriose
826 4134 942 4195 Graecos
968 4133 1060 4185 castris
1087 4130 1255 4198 expulerunt.

160 4203 286 4256 celeriter
303 4213 391 4256 autem
410 4220 493 4273 equos
513 4206 687 4258 ascendentes
706 4215 735 4259 nt
753 4207 868 4259 habebat
886 4206 998 4275 quisque
1017 4203 1130 4258 studium
1150 4210 1178 4253 et
1206 4214 1255 4267 ορ-

159 4284 286 4343 paratam,
306 4284 334 4328 et
350 4292 366 4328 e
384 4284 461 4346 tergo
475 4278 590 4345 proiecti
608 4278 704 4333 multos
723 4280 925 4345 interfecerunt,
936 4276 1002 4331 alioa
1020 4278 1098 4331 vivos
1118 4277 1254 4341 coperiant.
