3017 4892
210 324 287 401 ato
505 317 722 406 ntentans
753 299 1018 430 tristioris
1090 309 1096 315 “

210 494 265 565 τόν
287 488 450 577 Περσικόν
482 489 615 553 πλοῦτον
645 486 793 551 ἐντεῦθεν
826 480 1015 567 συναγαγών
1048 480 1126 546 οὐδὲ
1145 483 1246 566 μέχρι
1268 483 1333 547 καί

212 594 396 677 ἐκπώματος
428 592 554 675 χρυσοῦ
580 582 601 671 ἢ
625 588 770 671 αἷρνυρού
792 586 837 661 εἰς
867 583 923 650 τόν
944 582 1027 651 ἴδιον
1047 586 1120 666 βίον
1141 581 1326 668 εἰσήγαγεν,

211 692 293 763 atra
316 694 423 759 κιόντα
444 695 482 780 τῇ
505 693 595 755 πόλει
618 689 682 755 ’καί
702 690 746 777 τῷ
766 688 869 777 φίσκηυ
901 686 1100 771 προσήνεγκε,
1123 687 1164 749 δι’
1185 680 1326 768 δμαξων

211 800 377 880 δισχιλίων
399 791 438 859 τό
462 792 594 879 λάφυρα
607 787 717 857 -πόντα
739 798 806 865 τοῖς
838 791 980 863 πολίταις
1005 789 1243 864 καθυποδείξας
1264 789 1328 852 καί

197 898 265 965 ’διό
287 898 342 982 τῆς
360 898 481 981 α’γοροῖς
501 898 730 980 προεκκομίσας
749 895 794 967 εἰς
812 890 848 955 τό
872 890 1044 975 δημόσιον,
1066 886 1122 955 καί
1139 892 1232 954 τοῦτο
1254 882 1353 970 μό-5

193 1022 265 1071 Ινον
289 995 446 1083 κερδήσας
466 999 528 1063 raia
548 992 697 1061 τοιούτων
724 996 896 1079 τροπαίων,
919 991 952 1055 τὸ
975 989 1057 1074 μετὰ
1084 992 1201 1077 δίφρου
1223 994 1323 1073 βασι-

211 1101 302 1167 λικού
323 1095 403 1164 κατὰ
424 1097 458 1163 τό
484 1100 665 1179 εἰθισμένον
688 1100 842 1179 λαμπρῶς
863 1093 1097 1178 θριαμβεῦσαι,
1114 1114 1323 1177 1προπορευο-

211 1202 315 1282 μένιον
336 1199 440 1263 cultori
462 1200 525 1264 τῶν
549 1195 710 1281 τοσούτων
726 1196 893 1283 λαφύρων,
917 1195 973 1257 καί
992 1196 1157 1277 προσεχαῖς
1174 1193 1235 1256 τοῦ
1256 1184 1325 1275 ἐόρ-

110 1324 111 1327 *
209 1322 307 1379 ματος
327 1302 390 1364 ταῖν
412 1322 448 1364 τε
471 1292 576 1364 ἄλλων
598 1297 747 1379 ἐκκρίτων
768 1286 972 1361 Μακεδόνων
995 1295 1125 1358 καὶτοῦ
1148 1294 1324 1375 αἰχμαλω-

209 1402 369 1475 τισθέντας
389 1402 547 1484 βασιλέως
571 1396 671 1464 αὐτού
692 1395 730 1481 δὴ
754 1398 814 1461 τού
837 1397 992 1478 Περσέως
1022 1392 1104 1477 μετὰ
1126 1396 1241 1459 τέκνων
1261 1394 1324 1460 καί
1331 1408 1373 1461 10

209 1503 368 1588 γυναικός,
391 1506 432 1565 ον’
444 1499 506 1585 γὰρ
523 1498 603 1585 πρός
617 1495 767 1621 ἀργύριον
782 1496 836 1563 καὶ
850 1493 988 1561 πλούτου
1010 1496 1169 1581 ἐπίκτησιν
1181 1492 1211 1559 οἶ
1224 1496 1325 1580 τύγε-

212 1608 354 1670 νέστατοι
364 1600 524 1683 Ῥωμαῖοι
547 1599 582 1666 τό
605 1604 674 1664 κατ
697 1600 795 1664 ἐκεῖνο
814 1598 928 1681 καιροῦ
948 1599 1148 1681 ἠγωνίζοντο,
1169 1590 1252 1660 ἀλλὰ
1274 1598 1321 1659 δι

209 1698 350 1771 εύκλειαν
372 1703 471 1789 μόνην
489 1728 547 1767 και
543 1700 720 1784 ἀνδρείας
741 1702 891 1776 ἐπιδειξιν
911 1700 1042 1783 καὶτῆς
1061 1696 1320 1784 ιδίαςπατρίδος

209 1808 368 1893 σωτηριαν
390 1828 423 1871 τε
444 1808 499 1870 καί
519 1801 739 1926 λαμπρότητα

312 1904 480 1983 Τοιούτους
503 1902 679 1978 κλόδουςι
660 1932 678 1988 η
699 1907 762 1970 raia
779 1906 918 1985 Φαβίων
925 1902 1002 1990 ρίζα
1018 1907 1210 2026 περιρανεῖς
1235 1872 1360 1967 dau-15

70 2009 90 2065 f·
108 2010 198 2082 2141·
208 2014 391 2088 δεδωκυιοι
424 2005 552 2095 χρόνοις
582 2001 716 2090 ὕστερον
746 2004 804 2069 οὐκ
828 1998 942 2087 ὀλίγοις
969 2006 1025 2069 καί
1057 2000 1132 2077 τούς
1156 2000 1317 2083 Φωκόδας

208 2111 285 2195 ἡμῖν
307 2113 513 2193 ἐπιδέδωκεν,
543 2102 666 2189 ιόσπερ
665 2109 983 2229 μητοφυιευδέντας
1005 2100 1073 2185 ἐξι
1059 2108 1170 2229 εςέρας
1191 2110 1250 2187 γῆς
1269 2105 1319 2180 εις

155 2222 162 2235 “
207 2208 355 2297 ἐτέραν’
339 2214 483 2275 ἐπίτοκον
506 2200 679 2333 ἐρορραν.
704 2205 806 2291 ἧγόρ
830 2204 885 2271 διὰ
907 2231 1034 2272 παντων
1050 2207 1185 2289 ακροτης
1204 2229 1259 2269 και
1278 2204 1313 2270 τό

167 2298 171 2304 f
207 2314 271 2379 τῶν
291 2308 434 2397 πράξεων
455 2310 603 2396 συμφυὲς
624 2334 677 2374 και
672 2294 845 2393 όμόζηλον
866 2307 921 2371 καί
941 2304 971 2391 ἦ
983 2310 1046 2372 τῶν
1067 2305 1234 2389 ἐνομότων
1248 2332 1315 2371 πα.

186 2414 340 2499 ,ρίσωσις
355 2413 603 2497 α’παρόγραπτον
617 2412 724 2487 ου’τοίς
739 2412 920 2497 μαρτυρίαν
930 2411 988 2476 τού
999 2411 1109 2493 γένους
1130 2411 1185 2473 καί
1206 2408 1316 2491 α’ναμ-
1295 2417 1357 2473 -20

208 2514 340 2603 φίβολον
361 2512 528 2579 δείκνυσιν.

270 2618 314 2681 Εί
334 2619 370 2683 δὲ
387 2613 442 2680 καί
463 2614 619 2702 Ἰβηρικην
639 2616 806 2701 συμφυΐαν
819 2609 888 2695 ἐξ“
875 2612 944 2688 ενὸς
963 2615 1159 2697 μέρουςτοῖς
1176 2608 1314 2677 oasim

207 2706 426 2803 παρομαρτεῖν
447 2719 583 2801 λέγεται,
607 2716 662 2784 καί
683 2716 777 2781 τοῦτο
799 2718 919 2798 μᾶλλον
940 2710 1124 2799 πιστότερον
1144 2710 1197 2779 τόν
1217 2709 1339 2796 λόγον’

206 2818 295 2904 ἡμῶν
317 2821 510 2903 διατίθησιν.
562 2816 592 2883 οἱ
608 2814 671 2902 yolo
685 2810 811 2905 Ἴβηρες
842 2818 877 2883 ἐκ
897 2812 954 2902 τῆς
974 2817 1132 2902 Κελτικῆς
1152 2811 1313 2901 ἀνεφάνη.

208 3075 236 3129 iu
256 3089 330 3129 suam
347 3075 429 3128 vitam
456 3075 575 3127 induxit·
602 3074 649 3127 sed
675 3072 763 3125 omnia
785 3073 844 3124 urbi
870 3081 897 3125 et
924 3074 990 3126 liaeo
1020 3073 1110 3125 attulit
1128 3071 1249 3125 curribus
1267 3071 1311 3124 bis

181 3157 184 3168 ’
208 3146 283 3199 mille
310 3148 434 3214 praedam
458 3161 561 3198 omnem
588 3144 691 3197 civibus
724 3146 867 3197 ostendens
895 3153 922 3197 et
946 3161 994 3213 par
1021 3146 1139 3197 lorum
1131 3160 1159 3195 m
1178 3144 1311 3195 aerarium

208 3218 363 3287 portandam
384 3234 496 3270 curans·
523 3226 603 3285 atque
629 3215 680 3267 hoc
710 3216 797 3268 solum
822 3216 939 3269 lucratus
968 3216 1116 3268 extalibus
1135 3217 1262 3283 tropaeis,
1281 3224 1315 3267 ut
1358 3230 1362 3240 ’

208 3305 267 3341 cum
288 3305 367 3340 curru
386 3292 463 3357 regio
491 3304 523 3339 ex
547 3294 621 3338 more'
648 3287 787 3355 splendide
813 3288 975 3356 triumphum
994 3296 1102 3356 ageret,
1122 3286 1313 3339 anteauntibus

209 3377 268 3412 eum
288 3361 368 3411 tantis
388 3360 494 3443 praedis
519 3366 546 3409 et
574 3360 647 3411 iuxta
667 3375 771 3411 currum
797 3368 851 3411 tum
875 3360 935 3412 aliis
953 3360 1031 3412 lectis
1050 3358 1236 3413 Macedonibus
1256 3366 1314 3410 tum

208 3440 285 3500 capto
303 3444 369 3498 rege
391 3432 449 3497 ipso
468 3431 567 3483 Perseo
588 3447 646 3482 cum
664 3430 758 3485 liberis
778 3440 805 3483 et
829 3446 926 3483 uxore:
945 3432 1122 3499 nequeenim
1141 3432 1175 3482 de
1198 3438 1314 3499 argento

209 3513 235 3556 et
254 3502 407 3555 divitiarum
425 3504 598 3569 possessione
622 3502 785 3554 nobilissimi
808 3504 920 3555 Romani
938 3502 987 3553 illo
1014 3512 1135 3571 tempore
1159 3501 1314 3567 certabant,

207 3574 254 3629 sed
284 3582 394 3641 propter
421 3574 534 3643 gloriam
560 3573 644 3627 solam
664 3583 691 3626 et
715 3576 822 3628 virtutis
842 3573 1049 3627 declarationem
1068 3583 1095 3625 et
1118 3589 1183 3627 suae
1207 3574 1315 3641 patriae

209 3646 369 3701 salutemet
392 3645 570 3714 splendorem.

305 3733 381 3786 Tales
401 3734 563 3803 propagines
594 3744 732 3803 postquam
751 3734 892 3787 Fabiorum
911 3735 986 3786 radix
1011 3733 1113 3787 lucidas
1133 3734 1229 3800 edidit,
1256 3749 1315 3787 uon

205 3806 295 3873 parvis
315 3806 478 3873 temporibus
497 3815 591 3874 postea
611 3808 688 3859 etiam
702 3806 838 3859 Phocades
851 3807 929 3859 nobis
948 3806 1057 3870 addidit,
1076 3814 1200 3875 tanquam
1220 3814 1315 3859 trans-

205 3878 274 3930 latas
293 3877 396 3945 plautas
417 3878 521 3930 exalia
540 3886 610 3931 terra
629 3881 656 3930 in
677 3880 758 3931 alium
778 3880 893 3930 feracem
914 3893 1016 3947 agrurn.
1056 3880 1155 3930 etenim
1175 3878 1315 3946 fastigium

205 3950 234 3999 in
254 3948 375 4001 omuibus
388 3958 415 4001 et
427 3950 556 4001 laetorum
569 3951 722 4001 coniunctio
739 3958 766 4001 et
779 3965 917 4001 commune
933 3950 1057 4015 studium,
1076 3958 1157 4019 atque
1171 3951 1314 4002 nominum

207 4022 369 4085 comparatio
390 4020 553 4073 inlinitum
545 4016 579 4075 ris
599 4023 781 4075 testimonium
805 4022 914 4090 generis
940 4029 967 4072 et
986 4029 1087 4083 certum
1106 4021 1232 4074 declarat.

305 4105 416 4159 Etiamsi
435 4118 523 4161 autem
542 4110 647 4163 lberica
672 4110 826 4161 coniunctio
846 4126 880 4161 ox
898 4125 951 4160 una
969 4118 1045 4177 parte
1066 4109 1204 4163 Phocades
1223 4112 1313 4161 comi.

206 4180 258 4231 tari
277 4177 383 4243 dieitur,
403 4179 454 4230 hoc
475 4192 582 4249 quoque
600 4184 693 4249 magis.
705 4182 846 4233 certiorem
876 4197 1025 4234 sermonem
1043 4190 1163 4234 nostrum
1182 4183 1311 4250 disponit.

206 4250 297 4306 lberos
318 4251 388 4305 enim
418 4268 432 4303 e
457 4259 529 4304 terra
548 4253 652 4308 Celtica
670 4260 865 4321 apparuerant:
893 4254 983 4308 iberia
1001 4255 1094 4319 enim,
1113 4270 1182 4323 quae
1200 4255 1313 4322 proprie
