3017 4892
301 333 377 406 288
588 329 810 403 utendum
839 328 1099 402 eurinome

301 493 350 565 δτι
372 522 430 584 περ
446 493 603 581 Ιδοτικικοὶς
631 494 736 580 ἆρχώς
763 495 901 579 ε’χδντων
928 500 995 560 τών
1021 493 1276 562 Βοτανειατόν
1310 491 1383 555 κᾶν
1405 497 1445 580 νή

300 595 392 666 δώσει
412 601 467 664 καί
489 594 666 681 διαβοήτων
687 590 788 662 ὄντων
804 602 881 681 περί
896 594 939 661 τώ
957 600 1125 681 κράτιστα,
1144 591 1181 658 οἱ
1203 593 1351 657 τούτου
1363 595 1442 673 κρο-

301 723 378 783 γοτα
399 701 475 764 asts
503 701 704 780 παραστῆναι
722 697 847 773 τούτοις
875 698 1034 780 ήδδιαττο
1055 699 1113 760 κατ’
1126 693 1228 773 ια’ξιν
1256 695 1435 776 πληρώσαι

305 799 492 884 δπήρετών,
522 801 658 885 α’φανεῑς
688 790 776 874 ὄντες
805 801 861 863 κατ’
888 801 974 881 μηδὲ
1005 806 1072 872 τοῖς
1092 796 1363 878 εὖτελεστέροις
1382 799 1436 856 τοῖν

302 901 495 982 α’ξιωμδτων
515 903 550 964 ἐκ
573 899 707 983 τάγματι
729 903 947 987 στρατιωτικῷ
975 897 1256 978 συνταττόμενοι,
1285 896 1370 958 οὐδ’
1387 893 1451 965 ius

301 1004 415 1086 tsi-155
437 995 519 1077 ἓώας
540 1001 735 1086 εὐπατρίδης
757 1001 775 1064 ὅ
795 998 949 1082 βασιλεδς
968 1004 1123 1086 πέφυκεν,
1142 991 1256 1072 αδτδς
1281 999 1318 1060 δ’
1341 993 1428 1062 ἐσκέ-

301 1127 371 1189 ριος
389 1103 446 1169 καί
464 1098 615 1186 δυσγενής
637 1105 703 1168 ε’στι
727 1101 807 1168 κατα
828 1101 1014 1188 σύγκρισιν·
1067 1103 1125 1164 κατ’
1143 1098 1204 1163 διὰ
1229 1101 1351 1162 τοῦτο
1373 1125 1424 1162 τοι.

303 1209 367 1283 νώς
386 1200 487 1276 αδτδιι
512 1201 731 1288 ἀπεκήρυττον
752 1199 901 1284 ἅπαντες,
926 1208 983 1269 κατ’
1002 1197 1093 1290 δρκτρ-
1106 1201 1426 1287 κλήροφορήσαντες

301 1311 417 1390 μίχρις
438 1305 571 1386 αἵματος
601 1306 864 1388 διαγωνισασθαι
883 1311 952 1370 κατ’
972 1305 1076 1370 ου’τοῐί
1095 1301 1135 1368 τώ
1157 1297 1297 1388 εὔορκα
1322 1310 1426 1388 ψηφί-

302 1412 426 1474 σασθαι
447 1407 490 1494 τῷ
515 1406 693 1492 ἐπουρανίῳ
711 1409 845 1488 βασιλεῖ
863 1407 1079 1470 καθικέτευον.
1430 1425 1443 1469 1·

400 1510 483 1578 Ἀλλ’
507 1506 522 1572 δ
545 1504 696 1589 βασιλεδς
725 1503 765 1568 τώ
791 1505 872 1590 πρὸς
901 1508 955 1572 τὸν
982 1511 1120 1587 πόλεμον
1150 1507 1356 1591 ἔξαρτώοον,
1377 1511 1423 1570 καί

301 1609 405 1680 πάντα
435 1608 516 1690 κατὰ
546 1607 638 1691 λόγον
670 1605 725 1671 καί
752 1605 867 1690 τρόπον
896 1611 1053 1684 συνέσεως
1081 1609 1294 1692 καταρτιζων
1324 1609 1363 1670 ἕν
1385 1611 1420 1693 agi

303 1707 454 1799 ἇσφαλετ,
474 1710 530 1776 καί
548 1709 703 1792 δυνάμεις·
717 1707 899 1790 Ῥωμαϊκὰς
918 1710 953 1772 ἐκ
968 1708 1098 1793 Κρήτης
1117 1714 1363 1791 συναθροίσας
1381 1710 1416 1781 εἰς

302 1812 339 1877 sd
359 1810 421 1898 πρὸ
441 1816 497 1897 τῆς
517 1811 639 1885 πόλεως
664 1810 793 1887 πεδίον,
818 1812 876 1872 καί
898 1810 1059 1891 Τοδρκους
1089 1809 1416 1891 διαπεραιωσσὶμενος

303 1913 360 1980 καί
376 1911 622 1998 καταριθμήσεις
643 1919 707 1987 τοϊς
727 1906 847 1996 ἑαυτου
865 1912 1086 1994 στρατιώταις,
1107 1907 1164 1983 οδς
1185 1909 1204 1973 ὃ
1226 1909 1301 1993 πρὸ
1324 1912 1438 1975 adstiti

303 2014 455 2097 βασιλεὺς
466 2013 482 2079 o‘
494 2012 632 2098 Μιχαὴλ
643 2020 773 2087 πολλοῖς
786 2014 988 2095 ἐπαγγελίαις
998 2012 1054 2076 καί
1063 2009 1179 2094 δώροις
1190 2012 1359 2096 ἀμέτρως
1369 2013 1417 2075 oda

305 2113 451 2199 ἠδυνήθη
464 2123 640 2198 συμπεῖσαι
662 2117 717 2178 καί
730 2101 908 2199 περαιώσαι
926 2111 1006 2196 πρδς
1026 2111 1067 2178 τοὶ
1079 2109 1214 2194 ἑσπέρια
1231 2116 1417 2197 (ἐπείθοντο

309 2215 369 2299 γὰρ
394 2216 449 2278 καί
468 2215 647 2280 δπέκυπτον
670 2220 716 2300 τῷ
735 2211 929 2302 Βοτανειώτῃ
955 2218 1077 2296 μᾶλλον
1099 2205 1119 2296 ἢ
1138 2209 1277 2289 ἑαυτοῖς
1300 2213 1350 2289 ώς
1368 2216 1416 2277 ἔλ-

303 2339 390 2382 ιιοντι
413 2315 532 2390 πάντας
553 2311 632 2398 πρὸς
661 2313 718 2380 τόν
748 2313 850 2379 πόθον
871 2317 1007 2398 ednod),
1026 2311 1167 2398 ώρχήγδν
1186 2318 1249 2377 τοῦ
1273 2318 1413 2395 πολέμου

302 2417 575 2501 προχειρίσασθαι
608 2417 816 2490 διεσκέπτετο.
866 2411 1060 2490 ἱκανώτατος
1081 2416 1124 2480 ,δὲ
1154 2409 1200 2479 ών
1229 2419 1440 2496 συμβαλεῖται

300 2515 336 2584 τδ
356 2520 427 2582 δίον
447 2513 503 2581 καί
521 2505 787 2602 κατακτήσασθαι
808 2508 978 2602 ἄνθρωπον
999 2515 1017 2579 ὅ
1036 2514 1253 2601 Βοτανειώτής
1274 2514 1333 2581 τδν
1352 2542 1411 2580 νω-

300 2623 485 2704 βιλλίσιμον
519 2620 658 2696 Ἀλέξων
677 2616 732 2683 τὸν
756 2615 945 2702 Κομνήνδν,
968 2613 1003 2693 tc
1024 2617 1080 2701 τὸν
1098 2617 1283 2682 Ῥουσίλιον
1311 2621 1350 2684 ἐν
1368 2621 1410 2706 κρῖ

300 2725 418 2804 θίμοτι
432 2721 496 2786 τών
516 2722 733 2808 Ἀρμενιακῶν
757 2718 947 2803 εδμήχώνως
968 2711 1161 2805 ἐχειρώσατο
1173 2719 1231 2782 καί
1251 2719 1405 2785 διέσωσεν

302 2946 451 3016 guntionis,
469 2945 610 3011 nimirum,
628 2946 695 2999 licet
721 2948 795 3000 ducis
820 2947 932 3014 imperia
956 2945 1086 2998 habereut
1103 2946 1263 3000 Rotauiatao
1281 2948 1309 2999 iu
1329 2949 1402 3000 occi.

301 3019 381 3070 deute
405 3025 432 3070 et
455 3016 520 3071 olari
550 3026 638 3071 esseut
661 3020 688 3070 iu
707 3019 843 3082 unanimis,
873 3017 952 3070 buius
979 3020 1094 3070 maiores
1121 3035 1156 3071 ne
1179 3026 1267 3071 astare
1298 3021 1402 3086 quidem

301 3088 343 3144 bis
361 3091 482 3157 potuisse
497 3098 523 3141 et
544 3091 662 3142 ordinem
683 3089 793 3157 exploro
813 3090 1008 3154 ministrorum,
1029 3091 1135 3158 ignotos
1153 3107 1242 3159 neque
1261 3090 1399 3148 viJioribus

186 3197 193 3206 τ
302 3159 406 3229 quidem
432 3161 603 3229 dignitatibus
628 3162 656 3211 iu
682 3161 775 3213 ordine
800 3159 909 3210 militari
929 3163 1109 3229 compositos,
1127 3177 1215 3230 neque
1235 3177 1398 3231 cognosceus

302 3247 336 3283 ex
354 3233 459 3283 oriente
475 3231 592 3282 nobilem
610 3247 701 3299 regem
724 3247 800 3300 esse,
824 3230 909 3297 ipsum
928 3241 1017 3285 autem
1036 3233 1230 3285 occidentalem
1249 3242 1276 3284 et
1292 3234 1397 3302 ignobi-

300 3302 354 3353 lem
378 3303 588 3368 comparatione:
619 3311 697 3369 atque
719 3311 862 3368 propterea
885 3303 963 3355 simul
990 3320 1049 3356 enm
1067 3305 1242 3371 repudiabant
1267 3317 1356 3357 omnes
1373 3311 1395 3355 et

301 3371 472 3424 iureiurando
491 3373 676 3437 promittentes
702 3387 731 3422 se
751 3371 825 3424 vello
852 3377 989 3442 usquead
1013 3377 1169 3443 sauguinem
1189 3385 1292 3429 certare
1309 3385 1395 3428 contro

302 3458 371 3565 eum,
393 3440 544 3565 ιριιήυλεσιιυτιι
563 3457 654 3510 regem
675 3443 863 3511 implorabant,
883 3454 913 3498 ut
936 3463 1005 3515 quoe
1024 3447 1057 3500 ad
1078 3448 1258 3500 iusiurandum
1275 3456 1333 3514 apta
1351 3463 1393 3499 es-

301 3529 348 3568 sen
379 3529 391 3566 s
431 3529 516 3564 uere.

400 3599 452 3654 Sed
470 3617 519 3652 rex
537 3598 639 3653 bollum
658 3617 755 3670 paraus
776 3614 803 3657 et
820 3607 909 3658 omnia
923 3622 957 3658 ex
975 3609 1078 3658 ratione
1093 3607 1251 3674 prudentiae
1269 3607 1390 3659 instruens

299 3678 356 3725 tuto
378 3681 404 3725 et
422 3687 513 3726 manus
532 3673 664 3726 Romanas
684 3691 699 3726 e
719 3675 799 3730 Creta
824 3693 924 3746 cogens
949 3680 977 3728 in
997 3693 1116 3745 campum
1134 3687 1197 3730 aute
1214 3678 1304 3731 urbem
1319 3680 1390 3730 simu

301 3753 327 3796 et
346 3745 443 3797 Turoas
462 3746 637 3798 transducens
662 3755 688 3798 et
707 3762 884 3802 annumerans
909 3751 964 3802 suis
982 3749 1128 3814 militibus,
1147 3765 1215 3817 quos
1234 3750 1332 3818 quidem
1349 3749 1389 3816 qui

299 3824 361 3868 auto
387 3833 446 3868 eum
471 3817 596 3885 regnavit
620 3817 734 3870 Michael
759 3820 849 3872 multis
874 3821 1012 3886 promissis
1037 3830 1064 3873 et
1093 3823 1169 3873 douis
1192 3822 1320 3872 immensis
1339 3835 1388 3872 uon

299 3895 424 3952 potuerat
444 3889 562 3940 excitare
582 3897 609 3939 ot
627 3890 800 3942 transducere
828 3893 861 3943 ad
880 3892 1048 3942 occidentem
1076 3893 1221 3961 (parebant
1239 3893 1305 3944 euim
1320 3900 1346 3942 et
1361 3906 1386 3943 so

299 3955 476 4012 subiiciebant
495 3959 653 4012 Botaniatne
671 3963 758 4030 magis
784 3978 862 4029 quam
880 3963 956 4028 ipsis,
980 3960 1144 4015 attrahenti
1163 3978 1256 4014 omnes
1273 3963 1302 4013 ad
1319 3962 1385 4013 desi·

298 4025 400 4077 derium
420 4033 487 4100 sui),
510 4032 603 4084 duoom
624 4031 692 4083 belli
714 4048 807 4084 creare
827 4033 967 4086 statuebat.
1004 4036 1158 4101 aptissimus
1177 4043 1264 4086 autom
1282 4034 1310 4084 od
1324 4049 1383 4084 cou-

297 4097 446 4152 stituendns
466 4117 510 4153 ros
530 4105 696 4156 necessarias
715 4112 742 4155 ot
762 4105 977 4172 cognoscendum
995 4104 1129 4157 hominem
1148 4106 1298 4158 Botauiotes
1313 4103 1383 4155 uobi-

297 4167 429 4221 lissimum
447 4169 572 4224 Alexium
592 4175 774 4240 commum,
800 4177 846 4244 qui
871 4175 1010 4228 Ruselium
1038 4180 1067 4230 iu
1086 4177 1227 4244 provincio
1242 4175 1382 4229 Arueuim

297 4241 443 4312 prudenter
461 4239 568 4310 subegit
587 4253 613 4296 et
632 4247 753 4300 servavit
770 4248 800 4300 iu
827 4249 950 4316 regiam,
969 4248 1078 4318 dignum
1095 4250 1145 4303 tali
1162 4249 1274 4317 imperio
1290 4246 1380 4300 iudiea-
