<?xml version="1.0" encoding="UTF-8"?>
<!DOCTYPE html PUBLIC "-//W3C//DTD XHTML 1.0 Transitional//EN"
    "http://www.w3.org/TR/xhtml1/DTD/xhtml1-transitional.dtd">
<html xmlns="http://www.w3.org/1999/xhtml" xml:lang="en" lang="en">
 <head>
  <title>
</title>
<meta http-equiv="Content-Type" content="text/html;charset=utf-8" />
  <meta name='ocr-system' content='tesseract 3.04.00' />
  <meta name='ocr-capabilities' content='ocr_page ocr_carea ocr_par ocr_line ocrx_word'/>
</head>
<body>
  <div class='ocr_page' id='page_1' title='image "./corpusscriptoru06theogoog/corpusscriptoru06theogoog_0283.png"; bbox 0 0 3017 4892; ppageno 0'>
   <div class='ocr_carea' id='block_1_1' title="bbox 587 312 1247 394">
    <p class='ocr_par' dir='ltr' id='par_1_1' title="bbox 587 312 1247 394">
     <span class='ocr_line' id='line_1_1' title="bbox 587 312 1247 394; baseline 0.015 -12"><span class='ocrx_word' id='word_1_1' title='bbox 587 312 794 385; x_wconf 76' lang='lat' dir='ltr'><strong>HISTORIA.</strong></span> <span class='ocrx_word' id='word_1_2' title='bbox 1170 318 1247 394; x_wconf 73' lang='lat'>233</span> 
     </span>
    </p>
   </div>
   <div class='ocr_carea' id='block_1_2' title="bbox 11 476 1386 2771">
    <p class='ocr_par' dir='ltr' id='par_1_2' title="bbox 11 476 1386 2771">
     <span class='ocr_line' id='line_1_2' title="bbox 144 476 1248 569; baseline 0.005 -26"><span class='ocrx_word' id='word_1_3' title='bbox 144 476 334 565; x_wconf 78' lang='grc' dir='ltr'><em>μαρτυρικῷ</em></span> <span class='ocrx_word' id='word_1_4' title='bbox 361 476 603 561; x_wconf 84' lang='grc' dir='ltr'><em>περιρρείμενσς</em></span> <span class='ocrx_word' id='word_1_5' title='bbox 631 476 751 569; x_wconf 81' lang='grc' dir='ltr'><em>λύθρηι.</em></span> <span class='ocrx_word' id='word_1_6' title='bbox 802 481 993 564; x_wconf 72' lang='grc' dir='ltr'><em>ἐθαύμασαν</em></span> <span class='ocrx_word' id='word_1_7' title='bbox 1015 481 1114 549; x_wconf 84' lang='grc' dir='ltr'><em>αύτύν</em></span> <span class='ocrx_word' id='word_1_8' title='bbox 1145 480 1248 568; x_wconf 69' lang='lat' dir='ltr'>dusp-</span> 
     </span>
     <span class='ocr_line' id='line_1_3' title="bbox 146 577 1250 668; baseline 0.005 -25"><span class='ocrx_word' id='word_1_9' title='bbox 146 582 240 665; x_wconf 80' lang='grc' dir='ltr'><em>φαιός</em></span> <span class='ocrx_word' id='word_1_10' title='bbox 260 582 316 643; x_wconf 84' lang='grc' dir='ltr'><em>καί</em></span> <span class='ocrx_word' id='word_1_11' title='bbox 336 577 605 663; x_wconf 81' lang='grc' dir='ltr'><em>ύπερηγύσθησαν</em></span> <span class='ocrx_word' id='word_1_12' title='bbox 622 579 706 645; x_wconf 83' lang='grc' dir='ltr'><em>τότε</em></span> <span class='ocrx_word' id='word_1_13' title='bbox 725 584 874 664; x_wconf 78' lang='grc' dir='ltr'><em>πολέμιον</em></span> <span class='ocrx_word' id='word_1_14' title='bbox 896 587 952 648; x_wconf 83' lang='grc' dir='ltr'><em>καί</em></span> <span class='ocrx_word' id='word_1_15' title='bbox 970 588 1033 649; x_wconf 83' lang='grc' dir='ltr'><em>ποῖν</em></span> <span class='ocrx_word' id='word_1_16' title='bbox 1050 584 1086 650; x_wconf 89' lang='grc' dir='ltr'><strong>τό</strong></span> <span class='ocrx_word' id='word_1_17' title='bbox 1105 580 1250 668; x_wconf 82' lang='grc' dir='ltr'><em>Ῥωμαϊ-</em></span> 
     </span>
     <span class='ocr_line' id='line_1_4' title="bbox 144 674 1247 769; baseline 0.008 -26"><span class='ocrx_word' id='word_1_18' title='bbox 144 679 214 761; x_wconf 82' lang='grc' dir='ltr'><em>κόν,</em></span> <span class='ocrx_word' id='word_1_19' title='bbox 236 678 290 743; x_wconf 89' lang='grc' dir='ltr'><em>καί</em></span> <span class='ocrx_word' id='word_1_20' title='bbox 310 680 405 761; x_wconf 82' lang='grc' dir='ltr'><em>δῆμοι</em></span> <span class='ocrx_word' id='word_1_21' title='bbox 427 674 541 752; x_wconf 78' lang='grc' dir='ltr'><em>πάντες</em></span> <span class='ocrx_word' id='word_1_22' title='bbox 561 680 741 764; x_wconf 70' lang='grc' dir='ltr'><em>ἀνθρώπων</em></span> <span class='ocrx_word' id='word_1_23' title='bbox 759 681 839 763; x_wconf 81' lang='grc' dir='ltr'><em>πρὸς</em></span> <span class='ocrx_word' id='word_1_24' title='bbox 860 688 955 749; x_wconf 79' lang='grc' dir='ltr'><em>τοῦτο</em></span> <span class='ocrx_word' id='word_1_25' title='bbox 968 682 1247 769; x_wconf 71' lang='grc' dir='ltr'><em>ἐξεθαμβήθησαν.</em></span> 
     </span>
     <span class='ocr_line' id='line_1_5' title="bbox 146 776 1386 883; baseline 0.003 -36"><span class='ocrx_word' id='word_1_26' title='bbox 146 779 186 847; x_wconf 89' lang='grc' dir='ltr'><strong>τό</strong></span> <span class='ocrx_word' id='word_1_27' title='bbox 210 782 245 845; x_wconf 80' lang='grc' dir='ltr'>δὲ</span> <span class='ocrx_word' id='word_1_28' title='bbox 266 780 353 860; x_wconf 78' lang='grc' dir='ltr'><em>γένος</em></span> <span class='ocrx_word' id='word_1_29' title='bbox 386 784 450 844; x_wconf 71' lang='grc' dir='ltr'><em>τοῖν</em></span> <span class='ocrx_word' id='word_1_30' title='bbox 474 781 644 845; x_wconf 75' lang='grc' dir='ltr'>Θετταλῶν</span> <span class='ocrx_word' id='word_1_31' title='bbox 669 776 901 873; x_wconf 26' lang='grc' dir='ltr'><em>διήρπασε-μὲν</em></span> <span class='ocrx_word' id='word_1_32' title='bbox 934 785 1013 871; x_wconf 84' lang='grc' dir='ltr'><em>ύπὲρ</em></span> <span class='ocrx_word' id='word_1_33' title='bbox 1036 783 1174 861; x_wconf 77' lang='grc' dir='ltr'><em>ἅπαντος</em></span> <span class='ocrx_word' id='word_1_34' title='bbox 1193 788 1278 883; x_wconf 67' lang='grc' dir='ltr'><em>τήνχ</em></span> <span class='ocrx_word' id='word_1_35' title='bbox 1296 818 1386 880; x_wconf 51' lang='grc' dir='ltr'>21η</span> 
     </span>
     <span class='ocr_line' id='line_1_6' title="bbox 11 877 1248 973; baseline 0.005 -32"><span class='ocrx_word' id='word_1_36' title='bbox 11 928 20 937; x_wconf 97' lang='grc'>.</span> <span class='ocrx_word' id='word_1_37' title='bbox 117 885 205 966; x_wconf 83' lang='grc' dir='ltr'><em>5τής</em></span> <span class='ocrx_word' id='word_1_38' title='bbox 226 877 345 956; x_wconf 85' lang='grc' dir='ltr'><em>πόλεως</em></span> <span class='ocrx_word' id='word_1_39' title='bbox 376 880 551 964; x_wconf 82' lang='grc' dir='ltr'><em>λύτρωσιν,</em></span> <span class='ocrx_word' id='word_1_40' title='bbox 573 878 671 945; x_wconf 81' lang='grc' dir='ltr'><em>ἔθυσε</em></span> <span class='ocrx_word' id='word_1_41' title='bbox 693 885 728 948; x_wconf 74' lang='grc' dir='ltr'>δὲ</span> <span class='ocrx_word' id='word_1_42' title='bbox 760 886 825 971; x_wconf 73' lang='grc' dir='ltr'><em>θεῷ</em></span> <span class='ocrx_word' id='word_1_43' title='bbox 846 888 901 950; x_wconf 88' lang='grc' dir='ltr'><em>καί</em></span> <span class='ocrx_word' id='word_1_44' title='bbox 922 888 966 973; x_wconf 76' lang='grc' dir='ltr'>τῷ</span> <span class='ocrx_word' id='word_1_45' title='bbox 986 886 1248 969; x_wconf 78' lang='grc' dir='ltr'><em>μεγαλομοίρταρι</em></span> 
     </span>
     <span class='ocr_line' id='line_1_7' title="bbox 47 978 1249 1073; baseline 0.002 -29"><span class='ocrx_word' id='word_1_46' title='bbox 47 1058 51 1065; x_wconf 88' lang='lat'><em>.</em></span> <span class='ocrx_word' id='word_1_47' title='bbox 147 983 325 1069; x_wconf 72' lang='grc' dir='ltr'>Δημητρίῳ</span> <span class='ocrx_word' id='word_1_48' title='bbox 344 978 382 1045; x_wconf 81' lang='lat' dir='ltr'>soi</span> <span class='ocrx_word' id='word_1_49' title='bbox 404 984 541 1064; x_wconf 74' lang='grc' dir='ltr'><em>σῶστρα,</em></span> <span class='ocrx_word' id='word_1_50' title='bbox 564 980 662 1046; x_wconf 79' lang='grc' dir='ltr'><em>ἔθυσε</em></span> <span class='ocrx_word' id='word_1_51' title='bbox 696 984 910 1073; x_wconf 66' lang='lat' dir='ltr'>dissipabo}</span> <span class='ocrx_word' id='word_1_52' title='bbox 944 987 987 1073; x_wconf 75' lang='grc' dir='ltr'>τῷ</span> <span class='ocrx_word' id='word_1_53' title='bbox 1008 986 1123 1050; x_wconf 85' lang='grc' dir='ltr'><em>τούτου</em></span> <span class='ocrx_word' id='word_1_54' title='bbox 1144 980 1249 1068; x_wconf 76' lang='grc' dir='ltr'><em>θερεί-</em></span> 
     </span>
     <span class='ocr_line' id='line_1_8' title="bbox 147 1076 1309 1168; baseline 0.003 -23"><span class='ocrx_word' id='word_1_55' title='bbox 147 1103 237 1146; x_wconf 90' lang='grc' dir='ltr'><em>ποντι</em></span> <span class='ocrx_word' id='word_1_56' title='bbox 259 1078 400 1163; x_wconf 83' lang='grc' dir='ltr'><em>Μιχαήλ</em></span> <span class='ocrx_word' id='word_1_57' title='bbox 428 1084 469 1167; x_wconf 76' lang='grc' dir='ltr'>τῷ</span> <span class='ocrx_word' id='word_1_58' title='bbox 491 1076 688 1168; x_wconf 78' lang='grc' dir='ltr'><em>Βοτανειοὶτη</em></span> <span class='ocrx_word' id='word_1_59' title='bbox 717 1081 777 1168; x_wconf 88' lang='grc' dir='ltr'><em>τήν</em></span> <span class='ocrx_word' id='word_1_60' title='bbox 801 1087 834 1163; x_wconf 77' lang='grc' dir='ltr'>ἐξ</span> <span class='ocrx_word' id='word_1_61' title='bbox 866 1086 1002 1149; x_wconf 77' lang='grc' dir='ltr'><em>ἰσοθέων</em></span> <span class='ocrx_word' id='word_1_62' title='bbox 1025 1083 1156 1167; x_wconf 78' lang='grc' dir='ltr'><em>οίγνύνων</em></span> <span class='ocrx_word' id='word_1_63' title='bbox 1177 1076 1253 1146; x_wconf 41' lang='lat' dir='ltr'>ina-⁵</span> <span class='ocrx_word' id='word_1_64' title='bbox 1302 1139 1309 1149; x_wconf 78' lang='grc'><strong>.</strong></span> 
     </span>
     <span class='ocr_line' id='line_1_9' title="bbox 147 1172 1250 1269; baseline 0.004 -25"><span class='ocrx_word' id='word_1_65' title='bbox 147 1184 248 1245; x_wconf 88' lang='grc' dir='ltr'><em>νίκιον</em></span> <span class='ocrx_word' id='word_1_66' title='bbox 268 1182 431 1265; x_wconf 84' lang='grc' dir='ltr'><em>εύφημίαν</em></span> <span class='ocrx_word' id='word_1_67' title='bbox 452 1178 508 1244; x_wconf 83' lang='grc' dir='ltr'><em>καί</em></span> <span class='ocrx_word' id='word_1_68' title='bbox 527 1172 697 1246; x_wconf 56' lang='grc' dir='ltr'><em>εὔκλειαν)</em></span> <span class='ocrx_word' id='word_1_69' title='bbox 724 1182 827 1267; x_wconf 79' lang='grc' dir='ltr'><em>ἐζήτει</em></span> <span class='ocrx_word' id='word_1_70' title='bbox 849 1188 885 1249; x_wconf 79' lang='grc' dir='ltr'>δὲ</span> <span class='ocrx_word' id='word_1_71' title='bbox 906 1182 962 1249; x_wconf 89' lang='grc' dir='ltr'><em>τόν</em></span> <span class='ocrx_word' id='word_1_72' title='bbox 975 1180 1117 1269; x_wconf 82' lang='grc' dir='ltr'><em>α’θλητήν</em></span> <span class='ocrx_word' id='word_1_73' title='bbox 1139 1184 1159 1267; x_wconf 88' lang='grc' dir='ltr'><em>ή</em></span> <span class='ocrx_word' id='word_1_74' title='bbox 1183 1208 1250 1248; x_wconf 87' lang='grc' dir='ltr'>σω-</span> 
     </span>
     <span class='ocr_line' id='line_1_10' title="bbox 50 1276 1249 1367; baseline 0.002 -22"><span class='ocrx_word' id='word_1_75' title='bbox 50 1276 54 1284; x_wconf 63' lang='grc'><strong><em>’</em></strong></span> <span class='ocrx_word' id='word_1_76' title='bbox 147 1285 245 1345; x_wconf 81' lang='grc' dir='ltr'><em>θεῖσα</em></span> <span class='ocrx_word' id='word_1_77' title='bbox 270 1279 359 1355; x_wconf 83' lang='grc' dir='ltr'><em>πόλις</em></span> <span class='ocrx_word' id='word_1_78' title='bbox 383 1282 425 1344; x_wconf 89' lang='grc' dir='ltr'>δι’</span> <span class='ocrx_word' id='word_1_79' title='bbox 451 1282 560 1359; x_wconf 85' lang='grc' dir='ltr'><em>αύτού,</em></span> <span class='ocrx_word' id='word_1_80' title='bbox 585 1284 640 1345; x_wconf 89' lang='grc' dir='ltr'><em>καί</em></span> <span class='ocrx_word' id='word_1_81' title='bbox 663 1281 716 1346; x_wconf 84' lang='grc' dir='ltr'>διὰ</span> <span class='ocrx_word' id='word_1_82' title='bbox 740 1287 882 1367; x_wconf 79' lang='grc' dir='ltr'><em>σπονδῆς</em></span> <span class='ocrx_word' id='word_1_83' title='bbox 901 1284 1036 1349; x_wconf 77' lang='grc' dir='ltr'><em>ἐπονεῖτο</em></span> <span class='ocrx_word' id='word_1_84' title='bbox 1061 1281 1117 1367; x_wconf 86' lang='grc' dir='ltr'><em>τήν</em></span> <span class='ocrx_word' id='word_1_85' title='bbox 1136 1280 1249 1348; x_wconf 87' lang='grc' dir='ltr'><em>τούτου</em></span> 
     </span>
     <span class='ocr_line' id='line_1_11' title="bbox 101 1376 1356 1475; baseline 0.002 -28"><span class='ocrx_word' id='word_1_86' title='bbox 101 1376 287 1464; x_wconf 65' lang='lat' dir='ltr'>wedunae.</span> <span class='ocrx_word' id='word_1_87' title='bbox 341 1379 397 1445; x_wconf 85' lang='grc' dir='ltr'><em>καί</em></span> <span class='ocrx_word' id='word_1_88' title='bbox 421 1383 558 1466; x_wconf 76' lang='grc' dir='ltr'><em>ζητοῦσα</em></span> <span class='ocrx_word' id='word_1_89' title='bbox 591 1382 650 1447; x_wconf 83' lang='grc' dir='ltr'><em>σύν</em></span> <span class='ocrx_word' id='word_1_90' title='bbox 679 1386 842 1475; x_wconf 70' lang='grc' dir='ltr'><strong><em>ἐπιμελείᾳ</em></strong></span> <span class='ocrx_word' id='word_1_91' title='bbox 874 1388 930 1448; x_wconf 86' lang='grc' dir='ltr'><em>καί</em></span> <span class='ocrx_word' id='word_1_92' title='bbox 957 1382 1122 1473; x_wconf 83' lang='grc' dir='ltr'><em>διαδρόμην</em></span> <span class='ocrx_word' id='word_1_93' title='bbox 1146 1387 1251 1471; x_wconf 74' lang='grc' dir='ltr'><em>πολλῷ</em></span> <span class='ocrx_word' id='word_1_94' title='bbox 1349 1392 1356 1398; x_wconf 83' lang='grc'><strong>”</strong></span> 
     </span>
     <span class='ocr_line' id='line_1_12' title="bbox 148 1474 1248 1573; baseline 0.002 -29"><span class='ocrx_word' id='word_1_95' title='bbox 148 1474 244 1567; x_wconf 75' lang='grc' dir='ltr'><em>εὗρεν</em></span> <span class='ocrx_word' id='word_1_96' title='bbox 264 1477 363 1547; x_wconf 74' lang='lat' dir='ltr'>odada</span> <span class='ocrx_word' id='word_1_97' title='bbox 393 1482 536 1563; x_wconf 83' lang='grc' dir='ltr'><em>κείμενον</em></span> <span class='ocrx_word' id='word_1_98' title='bbox 567 1485 787 1573; x_wconf 75' lang='grc' dir='ltr'><em>ἑνωπλισμένφ</em></span> <span class='ocrx_word' id='word_1_99' title='bbox 818 1484 873 1549; x_wconf 88' lang='grc' dir='ltr'><em>καί</em></span> <span class='ocrx_word' id='word_1_100' title='bbox 892 1485 1027 1573; x_wconf 76' lang='grc' dir='ltr'>ἀνδρείῳ</span> <span class='ocrx_word' id='word_1_101' title='bbox 1056 1485 1248 1569; x_wconf 88' lang='grc' dir='ltr'><em>φρονήματι,</em></span> 
     </span>
     <span class='ocr_line' id='line_1_13' title="bbox 147 1580 1250 1668; baseline 0.001 -23"><span class='ocrx_word' id='word_1_102' title='bbox 147 1581 204 1647; x_wconf 86' lang='grc' dir='ltr'><em>καί</em></span> <span class='ocrx_word' id='word_1_103' title='bbox 221 1580 254 1648; x_wconf 87' lang='grc' dir='ltr'>τύ</span> <span class='ocrx_word' id='word_1_104' title='bbox 279 1587 370 1666; x_wconf 82' lang='grc' dir='ltr'><em>ξίφος</em></span> <span class='ocrx_word' id='word_1_105' title='bbox 390 1590 455 1659; x_wconf 88' lang='grc' dir='ltr'><em>τοῖς</em></span> <span class='ocrx_word' id='word_1_106' title='bbox 476 1584 644 1659; x_wconf 75' lang='grc' dir='ltr'><em>δακτύλοις</em></span> <span class='ocrx_word' id='word_1_107' title='bbox 663 1581 887 1667; x_wconf 85' lang='grc' dir='ltr'><em>περιεχόμενον</em></span> <span class='ocrx_word' id='word_1_108' title='bbox 902 1583 957 1647; x_wconf 76' lang='grc' dir='ltr'><em>κατ’</em></span> <span class='ocrx_word' id='word_1_109' title='bbox 974 1586 1133 1668; x_wconf 75' lang='grc' dir='ltr'><em>μηδαμῶς</em></span> <span class='ocrx_word' id='word_1_110' title='bbox 1154 1584 1250 1668; x_wconf 76' lang='grc' dir='ltr'><em>ἀφιέ-</em></span> 
     </span>
     <span class='ocr_line' id='line_1_14' title="bbox 146 1679 1273 1767; baseline 0 -20"><span class='ocrx_word' id='word_1_111' title='bbox 146 1706 258 1767; x_wconf 87' lang='grc' dir='ltr'><em>μενον,</em></span> <span class='ocrx_word' id='word_1_112' title='bbox 292 1680 351 1756; x_wconf 71' lang='grc' dir='ltr'>ἕως</span> <span class='ocrx_word' id='word_1_113' title='bbox 371 1679 451 1763; x_wconf 73' lang='grc' dir='ltr'><em>μετὰ</em></span> <span class='ocrx_word' id='word_1_114' title='bbox 479 1687 593 1766; x_wconf 86' lang='grc' dir='ltr'><em>πολλῆς</em></span> <span class='ocrx_word' id='word_1_115' title='bbox 621 1685 796 1765; x_wconf 72' lang='grc' dir='ltr'><em>θεραπείας</em></span> <span class='ocrx_word' id='word_1_116' title='bbox 826 1683 881 1747; x_wconf 89' lang='grc' dir='ltr'><em>καί</em></span> <span class='ocrx_word' id='word_1_117' title='bbox 909 1685 1052 1766; x_wconf 77' lang='grc' dir='ltr'><em>τεχνικῆς</em></span> <span class='ocrx_word' id='word_1_118' title='bbox 1079 1679 1273 1767; x_wconf 72' lang='grc' dir='ltr'><em>ἐπιστήμης</em></span> 
     </span>
     <span class='ocr_line' id='line_1_15' title="bbox 149 1779 1250 1871; baseline 0.002 -26"><span class='ocrx_word' id='word_1_119' title='bbox 149 1782 255 1866; x_wconf 80' lang='grc' dir='ltr'><em>οἷφήκε</em></span> <span class='ocrx_word' id='word_1_120' title='bbox 278 1785 337 1861; x_wconf 83' lang='grc' dir='ltr'><em>μὲν</em></span> <span class='ocrx_word' id='word_1_121' title='bbox 358 1779 393 1844; x_wconf 84' lang='grc' dir='ltr'>τὸ</span> <span class='ocrx_word' id='word_1_122' title='bbox 415 1782 506 1864; x_wconf 82' lang='grc' dir='ltr'><em>ξίφος</em></span> <span class='ocrx_word' id='word_1_123' title='bbox 528 1780 547 1864; x_wconf 92' lang='grc' dir='ltr'><em>ή</em></span> <span class='ocrx_word' id='word_1_124' title='bbox 569 1783 651 1865; x_wconf 87' lang='grc' dir='ltr'><em>χείρ,</em></span> <span class='ocrx_word' id='word_1_125' title='bbox 683 1786 746 1847; x_wconf 77' lang='grc' dir='ltr'><em>τῶν</em></span> <span class='ocrx_word' id='word_1_126' title='bbox 767 1779 893 1866; x_wconf 77' lang='grc' dir='ltr'><em>ὀνύχων</em></span> <span class='ocrx_word' id='word_1_127' title='bbox 913 1786 951 1871; x_wconf 79' lang='grc' dir='ltr'>τῇ</span> <span class='ocrx_word' id='word_1_128' title='bbox 973 1782 1103 1871; x_wconf 82' lang='grc' dir='ltr'><em>παλύμη</em></span> <span class='ocrx_word' id='word_1_129' title='bbox 1126 1805 1250 1867; x_wconf 89' lang='grc' dir='ltr'><em>προση-</em></span> 
     </span>
     <span class='ocr_line' id='line_1_16' title="bbox 104 1880 1249 1968; baseline 0.001 -27"><span class='ocrx_word' id='word_1_130' title='bbox 104 1884 316 1946; x_wconf 83' lang='grc' dir='ltr'><em>15λωθὲντων</em></span> <span class='ocrx_word' id='word_1_131' title='bbox 352 1880 453 1944; x_wconf 87' lang='grc' dir='ltr'><em>αύτού</em></span> <span class='ocrx_word' id='word_1_132' title='bbox 484 1884 528 1968; x_wconf 74' lang='grc' dir='ltr'>τῷ</span> <span class='ocrx_word' id='word_1_133' title='bbox 559 1880 697 1963; x_wconf 76' lang='grc' dir='ltr'><em>ἐμμανεῖ</em></span> <span class='ocrx_word' id='word_1_134' title='bbox 711 1888 767 1966; x_wconf 82' lang='grc' dir='ltr'>τής</span> <span class='ocrx_word' id='word_1_135' title='bbox 794 1881 874 1947; x_wconf 80' lang='grc' dir='ltr'><em>κατὰ</em></span> <span class='ocrx_word' id='word_1_136' title='bbox 901 1886 964 1948; x_wconf 76' lang='grc' dir='ltr'><em>τῶν</em></span> <span class='ocrx_word' id='word_1_137' title='bbox 987 1886 1143 1963; x_wconf 87' lang='grc' dir='ltr'><em>πολεμίων</em></span> <span class='ocrx_word' id='word_1_138' title='bbox 1163 1880 1249 1947; x_wconf 78' lang='grc' dir='ltr'><em>ἐπεί.</em></span> 
     </span>
     <span class='ocr_line' id='line_1_17' title="bbox 150 1978 1251 2068; baseline 0.003 -25"><span class='ocrx_word' id='word_1_139' title='bbox 150 1988 237 2061; x_wconf 82' lang='grc' dir='ltr'><em>ξεως,</em></span> <span class='ocrx_word' id='word_1_140' title='bbox 255 1978 353 2055; x_wconf 84' lang='grc' dir='ltr'><em>αύτός</em></span> <span class='ocrx_word' id='word_1_141' title='bbox 372 1983 407 2043; x_wconf 81' lang='grc' dir='ltr'>δὲ</span> <span class='ocrx_word' id='word_1_142' title='bbox 429 1978 719 2065; x_wconf 81' lang='grc' dir='ltr'><em>δορυφορούμενος,</em></span> <span class='ocrx_word' id='word_1_143' title='bbox 744 1986 799 2048; x_wconf 87' lang='grc' dir='ltr'><em>καί</em></span> <span class='ocrx_word' id='word_1_144' title='bbox 816 1988 980 2067; x_wconf 83' lang='grc' dir='ltr'><em>μεγίσταις</em></span> <span class='ocrx_word' id='word_1_145' title='bbox 998 1983 1174 2068; x_wconf 72' lang='grc' dir='ltr'><em>εὐφημίαις</em></span> <span class='ocrx_word' id='word_1_146' title='bbox 1196 1984 1251 2046; x_wconf 89' lang='grc' dir='ltr'>κοί</span> 
     </span>
     <span class='ocr_line' id='line_1_18' title="bbox 149 2079 1250 2167; baseline 0 -22"><span class='ocrx_word' id='word_1_147' title='bbox 149 2083 274 2165; x_wconf 82' lang='grc' dir='ltr'><em>κρότοις</em></span> <span class='ocrx_word' id='word_1_148' title='bbox 314 2084 370 2146; x_wconf 88' lang='grc' dir='ltr'><em>καί</em></span> <span class='ocrx_word' id='word_1_149' title='bbox 397 2079 588 2166; x_wconf 81' lang='grc' dir='ltr'><em>δορυφόρων</em></span> <span class='ocrx_word' id='word_1_150' title='bbox 620 2086 816 2167; x_wconf 74' lang='grc' dir='ltr'><em>ἀλαλαγμοῖς</em></span> <span class='ocrx_word' id='word_1_151' title='bbox 845 2086 899 2149; x_wconf 86' lang='grc' dir='ltr'><em>καί</em></span> <span class='ocrx_word' id='word_1_152' title='bbox 928 2082 1090 2167; x_wconf 76' lang='grc' dir='ltr'><em>ἐγκωμίων</em></span> <span class='ocrx_word' id='word_1_153' title='bbox 1121 2088 1250 2156; x_wconf 79' lang='grc' dir='ltr'><em>πλοκαῖς</em></span> 
     </span>
     <span class='ocr_line' id='line_1_19' title="bbox 149 2178 1251 2268; baseline 0 -23"><span class='ocrx_word' id='word_1_154' title='bbox 149 2178 425 2267; x_wconf 83' lang='grc' dir='ltr'><em>καταστεφύμενος</em></span> <span class='ocrx_word' id='word_1_155' title='bbox 460 2179 503 2259; x_wconf 70' lang='grc' dir='ltr'><em>αἷς</em></span> <span class='ocrx_word' id='word_1_156' title='bbox 536 2184 686 2268; x_wconf 79' lang='grc' dir='ltr'><em>α’ριστεύς</em></span> <span class='ocrx_word' id='word_1_157' title='bbox 719 2182 959 2267; x_wconf 81' lang='grc' dir='ltr'><em>οίπαράμιλλος,</em></span> <span class='ocrx_word' id='word_1_158' title='bbox 995 2185 1039 2257; x_wconf 83' lang='grc' dir='ltr'><em>εἰς</em></span> <span class='ocrx_word' id='word_1_159' title='bbox 1070 2181 1125 2266; x_wconf 89' lang='grc' dir='ltr'><em>τήν</em></span> <span class='ocrx_word' id='word_1_160' title='bbox 1159 2179 1251 2245; x_wconf 82' lang='grc' dir='ltr'><em>πόλιν</em></span> 
     </span>
     <span class='ocr_line' id='line_1_20' title="bbox 150 2276 1248 2369; baseline -0.001 -22"><span class='ocrx_word' id='word_1_161' title='bbox 150 2280 377 2368; x_wconf 73' lang='grc' dir='ltr'><em>ἐθριάμβευσε,</em></span> <span class='ocrx_word' id='word_1_162' title='bbox 399 2284 457 2348; x_wconf 85' lang='grc' dir='ltr'>τού</span> <span class='ocrx_word' id='word_1_163' title='bbox 478 2282 578 2368; x_wconf 85' lang='grc' dir='ltr'><em>κύροο</em></span> <span class='ocrx_word' id='word_1_164' title='bbox 601 2276 660 2369; x_wconf 88' lang='grc' dir='ltr'>ήδη</span> <span class='ocrx_word' id='word_1_165' title='bbox 684 2282 865 2369; x_wconf 79' lang='grc' dir='ltr'><em>ἀνενεγκών,</em></span> <span class='ocrx_word' id='word_1_166' title='bbox 889 2288 945 2348; x_wconf 85' lang='grc' dir='ltr'><em>καί</em></span> <span class='ocrx_word' id='word_1_167' title='bbox 965 2287 1070 2348; x_wconf 78' lang='grc' dir='ltr'><em>πᾶσαν</em></span> <span class='ocrx_word' id='word_1_168' title='bbox 1091 2279 1151 2365; x_wconf 86' lang='grc' dir='ltr'><em>τήν</em></span> <span class='ocrx_word' id='word_1_169' title='bbox 1168 2280 1248 2347; x_wconf 86' lang='grc' dir='ltr'>Ῥω-</span> 
     </span>
     <span class='ocr_line' id='line_1_21' title="bbox 106 2381 1249 2469; baseline -0.003 -18"><span class='ocrx_word' id='word_1_170' title='bbox 106 2382 254 2466; x_wconf 70' lang='lat' dir='ltr'>sonaim</span> <span class='ocrx_word' id='word_1_171' title='bbox 280 2386 389 2469; x_wconf 81' lang='grc' dir='ltr'><em>χαρᾶς</em></span> <span class='ocrx_word' id='word_1_172' title='bbox 416 2383 470 2449; x_wconf 88' lang='grc' dir='ltr'><em>καί</em></span> <span class='ocrx_word' id='word_1_173' title='bbox 499 2384 659 2467; x_wconf 81' lang='grc' dir='ltr'><em>θυμηδίας</em></span> <span class='ocrx_word' id='word_1_174' title='bbox 683 2385 895 2469; x_wconf 82' lang='grc' dir='ltr'><em>πεπλήρωκεν.</em></span> <span class='ocrx_word' id='word_1_175' title='bbox 946 2383 962 2448; x_wconf 75' lang='lat' dir='ltr'>d</span> <span class='ocrx_word' id='word_1_176' title='bbox 987 2381 1079 2448; x_wconf 82' lang='grc' dir='ltr'><em>δὲτὰ</em></span> <span class='ocrx_word' id='word_1_177' title='bbox 1103 2385 1249 2466; x_wconf 83' lang='grc' dir='ltr'><em>σκῆπτρα</em></span> 
     </span>
     <span class='ocr_line' id='line_1_22' title="bbox 148 2483 1248 2569; baseline -0.003 -19"><span class='ocrx_word' id='word_1_178' title='bbox 148 2488 203 2568; x_wconf 82' lang='grc' dir='ltr'>τῆς</span> <span class='ocrx_word' id='word_1_179' title='bbox 227 2486 329 2569; x_wconf 82' lang='grc' dir='ltr'><em>α’ρχής</em></span> <span class='ocrx_word' id='word_1_180' title='bbox 363 2488 632 2569; x_wconf 80' lang='grc' dir='ltr'><em>ἐγκεχειρισμένος</em></span> <span class='ocrx_word' id='word_1_181' title='bbox 657 2483 765 2567; x_wconf 86' lang='grc' dir='ltr'><em>κύριος</em></span> <span class='ocrx_word' id='word_1_182' title='bbox 786 2487 974 2569; x_wconf 88' lang='grc' dir='ltr'><em>Βασίλειος,</em></span> <span class='ocrx_word' id='word_1_183' title='bbox 997 2484 1168 2569; x_wconf 76' lang='grc' dir='ltr'><em>α’ναφίρων</em></span> <span class='ocrx_word' id='word_1_184' title='bbox 1188 2484 1248 2566; x_wconf 83' lang='grc' dir='ltr'><em>μὲν</em></span> 
     </span>
     <span class='ocr_line' id='line_1_23' title="bbox 150 2582 1249 2671; baseline -0.003 -24"><span class='ocrx_word' id='word_1_185' title='bbox 150 2582 205 2649; x_wconf 79' lang='grc' dir='ltr'><em>καί</em></span> <span class='ocrx_word' id='word_1_186' title='bbox 224 2583 302 2671; x_wconf 81' lang='grc' dir='ltr'><em>πρὸς</em></span> <span class='ocrx_word' id='word_1_187' title='bbox 321 2582 355 2650; x_wconf 84' lang='grc' dir='ltr'>τύ</span> <span class='ocrx_word' id='word_1_188' title='bbox 380 2584 566 2668; x_wconf 78' lang='grc' dir='ltr'><em>τοῦγένους</em></span> <span class='ocrx_word' id='word_1_189' title='bbox 592 2584 693 2649; x_wconf 83' lang='grc' dir='ltr'><em>αύτού</em></span> <span class='ocrx_word' id='word_1_190' title='bbox 714 2585 943 2670; x_wconf 78' lang='grc' dir='ltr'><em>ε’πίσημονκαί</em></span> <span class='ocrx_word' id='word_1_191' title='bbox 962 2585 1146 2668; x_wconf 84' lang='grc' dir='ltr'><em>περίδοξον,</em></span> <span class='ocrx_word' id='word_1_192' title='bbox 1168 2582 1249 2645; x_wconf 84' lang='grc' dir='ltr'><em>σίνα-</em></span> 
     </span>
     <span class='ocr_line' id='line_1_24' title="bbox 152 2679 1249 2771; baseline -0.001 -25"><span class='ocrx_word' id='word_1_193' title='bbox 152 2684 260 2768; x_wconf 82' lang='grc' dir='ltr'><em>φίρων</em></span> <span class='ocrx_word' id='word_1_194' title='bbox 281 2686 316 2749; x_wconf 85' lang='grc' dir='ltr'>δὲ</span> <span class='ocrx_word' id='word_1_195' title='bbox 337 2683 392 2748; x_wconf 88' lang='grc' dir='ltr'><em>καί</em></span> <span class='ocrx_word' id='word_1_196' title='bbox 410 2682 490 2769; x_wconf 75' lang='grc' dir='ltr'><em>πρὸς</em></span> <span class='ocrx_word' id='word_1_197' title='bbox 524 2683 582 2761; x_wconf 84' lang='grc' dir='ltr'>τύς</span> <span class='ocrx_word' id='word_1_198' title='bbox 604 2688 751 2771; x_wconf 75' lang='grc' dir='ltr'><em>πατρῴας</em></span> <span class='ocrx_word' id='word_1_199' title='bbox 781 2683 1019 2770; x_wconf 72' lang='grc' dir='ltr'><em>ἀνδραγαθίας,</em></span> <span class='ocrx_word' id='word_1_200' title='bbox 1039 2684 1093 2748; x_wconf 89' lang='grc' dir='ltr'><em>καί</em></span> <span class='ocrx_word' id='word_1_201' title='bbox 1112 2679 1171 2765; x_wconf 89' lang='grc' dir='ltr'><em>τήν</em></span> <span class='ocrx_word' id='word_1_202' title='bbox 1191 2684 1249 2746; x_wconf 81' lang='grc' dir='ltr'>τοῦ</span> 
     </span>
    </p>
   </div>
   <div class='ocr_carea' id='block_1_3' title="bbox 150 3020 1342 4303">
    <p class='ocr_par' dir='ltr' id='par_1_3' title="bbox 152 3020 1312 3307">
     <span class='ocr_line' id='line_1_25' title="bbox 153 3020 1312 3081; baseline -0.003 -6"><span class='ocrx_word' id='word_1_203' title='bbox 153 3023 240 3075; x_wconf 89' lang='lat' dir='ltr'>mirati</span> <span class='ocrx_word' id='word_1_204' title='bbox 258 3029 324 3076; x_wconf 85' lang='lat' dir='ltr'>sunt</span> <span class='ocrx_word' id='word_1_205' title='bbox 339 3037 398 3074; x_wconf 91' lang='lat' dir='ltr'>eum</span> <span class='ocrx_word' id='word_1_206' title='bbox 417 3023 497 3077; x_wconf 87' lang='lat' dir='ltr'>valde</span> <span class='ocrx_word' id='word_1_207' title='bbox 519 3032 546 3076; x_wconf 87' lang='lat' dir='ltr'>ct</span> <span class='ocrx_word' id='word_1_208' title='bbox 564 3024 685 3076; x_wconf 86' lang='lat' dir='ltr'>admirati</span> <span class='ocrx_word' id='word_1_209' title='bbox 704 3024 831 3077; x_wconf 86' lang='lat' dir='ltr'>virtutem</span> <span class='ocrx_word' id='word_1_210' title='bbox 850 3030 905 3075; x_wconf 86' lang='lat' dir='ltr'>turn</span> <span class='ocrx_word' id='word_1_211' title='bbox 923 3020 1048 3076; x_wconf 88' lang='lat' dir='ltr'>bellicam</span> <span class='ocrx_word' id='word_1_212' title='bbox 1066 3028 1120 3073; x_wconf 91' lang='lat' dir='ltr'>tum</span> <span class='ocrx_word' id='word_1_213' title='bbox 1138 3022 1167 3073; x_wconf 91' lang='lat' dir='ltr'>in</span> <span class='ocrx_word' id='word_1_214' title='bbox 1183 3023 1248 3076; x_wconf 90' lang='lat' dir='ltr'>nni.</span> <span class='ocrx_word' id='word_1_215' title='bbox 1307 3061 1312 3081; x_wconf 79' lang='grc'><strong>.</strong></span> 
     </span>
     <span class='ocr_line' id='line_1_26' title="bbox 153 3094 1247 3164; baseline -0.002 -16"><span class='ocrx_word' id='word_1_216' title='bbox 153 3110 257 3148; x_wconf 85' lang='lat' dir='ltr'>versum</span> <span class='ocrx_word' id='word_1_217' title='bbox 271 3095 429 3147; x_wconf 83' lang='lat' dir='ltr'>Romanam:</span> <span class='ocrx_word' id='word_1_218' title='bbox 450 3104 477 3147; x_wconf 91' lang='lat' dir='ltr'>et</span> <span class='ocrx_word' id='word_1_219' title='bbox 489 3111 580 3148; x_wconf 87' lang='lat' dir='ltr'>omnes</span> <span class='ocrx_word' id='word_1_220' title='bbox 594 3094 687 3164; x_wconf 92' lang='lat' dir='ltr'>populi</span> <span class='ocrx_word' id='word_1_221' title='bbox 700 3096 835 3148; x_wconf 91' lang='lat' dir='ltr'>homiuum</span> <span class='ocrx_word' id='word_1_222' title='bbox 847 3097 879 3148; x_wconf 94' lang='lat' dir='ltr'>ad</span> <span class='ocrx_word' id='word_1_223' title='bbox 892 3095 943 3147; x_wconf 91' lang='lat' dir='ltr'>hoc</span> <span class='ocrx_word' id='word_1_224' title='bbox 958 3094 1164 3161; x_wconf 85' lang='lat' dir='ltr'>obstupuerunt:</span> <span class='ocrx_word' id='word_1_225' title='bbox 1181 3109 1247 3162; x_wconf 77' lang='lat' dir='ltr'>gens</span> 
     </span>
     <span class='ocr_line' id='line_1_27' title="bbox 152 3165 1300 3233; baseline -0.003 -14"><span class='ocrx_word' id='word_1_226' title='bbox 152 3175 239 3219; x_wconf 90' lang='lat' dir='ltr'>autem</span> <span class='ocrx_word' id='word_1_227' title='bbox 248 3166 433 3219; x_wconf 71' lang='lat' dir='ltr'>Thessalorum</span> <span class='ocrx_word' id='word_1_228' title='bbox 454 3167 602 3220; x_wconf 89' lang='lat' dir='ltr'>celebravit</span> <span class='ocrx_word' id='word_1_229' title='bbox 621 3183 685 3233; x_wconf 90' lang='lat' dir='ltr'>prae</span> <span class='ocrx_word' id='word_1_230' title='bbox 701 3168 821 3219; x_wconf 87' lang='lat' dir='ltr'>omnihus</span> <span class='ocrx_word' id='word_1_231' title='bbox 836 3168 909 3219; x_wconf 88' lang='lat' dir='ltr'>urbis</span> <span class='ocrx_word' id='word_1_232' title='bbox 925 3165 1111 3217; x_wconf 80' lang='lat' dir='ltr'>liberationem</span> <span class='ocrx_word' id='word_1_233' title='bbox 1127 3165 1246 3233; x_wconf 84' lang='lat' dir='ltr'>lecitque</span> <span class='ocrx_word' id='word_1_234' title='bbox 1295 3171 1300 3181; x_wconf 98' lang='grc'><strong><em>’</em></strong></span> 
     </span>
     <span class='ocr_line' id='line_1_28' title="bbox 153 3234 1246 3307; baseline -0.007 -17"><span class='ocrx_word' id='word_1_235' title='bbox 153 3240 202 3290; x_wconf 90' lang='lat' dir='ltr'>deo</span> <span class='ocrx_word' id='word_1_236' title='bbox 222 3246 248 3289; x_wconf 91' lang='lat' dir='ltr'>et</span> <span class='ocrx_word' id='word_1_237' title='bbox 266 3252 362 3307; x_wconf 84' lang='lat' dir='ltr'>magno</span> <span class='ocrx_word' id='word_1_238' title='bbox 386 3240 496 3306; x_wconf 75' lang='lat' dir='ltr'>martyri</span> <span class='ocrx_word' id='word_1_239' title='bbox 517 3240 653 3292; x_wconf 86' lang='lat' dir='ltr'>Demetrio</span> <span class='ocrx_word' id='word_1_240' title='bbox 673 3246 751 3292; x_wconf 82' lang='lat' dir='ltr'>sacra</span> <span class='ocrx_word' id='word_1_241' title='bbox 765 3238 869 3302; x_wconf 90' lang='lat' dir='ltr'>salutis,</span> <span class='ocrx_word' id='word_1_242' title='bbox 889 3238 1006 3306; x_wconf 87' lang='lat' dir='ltr'>fecitq&#39;ue</span> <span class='ocrx_word' id='word_1_243' title='bbox 1026 3234 1105 3288; x_wconf 83' lang='lat' dir='ltr'>etiam</span> <span class='ocrx_word' id='word_1_244' title='bbox 1122 3236 1174 3303; x_wconf 92' lang='lat' dir='ltr'>ipsi</span> <span class='ocrx_word' id='word_1_245' title='bbox 1193 3236 1246 3287; x_wconf 90' lang='lat' dir='ltr'>bn.</span> 
     </span>
    </p>

    <p class='ocr_par' dir='ltr' id='par_1_4' title="bbox 152 3308 1248 3863">
     <span class='ocr_line' id='line_1_29' title="bbox 152 3308 1245 3365; baseline -0.002 -4"><span class='ocrx_word' id='word_1_246' title='bbox 152 3312 192 3361; x_wconf 87' lang='lat' dir='ltr'>ins</span> <span class='ocrx_word' id='word_1_247' title='bbox 212 3310 311 3362; x_wconf 83' lang='lat' dir='ltr'>famulo</span> <span class='ocrx_word' id='word_1_248' title='bbox 323 3309 448 3363; x_wconf 88' lang='lat' dir='ltr'>hlichaeli</span> <span class='ocrx_word' id='word_1_249' title='bbox 467 3311 622 3363; x_wconf 87' lang='lat' dir='ltr'>Botauiatae</span> <span class='ocrx_word' id='word_1_250' title='bbox 642 3312 781 3365; x_wconf 89' lang='lat' dir='ltr'>victricem</span> <span class='ocrx_word' id='word_1_251' title='bbox 804 3326 837 3361; x_wconf 85' lang='lat' dir='ltr'>ex</span> <span class='ocrx_word' id='word_1_252' title='bbox 856 3310 974 3362; x_wconf 78' lang='lat' dir='ltr'>heroicis</span> <span class='ocrx_word' id='word_1_253' title='bbox 993 3308 1181 3360; x_wconf 83' lang='lat' dir='ltr'>certaminibus</span> <span class='ocrx_word' id='word_1_254' title='bbox 1200 3322 1245 3359; x_wconf 84' lang='lat' dir='ltr'>aa·</span> 
     </span>
     <span class='ocr_line' id='line_1_30' title="bbox 152 3378 1244 3453; baseline -0.005 -20"><span class='ocrx_word' id='word_1_255' title='bbox 152 3382 308 3433; x_wconf 86' lang='lat' dir='ltr'>lutationem</span> <span class='ocrx_word' id='word_1_256' title='bbox 329 3390 355 3433; x_wconf 85' lang='lat' dir='ltr'>et</span> <span class='ocrx_word' id='word_1_257' title='bbox 374 3381 496 3450; x_wconf 82' lang='lat' dir='ltr'>gloriam.</span> <span class='ocrx_word' id='word_1_258' title='bbox 533 3383 713 3453; x_wconf 77' lang='lat' dir='ltr'>investigabat</span> <span class='ocrx_word' id='word_1_259' title='bbox 734 3390 821 3434; x_wconf 86' lang='lat' dir='ltr'>autem</span> <span class='ocrx_word' id='word_1_260' title='bbox 842 3390 1017 3451; x_wconf 74' lang='lat' dir='ltr'>pugnatorem</span> <span class='ocrx_word' id='word_1_261' title='bbox 1036 3378 1192 3432; x_wconf 57' lang='lat' dir='ltr'>servatasah</span> <span class='ocrx_word' id='word_1_262' title='bbox 1212 3393 1244 3429; x_wconf 90' lang='lat' dir='ltr'>co</span> 
     </span>
     <span class='ocr_line' id='line_1_31' title="bbox 153 3449 1245 3521; baseline -0.004 -18"><span class='ocrx_word' id='word_1_263' title='bbox 153 3449 214 3503; x_wconf 87' lang='lat' dir='ltr'>urbs</span> <span class='ocrx_word' id='word_1_264' title='bbox 235 3458 262 3500; x_wconf 91' lang='lat' dir='ltr'>et</span> <span class='ocrx_word' id='word_1_265' title='bbox 289 3452 377 3503; x_wconf 88' lang='lat' dir='ltr'>studio</span> <span class='ocrx_word' id='word_1_266' title='bbox 398 3453 553 3505; x_wconf 89' lang='lat' dir='ltr'>instituebat</span> <span class='ocrx_word' id='word_1_267' title='bbox 573 3456 629 3507; x_wconf 91' lang='lat' dir='ltr'>eius</span> <span class='ocrx_word' id='word_1_268' title='bbox 649 3456 850 3506; x_wconf 78' lang='lat' dir='ltr'>inventionem:</span> <span class='ocrx_word' id='word_1_269' title='bbox 882 3462 960 3521; x_wconf 89' lang='lat' dir='ltr'>atque</span> <span class='ocrx_word' id='word_1_270' title='bbox 989 3452 1154 3520; x_wconf 81' lang='lat' dir='ltr'>investigans</span> <span class='ocrx_word' id='word_1_271' title='bbox 1186 3465 1245 3500; x_wconf 91' lang='lat' dir='ltr'>cnm</span> 
     </span>
     <span class='ocr_line' id='line_1_32' title="bbox 154 3519 1248 3587; baseline -0.003 -14"><span class='ocrx_word' id='word_1_272' title='bbox 154 3536 216 3573; x_wconf 88' lang='lat' dir='ltr'>cura</span> <span class='ocrx_word' id='word_1_273' title='bbox 236 3527 263 3571; x_wconf 92' lang='lat' dir='ltr'>et</span> <span class='ocrx_word' id='word_1_274' title='bbox 279 3525 480 3587; x_wconf 87' lang='lat' dir='ltr'>percursatioue</span> <span class='ocrx_word' id='word_1_275' title='bbox 507 3525 589 3575; x_wconf 88' lang='lat' dir='ltr'>multa</span> <span class='ocrx_word' id='word_1_276' title='bbox 616 3526 722 3577; x_wconf 75' lang='lat' dir='ltr'>invenit</span> <span class='ocrx_word' id='word_1_277' title='bbox 749 3540 809 3575; x_wconf 91' lang='lat' dir='ltr'>eum</span> <span class='ocrx_word' id='word_1_278' title='bbox 839 3526 970 3576; x_wconf 91' lang='lat' dir='ltr'>iacentem</span> <span class='ocrx_word' id='word_1_279' title='bbox 994 3530 1094 3575; x_wconf 89' lang='lat' dir='ltr'>armato</span> <span class='ocrx_word' id='word_1_280' title='bbox 1122 3529 1149 3573; x_wconf 88' lang='lat' dir='ltr'>et</span> <span class='ocrx_word' id='word_1_281' title='bbox 1172 3519 1248 3573; x_wconf 79' lang='lat' dir='ltr'>virili</span> 
     </span>
     <span class='ocr_line' id='line_1_33' title="bbox 154 3590 1247 3660; baseline -0.001 -17"><span class='ocrx_word' id='word_1_282' title='bbox 154 3593 249 3654; x_wconf 90' lang='lat' dir='ltr'>animo,</span> <span class='ocrx_word' id='word_1_283' title='bbox 270 3600 296 3642; x_wconf 90' lang='lat' dir='ltr'>et</span> <span class='ocrx_word' id='word_1_284' title='bbox 316 3590 414 3642; x_wconf 85' lang='lat' dir='ltr'>ferrum</span> <span class='ocrx_word' id='word_1_285' title='bbox 434 3594 524 3659; x_wconf 84' lang='lat' dir='ltr'>digitis</span> <span class='ocrx_word' id='word_1_286' title='bbox 543 3602 678 3645; x_wconf 90' lang='lat' dir='ltr'>tenentem</span> <span class='ocrx_word' id='word_1_287' title='bbox 696 3610 785 3660; x_wconf 89' lang='lat' dir='ltr'>neque</span> <span class='ocrx_word' id='word_1_288' title='bbox 804 3594 860 3644; x_wconf 91' lang='lat' dir='ltr'>ullo</span> <span class='ocrx_word' id='word_1_289' title='bbox 881 3593 959 3645; x_wconf 90' lang='lat' dir='ltr'>modo</span> <span class='ocrx_word' id='word_1_290' title='bbox 978 3595 1175 3655; x_wconf 87' lang='lat' dir='ltr'>remittentem,</span> <span class='ocrx_word' id='word_1_291' title='bbox 1196 3592 1247 3643; x_wconf 94' lang='lat' dir='ltr'>do-</span> 
     </span>
     <span class='ocr_line' id='line_1_34' title="bbox 153 3660 1246 3731; baseline -0.001 -19"><span class='ocrx_word' id='word_1_292' title='bbox 153 3677 202 3713; x_wconf 88' lang='lat' dir='ltr'>nec</span> <span class='ocrx_word' id='word_1_293' title='bbox 222 3660 304 3712; x_wconf 89' lang='lat' dir='ltr'>multa</span> <span class='ocrx_word' id='word_1_294' title='bbox 332 3663 469 3713; x_wconf 87' lang='lat' dir='ltr'>curatione</span> <span class='ocrx_word' id='word_1_295' title='bbox 491 3670 517 3714; x_wconf 89' lang='lat' dir='ltr'>et</span> <span class='ocrx_word' id='word_1_296' title='bbox 536 3664 680 3715; x_wconf 85' lang='lat' dir='ltr'>artificiosa</span> <span class='ocrx_word' id='word_1_297' title='bbox 700 3665 856 3731; x_wconf 85' lang='lat' dir='ltr'>cognitione</span> <span class='ocrx_word' id='word_1_298' title='bbox 874 3664 985 3731; x_wconf 86' lang='lat' dir='ltr'>reliquit</span> <span class='ocrx_word' id='word_1_299' title='bbox 1004 3665 1103 3714; x_wconf 82' lang='lat' dir='ltr'>ferrum</span> <span class='ocrx_word' id='word_1_300' title='bbox 1134 3677 1246 3723; x_wconf 85' lang='lat' dir='ltr'>manus,</span> 
     </span>
     <span class='ocr_line' id='line_1_35' title="bbox 153 3732 1248 3801; baseline -0.005 -18"><span class='ocrx_word' id='word_1_301' title='bbox 153 3732 285 3801; x_wconf 75' lang='lat' dir='ltr'>unguibus</span> <span class='ocrx_word' id='word_1_302' title='bbox 304 3733 392 3783; x_wconf 90' lang='lat' dir='ltr'>manui</span> <span class='ocrx_word' id='word_1_303' title='bbox 406 3732 539 3785; x_wconf 86' lang='lat' dir='ltr'>adstrictis</span> <span class='ocrx_word' id='word_1_304' title='bbox 562 3736 619 3785; x_wconf 91' lang='lat' dir='ltr'>eius</span> <span class='ocrx_word' id='word_1_305' title='bbox 639 3734 730 3784; x_wconf 87' lang='lat' dir='ltr'>lurore</span> <span class='ocrx_word' id='word_1_306' title='bbox 742 3734 938 3800; x_wconf 83' lang='lat' dir='ltr'>persecutionis</span> <span class='ocrx_word' id='word_1_307' title='bbox 958 3733 1082 3786; x_wconf 83' lang='lat' dir='ltr'>hostium.</span> <span class='ocrx_word' id='word_1_308' title='bbox 1120 3733 1179 3799; x_wconf 89' lang='lat' dir='ltr'>ipse</span> <span class='ocrx_word' id='word_1_309' title='bbox 1198 3747 1248 3782; x_wconf 90' lang='lat' dir='ltr'>au.</span> 
     </span>
     <span class='ocr_line' id='line_1_36' title="bbox 154 3800 1247 3863; baseline -0.001 -9"><span class='ocrx_word' id='word_1_310' title='bbox 154 3812 205 3854; x_wconf 88' lang='lat' dir='ltr'>tem</span> <span class='ocrx_word' id='word_1_311' title='bbox 224 3804 350 3855; x_wconf 85' lang='lat' dir='ltr'>comitatu</span> <span class='ocrx_word' id='word_1_312' title='bbox 373 3803 516 3858; x_wconf 88' lang='lat' dir='ltr'>satellitum</span> <span class='ocrx_word' id='word_1_313' title='bbox 536 3812 563 3855; x_wconf 90' lang='lat' dir='ltr'>et</span> <span class='ocrx_word' id='word_1_314' title='bbox 584 3806 704 3857; x_wconf 86' lang='lat' dir='ltr'>maximis</span> <span class='ocrx_word' id='word_1_315' title='bbox 723 3803 920 3863; x_wconf 84' lang='lat' dir='ltr'>laudationibus</span> <span class='ocrx_word' id='word_1_316' title='bbox 954 3812 981 3855; x_wconf 88' lang='lat' dir='ltr'>ct</span> <span class='ocrx_word' id='word_1_317' title='bbox 1010 3800 1247 3855; x_wconf 86' lang='lat' dir='ltr'>exclamationibus</span> 
     </span>
    </p>

    <p class='ocr_par' dir='ltr' id='par_1_5' title="bbox 150 3875 1342 4303">
     <span class='ocr_line' id='line_1_37' title="bbox 154 3875 1247 3942; baseline -0.005 -15"><span class='ocrx_word' id='word_1_318' title='bbox 154 3883 180 3927; x_wconf 88' lang='lat' dir='ltr'>et</span> <span class='ocrx_word' id='word_1_319' title='bbox 197 3875 343 3927; x_wconf 86' lang='lat' dir='ltr'>satellitum</span> <span class='ocrx_word' id='word_1_320' title='bbox 364 3875 524 3928; x_wconf 87' lang='lat' dir='ltr'>clamoribus</span> <span class='ocrx_word' id='word_1_321' title='bbox 544 3884 571 3927; x_wconf 87' lang='lat' dir='ltr'>et</span> <span class='ocrx_word' id='word_1_322' title='bbox 591 3876 696 3928; x_wconf 88' lang='lat' dir='ltr'>laudum</span> <span class='ocrx_word' id='word_1_323' title='bbox 715 3876 795 3929; x_wconf 88' lang='lat' dir='ltr'>sertis</span> <span class='ocrx_word' id='word_1_324' title='bbox 815 3883 958 3928; x_wconf 86' lang='lat' dir='ltr'>coronatus</span> <span class='ocrx_word' id='word_1_325' title='bbox 978 3884 1007 3926; x_wconf 91' lang='lat' dir='ltr'>ut</span> <span class='ocrx_word' id='word_1_326' title='bbox 1030 3875 1110 3926; x_wconf 88' lang='lat' dir='ltr'>heros</span> <span class='ocrx_word' id='word_1_327' title='bbox 1136 3876 1247 3942; x_wconf 81' lang='lat' dir='ltr'>insupe-</span> 
     </span>
     <span class='ocr_line' id='line_1_38' title="bbox 153 3936 1246 4014; baseline -0.005 -17"><span class='ocrx_word' id='word_1_328' title='bbox 153 3936 245 3999; x_wconf 89' lang='lat' dir='ltr'>rabilis</span> <span class='ocrx_word' id='word_1_329' title='bbox 262 3944 354 3997; x_wconf 87' lang='lat' dir='ltr'>urbem</span> <span class='ocrx_word' id='word_1_330' title='bbox 374 3945 435 3999; x_wconf 84' lang='lat' dir='ltr'>Cari</span> <span class='ocrx_word' id='word_1_331' title='bbox 453 3948 616 4014; x_wconf 87' lang='lat' dir='ltr'>triumphans</span> <span class='ocrx_word' id='word_1_332' title='bbox 635 3949 745 4000; x_wconf 88' lang='lat' dir='ltr'>intravit</span> <span class='ocrx_word' id='word_1_333' title='bbox 763 3950 815 3999; x_wconf 90' lang='lat' dir='ltr'>iam</span> <span class='ocrx_word' id='word_1_334' title='bbox 830 3947 948 3999; x_wconf 82' lang='lat' dir='ltr'>relectus</span> <span class='ocrx_word' id='word_1_335' title='bbox 968 3955 995 3997; x_wconf 89' lang='lat' dir='ltr'>et</span> <span class='ocrx_word' id='word_1_336' title='bbox 1016 3961 1119 3997; x_wconf 90' lang='lat' dir='ltr'>omnem</span> <span class='ocrx_word' id='word_1_337' title='bbox 1147 3946 1246 3997; x_wconf 84' lang='lat' dir='ltr'>Roma.</span> 
     </span>
     <span class='ocr_line' id='line_1_39' title="bbox 152 4017 1342 4089; baseline -0.001 -22"><span class='ocrx_word' id='word_1_338' title='bbox 152 4032 244 4067; x_wconf 89' lang='lat' dir='ltr'>norum</span> <span class='ocrx_word' id='word_1_339' title='bbox 262 4024 358 4069; x_wconf 84' lang='lat' dir='ltr'>terram</span> <span class='ocrx_word' id='word_1_340' title='bbox 380 4018 477 4085; x_wconf 82' lang='lat' dir='ltr'>gaudio</span> <span class='ocrx_word' id='word_1_341' title='bbox 504 4028 530 4070; x_wconf 88' lang='lat' dir='ltr'>et</span> <span class='ocrx_word' id='word_1_342' title='bbox 558 4017 693 4089; x_wconf 85' lang='lat' dir='ltr'>hilaritate</span> <span class='ocrx_word' id='word_1_343' title='bbox 717 4019 850 4086; x_wconf 88' lang='lat' dir='ltr'>implevit,</span> <span class='ocrx_word' id='word_1_344' title='bbox 895 4024 1001 4084; x_wconf 87' lang='lat' dir='ltr'>sceptro</span> <span class='ocrx_word' id='word_1_345' title='bbox 1029 4025 1116 4068; x_wconf 85' lang='lat' dir='ltr'>autem</span> <span class='ocrx_word' id='word_1_346' title='bbox 1141 4018 1246 4084; x_wconf 88' lang='lat' dir='ltr'>imperii</span> <span class='ocrx_word' id='word_1_347' title='bbox 1338 4024 1342 4035; x_wconf 85' lang='grc'><em>“</em></span> 
     </span>
     <span class='ocr_line' id='line_1_40' title="bbox 150 4088 1244 4159; baseline -0.004 -20"><span class='ocrx_word' id='word_1_348' title='bbox 150 4089 284 4156; x_wconf 88' lang='lat' dir='ltr'>praeditus</span> <span class='ocrx_word' id='word_1_349' title='bbox 304 4089 424 4140; x_wconf 88' lang='lat' dir='ltr'>dominus</span> <span class='ocrx_word' id='word_1_350' title='bbox 443 4089 568 4155; x_wconf 83' lang='lat' dir='ltr'>Basilius,</span> <span class='ocrx_word' id='word_1_351' title='bbox 588 4091 736 4159; x_wconf 89' lang='lat' dir='ltr'>respiciens</span> <span class='ocrx_word' id='word_1_352' title='bbox 757 4097 784 4142; x_wconf 88' lang='lat' dir='ltr'>et</span> <span class='ocrx_word' id='word_1_353' title='bbox 802 4090 910 4158; x_wconf 80' lang='lat' dir='ltr'>generis</span> <span class='ocrx_word' id='word_1_354' title='bbox 925 4090 982 4141; x_wconf 89' lang='lat' dir='ltr'>eius</span> <span class='ocrx_word' id='word_1_355' title='bbox 992 4088 1161 4157; x_wconf 84' lang='lat' dir='ltr'>splendorem</span> <span class='ocrx_word' id='word_1_356' title='bbox 1180 4088 1244 4155; x_wconf 79' lang='lat' dir='ltr'>glo.</span> 
     </span>
     <span class='ocr_line' id='line_1_41' title="bbox 151 4160 1243 4233; baseline -0.005 -22"><span class='ocrx_word' id='word_1_357' title='bbox 151 4160 279 4228; x_wconf 80' lang='lat' dir='ltr'>uiamque,</span> <span class='ocrx_word' id='word_1_358' title='bbox 299 4168 325 4211; x_wconf 89' lang='lat' dir='ltr'>et</span> <span class='ocrx_word' id='word_1_359' title='bbox 342 4168 465 4228; x_wconf 88' lang='lat' dir='ltr'>paternas</span> <span class='ocrx_word' id='word_1_360' title='bbox 484 4162 630 4229; x_wconf 82' lang='lat' dir='ltr'>victorias,</span> <span class='ocrx_word' id='word_1_361' title='bbox 659 4170 738 4233; x_wconf 90' lang='lat' dir='ltr'>atque</span> <span class='ocrx_word' id='word_1_362' title='bbox 763 4162 913 4230; x_wconf 87' lang='lat' dir='ltr'>praesentis</span> <span class='ocrx_word' id='word_1_363' title='bbox 941 4160 1006 4213; x_wconf 87' lang='lat' dir='ltr'>facti</span> <span class='ocrx_word' id='word_1_364' title='bbox 1029 4160 1171 4213; x_wconf 87' lang='lat' dir='ltr'>admiratus</span> <span class='ocrx_word' id='word_1_365' title='bbox 1199 4160 1243 4207; x_wconf 89' lang='lat' dir='ltr'>in.</span> 
     </span>
     <span class='ocr_line' id='line_1_42' title="bbox 152 4231 1244 4303; baseline 0 -22"><span class='ocrx_word' id='word_1_366' title='bbox 152 4231 353 4301; x_wconf 82' lang='lat' dir='ltr'>comparabilem</span> <span class='ocrx_word' id='word_1_367' title='bbox 370 4234 577 4303; x_wconf 77' lang='lat' dir='ltr'>magnitudinem</span> <span class='ocrx_word' id='word_1_368' title='bbox 594 4234 677 4289; x_wconf 88' lang='lat' dir='ltr'>fllium</span> <span class='ocrx_word' id='word_1_369' title='bbox 697 4250 755 4286; x_wconf 86' lang='lat' dir='ltr'>eum</span> <span class='ocrx_word' id='word_1_370' title='bbox 773 4232 943 4286; x_wconf 84' lang='lat' dir='ltr'>renuntiabat</span> <span class='ocrx_word' id='word_1_371' title='bbox 961 4240 988 4284; x_wconf 91' lang='lat' dir='ltr'>et</span> <span class='ocrx_word' id='word_1_372' title='bbox 1005 4232 1148 4285; x_wconf 89' lang='lat' dir='ltr'>membrum</span> <span class='ocrx_word' id='word_1_373' title='bbox 1159 4244 1244 4293; x_wconf 88' lang='lat' dir='ltr'>snum,</span> 
     </span>
    </p>
   </div>
   <div class='ocr_carea' id='block_1_4' title="bbox 0 0 1514 4892">
    <p class='ocr_par' dir='ltr' id='par_1_6' title="bbox 0 0 1514 4892">
     <span class='ocr_line' id='line_1_43' title="bbox 0 0 1514 4892; baseline 0 0"><span class='ocrx_word' id='word_1_374' title='bbox 0 0 1514 4892; x_wconf 95' lang='lat' dir='ltr'> </span> 
     </span>
    </p>
   </div>
  </div>
 </body>
</html>
