3017 4892
125 496 238 591 ‚oruc
258 489 398 581 έβάδιζε,
421 495 478 572 καί
498 494 534 560 τὸ
561 497 724 584 θέματιόν
740 490 961 580 Ἀρμενιακῶν
983 493 1173 575 καταλαβών
1191 503 1257 573 τοϊς

125 599 319 681 ’προτέροις
349 597 451 665 αὑτοῦ
475 594 626 681 κάοτροις
647 599 702 663 καί
729 590 1055 681 citramontanam,
1079 594 1133 660 καί
1155 590 1257 673 οὑτως
1334 660 1337 665 .

154 696 310 781 ἐκδρομὰς
333 698 411 764 κατά
437 701 499 765 τιύν
527 700 673 783 Τσύρκων
690 693 878 779 ποιούμενος
897 698 1042 781 ύπεῖρξεν
1062 694 1180 771 αὑτούς
1200 698 1259 762 τού

155 802 198 888 τῷ
221 797 351 887 τοιούτῳ
383 802 501 881 θέματι
529 799 740 882 προσβάλλειν
772 804 827 865 καί
854 806 1034 879 πολεμικοῖς
1059 794 1259 882 περιβάλλειν

130 908 275 975 ὅκακοῖςς
296 900 313 962 ό
334 903 369 965 δὲ
386 901 538 983 βασιλεύς
553 904 755 984 θυμομαχῶν
768 904 838 966 κατ’
852 899 954 966 αύτού
975 902 1007 979 ἒξ
1023 899 1180 981 ὑποβολῆς
1202 900 1260 962 τού

157 1003 390 1084 προρρηθέντος
422 998 586 1085 εύνούχοο·
606 1003 663 1066 τού
692 1000 901 1087 Νικηφόρον,
939 1008 1107 1088 προῃρεῖτο
1135 999 1258 1078 μάλλον

148 1098 230 1177 Ιτούς
263 1100 422 1181 Τούρκοος
453 1102 493 1165 τά
520 1101 692 1185 Ῥωμαίων
725 1099 810 1184 ἔχειν
839 1104 894 1165 καί
920 1094 1007 1183 άγειν
1038 1094 1209 1183 πράγματα
1235 1092 1258 1180 ἢ

157 1200 212 1265 τόν
240 1208 382 1269 Λατῖνον
411 1204 522 1267 τούτον
547 1191 580 1269 ἒν
609 1198 657 1268 ivi
685 1200 772 1291 τόπερ
799 1206 979 1287 χωρεῖσθαι
1011 1202 1066 1266 καί
1089 1198 1259 1280 ’ἀπείργειν
1320 1253 1323 1256 .

156 1300 213 1377 τάς
234 1303 359 1367 ἐκείνων
382 1301 567 1387 ἐπιδρομάς.
610 1302 664 1368 διά
692 1309 784 1370 τούτο
812 1308 868 1368 καί
889 1302 1007 1377 πολλάς
1030 1295 1179 1385 μηχανάς
1202 1302 1259 1363 καί

115 1403 345 1487 λῦσονθηματα
371 1407 426 1469 καί
460 1403 649 1487 ὑποσχέσεις
680 1411 745 1478 τοῖς
781 1400 932 1486 Τούρκοις
958 1382 1057 1481 δούς,
1088 1403 1118 1466 εἰ
1145 1401 1257 1463 τούτον

156 1499 335 1584 ποιήσοιντο
364 1506 452 1593 αὕτη]
471 1503 671 1587 ὑποχείριον,
700 1508 898 1581 ἐξαπέστειλε
927 1505 988 1566 τῶν
1021 1503 1054 1564 έν
1084 1498 1259 1579 ὑπεροχαῖς

156 1600 346 1684 ἀξιωμάτων
374 1607 440 1683 ἕνα,
464 1602 661 1685 στρατιώτην
682 1608 742 1682 μὲν
767 1592 855 1680 όντα,
882 1604 951 1665 νέον
981 1602 1016 1663 δέ
1044 1598 1100 1681 τὴν
1134 1595 1260 1679 ἡλικίαν

157 1704 211 1768 καί
232 1705 417 1788 φρονήσεως
431 1705 487 1765 καί
508 1702 640 1784 άνδρίας
657 1700 785 1776 ούδενός
799 1702 985 1781 α’ποδέοντα,
1006 1701 1142 1777 Ἀλέξων
1164 1697 1260 1779 πρόε-

159 1805 234 1885 δρον
259 1801 314 1865 τόν
338 1802 518 1886 Κομνηνόν·
571 1800 605 1877 ὃς
630 1799 663 1867 έν
681 1806 724 1888 τῷ
746 1794 837 1867 άστει
865 1788 920 1883 τῆς
942 1801 1110 1881 ’Λμασείας
1131 1795 1260 1881 γενόμε.

52 1980 54 1986 ‚
117 1918 148 1973 15
160 1924 211 1977 νος
233 1900 421 1985 ἐκαραδόκει
443 1900 477 1965 τό
500 1904 625 1981 μέλλον.
677 1898 693 1963 ὑ
715 1903 751 1965 δὲ
770 1901 945 1975 Ῥοοσέλισς
973 1904 1083 1984 φιλίας
1105 1902 1160 1962 καί
1181 1921 1261 1961 σον-

71 2021 75 2029 ’
158 2002 260 2087 θήκας
294 2000 374 2082 μετά
396 2004 536 2066 τούτων
563 2004 709 2086 Τούρκων
742 2000 929 2085 ἐξάρχοντος
954 1999 1180 2084 ποιησάμενος,
1198 2023 1261 2063 σο-

76 2120 81 2126 ·
158 2106 256 2186 viidie
277 2098 401 2177 τούτοις
425 2104 574 2181 πολλάκις
597 2106 792 2185 εἰμιλωμένος
816 2102 1029 2184 στρατιωτῶν.
1087 2101 1120 2163 έν
1139 2102 1201 2187 μιᾷ
1224 2101 1261 2163 δέ

58 2280 66 2287 ,
157 2199 344 2277 σύνδειπνος
372 2201 496 2277 τούτοις
524 2201 677 2287 ὑπάρχων
709 2199 882 2285 ἐπιβουλὴν
911 2201 1031 2284 ὑπέστη
1065 2196 1187 2282 δεινήν·
1230 2194 1261 2263 οἱ

122 2331 128 2337 ·
157 2301 219 2387 γάρ
247 2306 382 2387 Τούρκοι
399 2306 506 2369 πᾶσαν
529 2306 640 2389 φιλίαν
664 2300 866 2388 προδιδόντες
891 2298 1082 2385 χρημάτων,
1103 2302 1261 2383 κατέσχον

113 2397 261 2473 madriu
282 2403 337 2467 κοιί
357 2403 521 2489 δεσμώτην
542 2406 729 2485 α’πέδειξαν,
752 2406 961 2487 παράγγελμα
982 2401 1116 2484 νόμιμον
1138 2398 1262 2483 ἔχοντες

157 2502 192 2569 τό
217 2502 290 2579 τούς
310 2504 488 2585 Ῥωμαιοος
509 2507 634 2570 άπατάν
663 2507 718 2569 καί
740 2506 891 2590 σφάττειν
921 2506 976 2567 καί
999 2502 1187 2585 προδιδόναι
1208 2498 1263 2565 καί
1355 2576 1359 2585 f

158 2602 200 2686 μη
226 2605 365 2670 δεδιέναι
387 2598 490 2687 όρκον,
511 2600 584 2671 όσον
605 2605 639 2671 τό
664 2612 734 2671 κατ’
757 2604 883 2679 αὑτούς.
907 2609 962 2669 καί
983 2599 1000 2665 ὑ
1019 2606 1078 2685 μὲν
1100 2603 1263 2682 κατείχετο

160 2703 320 2790 δεσμώτης
343 2704 466 2792 αὑτοῖς,
486 2706 502 2773 ὑ
522 2708 557 2771 δὲ
581 2705 734 2791 πρόεδρος
763 2707 901 2783 Ἀλέξισς
928 2698 1184 2789 ἐπραγματεύετο
1207 2697 1261 2765 διά

160 3012 289 3065 militibus
318 3021 345 3064 et
369 3026 453 3064 uxore
479 3019 506 3064 ct
524 3012 615 3065 liberis
641 3020 667 3065 et
685 3010 895 3076 suissmedinm
919 3024 967 3077 per
991 3015 1088 3059 terram
1112 3005 1260 3073 intrepidus

161 3083 331 3151 procedebat,
353 3093 379 3135 et
398 3086 538 3152 prouincia
555 3085 713 3137 Armeniaca
734 3091 844 3149 recepta
868 3082 958 3150 priora
977 3087 1063 3131 castra
1080 3093 1171 3130 rursus
1192 3077 1261 3127 reli..

161 3158 233 3223 quit:
254 3164 333 3223 atque
351 3158 391 3209 sic
409 3158 577 3209 incursiones
597 3164 689 3209 eontra
707 3156 803 3209 lurcos
823 3155 925 3205 iaciens
944 3153 1030 3204 arcuit
1050 3165 1107 3216 eos,
1126 3164 1161 3200 ne
1180 3146 1261 3199 talem

160 3229 325 3297 provinciam
344 3229 555 3297 aggrederentur
570 3237 595 3280 et
610 3227 717 3281 bellicis
738 3227 932 3279 circumdarent
946 3223 1039 3275 malis:
1058 3223 1105 3275 sed
1123 3236 1172 3273 rex
1190 3234 1262 3287 pug-
1282 3245 1303 3293 s

160 3306 213 3352 nai
232 3307 323 3351 coutrn
343 3300 534 3353 cumconsilio
554 3309 632 3352 antea
652 3301 847 3352 commemorati
866 3296 1012 3364 llicephori
1033 3294 1148 3346 malebat
1164 3292 1262 3344 'lurcos

162 3372 322 3425 Graecorum
341 3380 438 3423 terram
456 3381 549 3424 tenere
568 3389 710 3440 rerumque
729 3372 809 3438 potiri
835 3386 912 3438 quam
930 3370 1051 3421 Latinum
1071 3367 1141 3417 bunc
1159 3366 1188 3416 in
1207 3375 1261 3413 uno

161 3445 223 3495 loco
242 3444 326 3507 recipi
347 3451 373 3494 et
392 3458 484 3493 arcere
502 3444 609 3495 illorum
626 3446 749 3510 impetus.
788 3450 931 3510 propterea
951 3443 1029 3493 etiam
1048 3439 1131 3491 multa
1149 3436 1262 3487 artificia
1329 3455 1332 3461 ¹

163 3524 189 3565 ct
207 3520 285 3579 pacta
305 3520 331 3563 et
355 3515 485 3578 promisso
503 3515 593 3566 Turcis
613 3517 702 3578 dedit,
728 3516 750 3565 si
780 3514 851 3565 hunc
876 3514 1018 3565 redderent
1036 3512 1087 3564 sihi
1106 3508 1260 3570 obnoxium,

163 3594 189 3635 et
207 3585 279 3634 misit
296 3584 450 3650 dignitatum
469 3585 639 3635 maximarum
651 3586 790 3652 quendam,
810 3585 921 3636 militem
932 3584 1047 3651 quidem,
1066 3584 1191 3633 iuvenem
1210 3594 1261 3645 pu-

162 3664 215 3707 tem
235 3660 322 3719 aetate
338 3661 364 3703 et
380 3652 561 3719 intelligentia
574 3662 653 3720 atque
667 3655 822 3705 fortitudine
835 3656 941 3703 nemine
952 3654 1116 3715 inferiorern,
1136 3649 1262 3702 Alexium
1340 3710 1343 3715 Ι

164 3728 327 3780 Gomnenum
345 3724 508 3791 praesidem:
530 3727 575 3791 qui
595 3726 710 3791 quidem,
730 3732 868 3792 postquam
883 3725 1015 3775 Amanium
1035 3722 1126 3774 urbem
1144 3722 1261 3785 advenit,

164 3799 279 3850 futurum
299 3795 478 3863 exspectabat.
499 3794 624 3848 Ruselius
643 3804 730 3847 autern
749 3803 888 3863 postquam
902 3796 1042 3845 amicitiam
1063 3801 1089 3843 et
1108 3801 1263 3860 paciacum

163 3871 304 3922 Turcarum
330 3870 489 3933 imperatore
513 3868 615 3932 iunxit,
641 3883 722 3935 saepe
750 3869 825 3919 venit
850 3868 881 3918 ad
901 3867 969 3930 bos,
989 3865 1100 3917 nudatus
1119 3863 1261 3917 militibust

163 3940 305 4009 aliquando
325 3949 412 3991 nutem
438 3954 496 3989 cum
515 3940 583 4006 apud
610 3956 656 3991 eos
676 3940 830 4007 epularetur
849 3940 960 3990 insidias
989 3937 1070 3988 subiit
1088 3937 1173 3989 diras:
1193 3936 1260 3988 Tur.

164 4029 211 4063 cae
231 4014 315 4075 enirn,
336 4012 380 4079 qui
400 4025 503 4061 omnem
523 4012 664 4063 amicitiam
685 4011 862 4078 prodidissent
880 4011 1018 4077 pecuniis,
1047 4016 1176 4076 ceperunt
1202 4024 1262 4059 eum

164 4092 190 4134 ct
209 4085 325 4135 vinctum
347 4082 526 4147 reddiderunt,
545 4084 692 4135 mandatum
719 4085 843 4134 usitatum
862 4083 1000 4145 habentes,
1029 4089 1058 4131 ut
1077 4079 1192 4132 Graecos
1211 4080 1261 4129 de.

164 4158 284 4223 cipercnt
311 4163 337 4206 ct
362 4154 524 4206 trucidarent
556 4163 582 4205 et
607 4154 750 4223 proderent
773 4171 861 4224 neque
890 4161 1046 4207 vererentur
1071 4150 1262 4214 iusiurandum,

165 4236 288 4296 quantum
308 4226 340 4279 ad
360 4240 405 4279 eos
425 4226 591 4295 pertinebat:
611 4234 690 4297 atque
709 4227 753 4280 hic
773 4228 878 4294 quidem
897 4224 1061 4302 retinebatur
1080 4225 1200 4293 captivus
1218 4221 1262 4291 iit,
