3017 4892
265 283 336 359 too
558 292 778 361 moninus
807 292 1070 361 annuorum

260 465 297 533 ἐν
317 465 380 530 τόν
398 465 525 549 πληγῶν
553 460 684 538 όδόνιιις
717 462 971 542 ἐπιστενόζοντες
1004 455 1093 547 ἦσαν.
1148 450 1407 545 ιίνσγκασθείς

261 565 292 629 δ’
317 560 506 647 όβσσιλιός
524 561 639 648 ἐξῆλθε
670 561 749 646 μετὰ
770 566 828 628 τοῦ
858 560 972 627 λοιποῦ
994 560 1136 648 πλήθους
1157 566 1203 641 εἰς
1223 562 1290 645 τήν
1315 566 1405 627 τῶν

261 666 486 751 πραττομένων
498 668 591 742 θέαν,
612 667 669 729 καί
689 663 770 730 οόστε
792 662 881 741 εἴτις
905 665 994 751 αὐτῷ
1007 667 1091 729 ἐπίοι
1106 666 1255 746 πόλεμος,
1282 666 1398 747 οίγω-

262 762 425 831 τίσασθαι.
479 770 578 850 μέχρι
605 767 636 829 δ’
654 763 792 849 ἑσπέρας
820 770 875 832 ἐπί
903 771 997 831 τινιόν
1019 764 1127 853 λόφων
1149 762 1253 841 ἐστιός
1278 765 1395 849 ὕψη-

260 866 343 947 λόν,
363 867 493 950 ἐπείπερ
515 866 574 930 σόν
596 861 662 933 εἶδέ
683 890 754 931 τινα
776 864 831 932 τόν
851 866 1198 951 α’νιικαταστησόμενον
1228 865 1280 952 (οἱ
1307 862 1421 948 γοὶρὸ

159 1050 168 1065 x
265 969 398 1050 Τοόρκοι
419 969 552 1056 πονηρίρ
580 971 636 1032 καί
666 969 789 1057 ἐπινοίᾳ
807 968 971 1055 βαθυτάτῃ
997 969 1156 1047 συζιόντες
1175 964 1228 1031 διό
1253 992 1390 1051 μηχα-

262 1071 325 1133 ests
345 1063 381 1130 τό
395 1070 458 1131 πᾶν
473 1070 669 1152 κατορθοῦσι
688 1068 743 1132 καί
764 1072 925 1133 συστολοόν
945 1068 1259 1154 ἀπηγκωνισμίνων),
1287 1062 1386 1131 όπέ-

262 1182 400 1251 στρεψιν
430 1169 474 1243 τίς
502 1166 561 1251 τήν
583 1165 806 1251 παρεμβολήν,
836 1162 911 1251 όρτι
940 1170 1003 1233 τοῦ
1025 1167 1116 1251 ἡλίου
1144 1165 1178 1230 τό
1203 1168 1289 1249 ὑπὲρ
1312 1169 1387 1249 γῆν

261 1267 473 1351 ἡμισφαίριον
494 1268 724 1342 ἀπολείποντος.
769 1266 798 1333 οἱ
820 1270 856 1331 δέ
877 1270 1013 1351 Τοόρκοι
1036 1264 1142 1350 οἵσπερ
1165 1263 1226 1330 ἀπό
1253 1289 1383 1349 μηχα-

262 1372 317 1451 νής
338 1366 470 1432 κατόπιν
500 1370 725 1452 περιχυθέντες
753 1377 818 1445 τοῖς
849 1366 933 1443 ἐκτός
961 1373 1017 1451 τῆς
1048 1368 1251 1449 παρεμβολῆς
1280 1362 1382 1429 Σκό-
1394 1379 1428 1431 10

261 1472 338 1542 δαις
361 1470 502 1544 καὶτοῖς
527 1473 669 1535 πωλοῦσι
691 1466 730 1535 τό
754 1461 833 1560 οόνια
865 1470 1025 1556 ῥογδαίως
1045 1471 1255 1548 προσέβαλον,
1280 1467 1377 1529 dta-

262 1577 334 1644 κοιίς
355 1566 493 1653 όσήμοις
526 1570 581 1635 καί
601 1564 691 1649 τόξου
714 1577 824 1654 βολαῖς
853 1574 908 1635 καί
928 1568 1169 1653 περιιπαεόσεσι
1199 1564 1302 1652 φόνον
1332 1559 1377 1629 οὗ
1485 1557 1486 1579 ’

260 1668 376 1755 μικρόν
398 1674 453 1735 καί
475 1674 618 1747 κίνδυνον
638 1671 745 1747 αόιοῖς
767 1674 987 1756 ἐπιφέροντες·
1042 1667 1117 1733 ὅθεν
1145 1666 1199 1731 καί
1227 1664 1374 1751 ήναγκοὶ-

262 1774 387 1856 σδηοαν
408 1771 438 1837 οἱ
459 1770 514 1856 τήν
534 1769 649 1859 ἔφοδον
664 1768 881 1858 ὑφιστάμενοι
899 1772 987 1847 ἐντὸς
1008 1772 1158 1854 γενέσθαι
1181 1770 1237 1833 τοῦ
1255 1768 1376 1851 χάρα-

124 1865 143 1921 Ῑ·
164 1866 324 1949 199ἣκος.
369 1873 485 1958 α’δρόοι
514 1880 622 1940 τοίνυν
652 1869 745 1949 ἄλλος
781 1878 851 1939 κατ’
876 1866 969 1939 όλλον
998 1868 1040 1948 ὦς
1061 1868 1124 1935 dui
1146 1870 1289 1953 διωγμοῦ
1309 1866 1374 1953 τήν
1384 1882 1413 1934 15

262 1970 385 2038 εἴσοδον
404 1972 599 2056 βιαζόμενοι,
621 1974 760 2058 μεγάλης
779 1977 923 2060 ταραχής
955 1971 1031 2048 τοός
1052 1968 1143 2035 ἔνδον
1165 1972 1371 2055 ἐπλήρωσαν,

198 2062 202 2067 ’
268 2075 433 2155 οἰομένους
464 2076 520 2140 καί
550 2074 625 2150 τοδς
645 2080 805 2151 ἐναντίους
824 2081 1061 2153 συνεισπεσεῖν,
1083 2077 1139 2137 καί
1158 2075 1263 2136 πᾶσαν
1284 2068 1373 2151 όμοό

265 2175 544 2261 τήνζπαρεμβολήν
558 2174 639 2259 μετό
657 2179 713 2260 τής
733 2170 808 2261 όλης
829 2176 1005 2258 α’πυσκεοής
1019 2175 1169 2257 γενέσθαι
1191 2169 1367 2252 ἆλιόσιμον.

266 2277 324 2353 νέξ
344 2271 404 2359 γόρ
429 2274 581 2360 οἶσέληνος
603 2270 657 2363 ἦν,
687 2264 743 2341 καί
773 2275 932 2359 διάκρισις
953 2276 1009 2339 osis
1038 2267 1077 2357 ἦν
1096 2277 1162 2337 τῶν
1183 2270 1368 2358 φευγόντων

264 2371 369 2462 ήτοόν
391 2376 593 2461 διωκόντων,
620 2378 683 2463 :ssi
703 2379 785 2453 τίνες
807 2379 862 2461 τῆς
885 2377 1030 2453 ἐναντίας
1062 2375 1178 2458 μοίρας
1198 2374 1282 2438 εἰσί·
1325 2368 1408 2439 vito

264 2477 326 2561 γόρ
351 2470 417 2543 τῶν
435 2481 569 2544 Σκυθῶν
597 2481 857 2567 μισθοφορικόν,
890 2482 1028 2562 ἐμφερὲς
1065 2477 1144 2541 κατὰ
1178 2476 1278 2540 πάντα
1297 2482 1364 2547 τοῖς

269 2575 421 2663 Τοόριιοις
443 2571 489 2662 όν,
514 2582 694 2667 α’μφίβολον
716 2580 817 2647 ἐποίει
845 2580 880 2645 τὸ
903 2583 960 2644 νῦν
981 2582 1186 2661 ἐπικείμενον.
1229 2573 1299 2639 τότε
1320 2572 1360 2657 δή

265 2677 333 2747 τότε
353 2679 408 2747 καί
428 2679 528 2769 φόβος
550 2680 688 2761 ἐξαίσιος
708 2681 764 2747 καί
787 2680 877 2765 λόγος
898 2682 1048 2756 δπαίσιος
1078 2681 1134 2743 καί
1158 2676 1217 2760 βοή
1239 2700 1361 2757 συμμι-

269 2992 314 3033 sus
338 2986 379 3032 est
400 2994 458 3033 cnm
476 2979 582 3051 reliqua
598 2979 769 3032 multitudine
787 2978 820 3030 ad
846 2990 936 3029 eorum
955 2991 1024 3045 quae
1051 2974 1148 3026 fierent
1166 2973 1312 3039 adspectum
1331 2978 1358 3021 et

268 3057 391 3119 tanquam
409 3052 510 3105 bellum
528 3052 674 3123 gerendum
693 3050 742 3102 sibi
762 3050 887 3102 instaret:
907 3066 965 3100 cum
984 3061 1050 3099 vero
1069 3046 1101 3097 ad
1120 3058 1262 3111 vesperum
1279 3056 1357 3108 usque

267 3122 383 3175 collibus
403 3125 558 3191 quibasdam
576 3124 718 3175 insedisset
740 3120 818 3186 aitis,
837 3123 1022 3188 neminemque
1043 3119 1088 3186 qui
1115 3119 1201 3184 ipsum
1219 3128 1356 3183 aggressu-

266 3209 312 3245 rus
332 3203 405 3246 essct
423 3196 608 3262 conspexisset
625 3193 740 3262 (Tuscae
761 3194 830 3245 emim
845 3193 1013 3259 improbitate
1033 3197 1060 3241 et
1077 3188 1139 3240 dolo
1159 3202 1235 3255 quarn
1254 3186 1355 3235 maxime

266 3263 358 3315 imbuti
377 3265 481 3315 insidiis
500 3266 588 3316 omnia
605 3272 688 3333 agunt
706 3265 904 3332 audacibusque
918 3264 1031 3330 artibus)
1051 3262 1078 3311 in
1097 3269 1183 3311 castra
1199 3258 1285 3319 rediit,
1302 3253 1356 3305 sole

265 3336 318 3385 ianr
340 3343 461 3386 nostrum
489 3345 578 3387 terrae
605 3335 738 3386 dimidium
770 3337 951 3404 relinquente.
1001 3333 1101 3385 Turcae
1126 3339 1214 3381 autem
1243 3336 1354 3393 tanquam

266 3420 316 3476 per
333 3406 443 3458 insidias
470 3423 485 3457 a
509 3415 586 3475 tergo
605 3407 759 3458 circumfusi
785 3422 847 3473 cos,
876 3410 921 3475 qui
942 3414 1016 3457 extra
1044 3410 1131 3455 castra
1150 3410 1234 3465 erant,
1253 3397 1354 3464 Scythas

268 3485 295 3529 et
313 3478 358 3545 qai
377 3492 480 3530 meroes
498 3478 666 3541 vendebant,
694 3494 790 3548 magno
811 3496 870 3531 cnm
895 3481 995 3545 impetu
1018 3478 1139 3545 aggressi
1167 3469 1354 3536 suscensetis

269 3548 415 3603 ululatibus
435 3559 462 3601 et
480 3565 557 3602 orcus
581 3550 696 3601 iactibus
719 3560 747 3601 et
766 3554 841 3620 equis
861 3550 1034 3601 circumvecti
1059 3548 1167 3597 caedem
1186 3559 1239 3595 non
1256 3554 1353 3621 parvam

269 3630 296 3675 et
315 3621 463 3688 periculum
482 3623 515 3675 iis
534 3623 692 3673 afferentes:
720 3624 889 3691 quamobrem
919 3623 996 3671 etiam
1022 3620 1108 3670 coacti
1123 3626 1199 3680 sunt,
1218 3616 1262 3683 qui
1270 3616 1354 3693 'posits

270 3695 421 3757 adstarent,
448 3694 517 3746 intra
535 3710 662 3762 aggerem
680 3696 778 3747 redire.
823 3696 912 3762 itaque
937 3692 985 3744 alii
1003 3692 1071 3742 alios
1090 3696 1233 3757 sequentes
1252 3700 1303 3736 cum
1319 3698 1353 3732 suc

268 3774 298 3816 ut
323 3767 352 3815 in
376 3768 565 3833 persecutione
588 3768 616 3817 in
640 3775 743 3833 portam
769 3769 917 3827 innuerent,
945 3778 992 3815 eos
1017 3764 1062 3830 qui
1082 3764 1153 3813 intus
1182 3767 1257 3810 erant
1272 3767 1355 3822 magna

268 3836 447 3900 trepidatione
465 3838 619 3904 implerunt,
638 3839 737 3904 quippe
757 3838 801 3905 qui
832 3837 922 3887 hostes
941 3850 1047 3904 qaoque
1066 3833 1145 3886 simul
1164 3830 1268 3901 ingredi
1285 3834 1353 3909 puta-

268 3912 329 3957 rent
351 3913 461 3974 totaque
491 3917 579 3959 castra
605 3923 658 3959 una
682 3925 742 3961 cum
770 3909 840 3959 omni
866 3916 993 3971 apparatu
1019 3906 1175 3972 expugnari.
1219 3916 1271 3952 nor
1294 3912 1353 3947 cmm

268 3975 333 4026 luna
352 3978 475 4041 cumbet,
504 3996 593 4046 neque
611 3979 694 4030 ullum
712 3989 770 4030 erat
794 3980 934 4030 discrimen
954 3979 1112 4045 fugientium
1139 3975 1182 4027 vel
1201 3984 1353 4043 persequer-

268 4048 335 4099 dum
352 4061 441 4113 neque
459 4052 505 4114 qui
524 4050 558 4100 ab
576 4051 664 4102 aliena
682 4058 785 4101 starent
802 4058 886 4114 parte.
931 4049 1047 4114 Scythae
1078 4050 1148 4098 emim
1167 4044 1314 4097 mercenarii
1330 4048 1354 4089 et

269 4117 378 4169 onius
397 4116 489 4170 Tureis
506 4121 634 4173 simillimi
653 4122 798 4189 ancipitem
816 4129 871 4170 tum
893 4135 981 4171 rerum
1001 4130 1098 4173 statum
1115 4120 1289 4171 reddiderunt
1305 4122 1352 4163 mm

271 4204 339 4243 aero
357 4190 453 4259 iugens
480 4191 561 4243 timor
588 4200 615 4243 ct
637 4208 727 4245 mmor
749 4191 883 4247 infaustus
908 4200 936 4241 et
954 4193 1055 4245 clamor
1074 4190 1243 4243 turbulentas
1271 4194 1292 4237 et
1312 4186 1353 4235 su:
