3017 4892
254 349 357 438 ,ose
589 347 808 426 urcnarnrs
835 345 1095 450 antuman

278 522 436 604 βασιλέως
450 519 648 606 χρηστότητα
664 518 858 605 συνεκρότει,
878 520 979 585 ταῦτα
999 519 1043 604 τῷ
1057 512 1141 605 λόγιρ
1163 507 1446 600 παραδιδόναι

279 619 336 686 κοί
354 617 480 706 μνήμης
504 621 610 700 ἀξιοῦν
631 621 688 685 oda
710 621 847 697 ἀνόξιον.

383 724 445 804 Τῆς
470 719 530 806 γὰρ
562 724 665 805 κοινῆς
691 721 835 807 γλοόσσης
865 723 1124 805 ἀπαρεσιιομόνης
1144 715 1228 804 πρός
1258 713 1348 800 τὴν
1371 719 1445 780 τοῦ

274 816 499 904 βασιλεύοντος
522 825 678 906 ἀγνωσίαν
700 827 757 888 καί
777 824 991 907 ἀκυβέρνητον
1010 818 1156 904 ἔπαρσιν,
1178 821 1242 885 καί
1264 820 1331 883 δι’
1361 811 1437 880 αὖ·

267 925 330 1004 ’τῆς
352 921 552 1006 πανταχόθεν
575 926 760 1008 ἕπισυρρεῖν
781 922 819 989 τό
840 922 927 988 δτινά
950 926 1184 1007 διαλεγομένης,
1206 919 1258 997 ὥς
1283 915 1459 988 ἕκατί-5

276 1027 381 1108 ροιθτν
403 1021 461 1106 τὴν
482 1027 634 1105 βασιλίδα
665 1028 729 1089 τοῖν
749 1020 871 1089 πόλεων
903 1026 1132 1107 περιηχεῖσθαι
1149 1032 1222 1098 ταῖς
1247 1025 1337 1087 τῶν
1361 1045 1430 1086 σι-

276 1124 382 1210 δήρων
407 1121 520 1209 αόγαῖς
551 1123 607 1188 καί
630 1135 753 1208 τομαῖς,
774 1124 830 1190 καί
849 1126 894 1210 Ιτῇ
913 1124 1026 1189 undeet
1056 1125 1117 1189 τοῖν
1137 1125 1352 1208 ἀναγκαίων
1377 1123 1425 1188 τό

276 1232 421 1292 πλεῖστον
440 1228 537 1310 μέρος
556 1228 590 1290 τό
616 1228 672 1309 ζῆν
702 1222 965 1313 ἀπορρηγυυσθαι
996 1229 1110 1311 (τριῶν
1130 1223 1193 1310 γόρ
1218 1221 1423 1308 νομισμά-

276 1325 374 1391 τωνό
398 1327 453 1390 τοῦ
484 1331 574 1392 σίτου
603 1327 755 1409 μέδιμνος
774 1322 1017 1413 ε’πιπρόσκετο,
1049 1323 1105 1391 καί
1128 1329 1191 1390 τόν
1213 1320 1419 1391 θανόντων

277 1426 336 1490 οόκ
362 1421 400 1510 ἦν
431 1429 580 1511 εόχέρεια
602 1426 682 1513 πρός
710 1426 745 1492 τό
768 1425 986 1514 θάπτεσθαι),
1006 1431 1168 1511 συνῆλθον
1189 1426 1239 1502 είς
1265 1428 1455 1493 tanturm

277 1524 306 1592 οἱ
327 1531 384 1612 τῆς
414 1529 638 1613 ἀρχιερατικῆς
661 1528 751 1608 ἀξίας
780 1530 823 1616 τῷ
851 1527 1055 1611 ἀρχιποίμενι
1086 1526 1206 1593 τοότων
1241 1527 1306 1592 καί
1327 1555 1410 1594 τια-

274 1628 413 1716 τριάρχη
441 1633 577 1715 Κοσμᾷ,
599 1632 654 1693 καί
673 1631 748 1714 περί
768 1629 830 1694 τῶν
856 1625 1032 1694 ἔνεστιότων
1054 1624 1099 1704 ἀς
1120 1626 1156 1693 τό
1179 1627 1272 1705 εἰκός
1296 1632 1407 1711 ἔβαν.

275 1730 431 1809 λεόυυτο,
458 1730 513 1794 καί
539 1732 581 1814 τῷ
606 1725 800 1815 Βοτανειότη
832 1726 888 1813 τὴν
906 1730 1093 1814 ,νικητήριον
1126 1729 1245 1816 ψῆφον
1267 1731 1327 1803 ἐντί
1346 1732 1402 1814 τῷ

160 1843 169 1854 ·
276 1819 389 1911 ἀρχειν
409 1833 583 1908 βασιλικός
594 1834 836 1927 προσετίθεσαν,
859 1831 899 1894 οό
918 1831 1086 1913 προδήλως
1099 1834 1207 1911 μέντοι
1220 1833 1286 1895 καί
1306 1853 1398 1913 προ-

276 1933 376 2009 πετεῖς
402 1929 455 1996 διό
481 1928 516 1995 τό
538 1933 573 1997 ἐκ
586 1934 644 1995 τοῦ
665 1932 889 2012 βασιλεόοντος
907 1933 988 2011 δέος,
1009 1931 1079 1994 ἀλλ’
1101 1935 1138 1995 όκ
1156 1935 1392 2015 συλλογισμῶν
1403 1947 1438 1997 15

275 2037 329 2096 καί
358 2035 488 2114 λογικῶν
519 2034 730 2115 παραδόσεων
761 2036 816 2096 καί
839 2027 965 2114 τρόπων
987 2028 1154 2112 ἐπιεικῶν,
1174 2019 1419 2115 συναγόντων
1486 2102 1488 2113 Ι

276 2135 322 2206 εἰς
344 2131 401 2215 την
424 2129 526 2213 αότῆν
548 2129 671 2196 ἔννοιάν
694 2155 728 2195 τε
751 2134 805 2197 καί
823 2128 974 2216 ξόρροιαν
991 2129 1025 2196 τό
1049 2135 1284 2216 προτιθέμενον
1303 2131 1389 2213 βοό.
1486 2117 1488 2122 “

275 2236 388 2322 λευμα.
438 2216 483 2305 εἷς
514 2233 549 2294 δὲ
575 2233 640 2295 τῶν
666 2223 772 2295 ἄλλων
796 2228 911 2314 γνιόσει
933 2234 1098 2317 διαφόρων
1127 2235 1183 2297 καί
1204 2229 1386 2318 λογιότητι,

276 2333 332 2394 καί
352 2326 386 2395 τό
410 2329 680 2415 παρρησιαστικόν
706 2335 892 2416 κεκτημένος
913 2331 947 2397 ἐκ
969 2331 1108 2418 φόσεους,
1129 2330 1186 2417 τήν
1207 2337 1385 2420 προεδρίαν

274 2434 333 2511 μὲν
356 2429 438 2514 ἔχων
474 2435 529 2517 τῆς
558 2433 612 2496 rod
636 2432 767 2498 Ἰκονίου
787 2436 958 2517 καθυλικῆς
989 2437 1174 2520 ἐκκλησίας,
1194 2436 1429 2510 Ἀσκάλωνοοο

277 2534 313 2595 δὲ
336 2535 472 2616 πατρίδα
502 2535 555 2616 τῆς
581 2537 730 2620 Φοινίκης
751 2535 879 2617 αόχοόν,
901 2534 956 2600 καί
983 2533 1072 2618 παρὰ
1093 2539 1156 2600 τοῦν
1184 2525 1320 2602 όινωθεν
1341 2537 1384 2611 σός

275 2635 433 2718 κορωνίδα
451 2639 635 2718 κεκτημένος
656 2632 691 2699 τό
714 2632 1069 2727 εόσεβές,τρανότορόν
1088 2659 1121 2700 re
1142 2635 1198 2700 καί
1216 2639 1383 2702 διαλεκτι-

276 2735 412 2820 κοότερον
433 2736 474 2822 τῷ
495 2740 711 2827 βουλευτηρίῳ
739 2735 798 2823 την
826 2739 944 2804 οἰκείαν
972 2737 1100 2824 γυιόμην
1122 2736 1383 2824 όνσημηνόμενος
1485 2750 1486 2785 i

277 3063 389 3103 caneurn
409 3055 436 3101 et
453 3049 670 3117 intempestivum
689 3056 770 3116 puto:
791 3064 860 3117 qnae
878 3056 967 3101 autem
983 3048 1070 3117 palam
1083 3051 1225 3118 tyrannice
1242 3053 1346 3121 agebat
1356 3062 1384 3107 et
1484 3048 1485 3099 ἕ

275 3123 423 3175 violentius
443 3138 519 3191 quam
539 3138 572 3173 ex
591 3123 665 3189 regis
685 3121 786 3173 virtute
813 3120 940 3189 parabat,
966 3121 1033 3174 baec
1050 3125 1198 3176 narrationi
1222 3126 1331 3177 tradere
1355 3131 1383 3176 et

274 3196 403 3246 memoria
421 3194 530 3260 dignare
549 3208 603 3244 non
623 3199 663 3244 est
691 3192 837 3259 indignum.

378 3264 444 3316 Cum
464 3266 534 3315 enim
553 3264 698 3316 communis
717 3279 805 3316 sermo
819 3281 901 3333 aegre
918 3266 1003 3317 ferret
1020 3267 1093 3333 regis
1111 3265 1272 3331 imperitiam
1284 3274 1313 3316 et
1330 3282 1380 3318 aa.

282 3335 391 3402 cipitem
411 3335 581 3386 insolentiam
601 3343 628 3385 et
646 3335 822 3389 contenderet
841 3352 872 3388 ca
889 3338 1006 3406 undique
1026 3337 1139 3389 affluere
1156 3337 1235 3402 mala,
1254 3338 1381 3404 utrinqne

279 3407 402 3474 reginam
421 3401 524 3456 urbium
545 3407 728 3474 circumstrepi
749 3407 814 3460 ferri
834 3409 916 3462 radiis
936 3417 963 3460 et
986 3408 1161 3474 vulneribus,
1181 3417 1262 3477 atqm
1288 3411 1381 3476 inopia

281 3493 371 3528 rerum
389 3477 602 3528 necessariarum
621 3481 760 3530 maximam
788 3488 889 3548 partem
907 3481 989 3531 vitam
1015 3483 1157 3544 amittere,
1185 3480 1286 3549 (tribus
1313 3482 1381 3531 enirn

279 3548 384 3603 assibus
402 3549 504 3600 modius
524 3549 648 3601 frumenti
669 3550 804 3603 emebatur
824 3561 852 3604 et
868 3559 1031 3602 mortuorum
1049 3567 1103 3603 non
1123 3561 1180 3605 erat
1199 3551 1314 3603 facultas
1332 3567 1380 3602 se-

278 3619 493 3689 peliendorum),
512 3631 698 3673 convenerunt
715 3623 743 3673 in
764 3624 875 3675 eundem
902 3626 990 3674 locum
1014 3623 1059 3690 qui
1083 3638 1242 3676 summorum
1270 3622 1380 3692 pontiti-

278 3708 339 3744 cum
363 3693 492 3760 dignitate
516 3700 590 3744 erant
608 3695 737 3759 praediti,
759 3696 793 3747 ad
810 3710 938 3749 summum
956 3693 1052 3746 borum
1077 3702 1212 3761 pastorem
1237 3703 1265 3746 et
1294 3694 1380 3760 patri-

161 3789 167 3796 ·
276 3763 381 3816 archam
393 3763 523 3828 Cosmum,
544 3764 615 3815 etde
635 3766 793 3817 instantibus
814 3774 842 3818 ut
862 3781 910 3832 par
928 3774 985 3816 erat
1004 3765 1203 3818 deliberabant:
1224 3774 1306 3833 atque
1324 3765 1380 3816 Bo·

274 3837 394 3887 toniatae
414 3837 541 3888 evincens
564 3836 717 3905 suffragium
736 3837 799 3904 quia
819 3837 895 3904 regie
914 3836 1061 3903 imperabat
1078 3838 1216 3900 dederunt,
1230 3851 1321 3904 neque
1338 3843 1380 3885 ta-

276 3920 338 3957 men
357 3907 444 3973 palam
465 3916 492 3958 et
511 3922 639 3973 praeceps
659 3915 770 3974 propter
788 3910 861 3976 regie
879 3916 994 3959 metumr
1011 3908 1060 3960 sed
1079 3905 1381 3960 “ratiocinationibus
1482 3940 1483 3959 r

272 3979 308 4026 ‘et
326 3979 440 4030 rationis
461 3978 704 4044 comparationibus
723 3988 749 4031 et
765 3979 850 4031 modis
869 3979 972 4044 aequis,
991 3982 1036 4047 qui
1056 3980 1083 4029 in
1103 3977 1383 4031 eandemscntentianr

282 4052 309 4096 et
331 4060 490 4100 consensum
512 4057 624 4118 agerent
642 4051 807 4116 propositum
827 4049 976 4102 consilium.
1013 4066 1081 4102 unus
1100 4059 1188 4102 autem
1200 4051 1297 4102 ceteris
1314 4063 1382 4114 prn-

280 4115 372 4168 dentia
394 4120 531 4172 excellens
555 4129 581 4170 ct
602 4122 706 4172 ratione
727 4130 753 4172 et
772 4121 923 4173 libertatem
942 4121 1047 4174 dicendi
1064 4129 1157 4174 nactus
1176 4129 1288 4184 natura,
1301 4119 1382 4185 prin-

277 4189 396 4255 cipatum
416 4188 517 4243 habens
537 4191 687 4244 catholicae
705 4191 791 4244 lconii
811 4191 954 4258 ecclcsiae,
973 4192 1108 4247 Ascalone
1125 4201 1211 4245 autem
1219 4190 1383 4245 Phoeniciae
1481 4202 1482 4253 p

273 4260 360 4328 patria
377 4257 498 4328 glorians
519 4269 545 4312 ct
565 4263 746 4343 amatoribus
766 4272 890 4337 tanquam
909 4279 1035 4322 coronam
1052 4265 1164 4332 adeptus
1189 4263 1332 4333 pietaten,
1355 4267 1383 4312 et
1481 4258 1482 4327 ἶ
