3017 4892
168 384 179 401 .
224 320 315 395 ‘ee
480 316 487 323 ·
551 318 774 396 menaeus
800 313 1066 435 amnromn

269 489 324 558 καὶ
359 487 472 565 δπλαῖς
499 486 624 572 didym
656 485 747 572 ξύων
784 486 840 552 κατ’
872 486 987 561 αύταδς
1014 493 1085 564 ταῖς
1117 487 1214 563 ι’δίαις
1235 486 1395 571 dudem

269 594 530 676 συμπατηθέντες
546 588 601 654 κατ’
619 588 840 673 ἀναιρεθέντες
861 585 948 671 παρὰ
964 593 1069 655 πᾶσαν
1090 589 1299 677 ἀνθρωπίνην
1323 594 1395 657 ε’λ-

271 695 361 773 πίδα,
378 696 435 757 κατ’
470 692 515 767 εἰς
539 689 634 755 otidis
662 696 864 775 λογισθέντες
892 686 922 755 οἱ
952 690 1077 755 πάντων
1107 686 1277 775 κρατήσειν
1298 697 1394 759 ποτὲ

272 791 540 879 προσδοκώμενον.
586 791 640 855 κατ’
658 784 736 875 ἦνῆ
764 788 856 879 φήμη
879 792 938 854 τού
962 791 1102 877 α’ληθούς
1125 788 1170 874 μη“
1195 791 1391 879 α’πηὲδουσα.

271 892 289 962 δ
314 897 349 961 δὲ
371 891 525 977 βασιλεύς
550 891 740 978 παραδόξως
762 894 979 959 διασωθεῖσαν
1001 889 1057 977 την
1090 890 1143 957 ὑπ’
1166 890 1262 958 αύτὸν
1286 893 1421 977 ι’δαύν,5

271 1000 327 1063 καί
344 995 524 1079 περιχαρὴς
545 989 870 1083 εἶκύτιαςγενύμενσς,
891 997 947 1058 κατ’
966 992 1009 1081 τῷ
1030 995 1096 1083 θεῷ
1115 997 1171 1059 καί
1189 996 1229 1083 τῇ
1250 1020 1389 1079 ιιαναχ-

139 1093 456 1185 21342‚pderppaod
485 1095 631 1181 δεσποίνῃ
663 1094 804 1185 θεοτύκιρ
831 1094 1027 1180 χαριστήρια
1055 1094 1177 1176 θύσας,
1210 1093 1293 1161 εύθύ
1324 1102 1389 1181 τῆς

267 1197 434 1282 βασιλίδος
456 1192 677 1278 ἐπεπορεύετο.
720 1186 798 1280 εὗρε
822 1196 856 1259 δὲ
875 1190 991 1279 ταύτην
1013 1194 1186 1281 ἐκπλήξεως
1210 1195 1266 1261 καί
1286 1194 1385 1261 θαύ-

269 1320 367 1379 ματος
385 1300 547 1382 γέμουσαν
569 1297 623 1359 καί
644 1298 774 1379 οιύστρα
798 1300 837 1382 τῇ
860 1298 1024 1385 ζωαρχικῇ
1042 1292 1148 1377 τριάδι
1180 1296 1235 1362 κατ’
1252 1300 1291 1386 τῇ
1311 1322 1385 1383 μη-

269 1395 323 1483 τρδ
341 1399 400 1461 τοῦ
422 1390 634 1481 θεανθρύποα
665 1394 760 1479 λόγον
784 1396 938 1480 λαμπρῶς
955 1392 1173 1483 ἐπιθύουσα.
1217 1392 1248 1462 οἱ
1271 1398 1299 1460 d’
1323 1399 1387 1463 dni
1397 1411 1433 1465 10

270 1500 327 1585 τῆς
349 1498 505 1583 Εύριύπης
533 1498 589 1561 κατ’
617 1496 710 1562 αύτοί
741 1494 799 1582 την
819 1497 1030 1582 εὐχαριστίαν
1058 1489 1131 1563 ὅσον
1152 1494 1236 1573 εἰκδς
1257 1499 1383 1563 α’πσνὲ-

268 1622 399 1683 μοντες,
430 1591 588 1686 δρύγημα
609 1600 758 1681 μέγιστον
789 1600 845 1663 κατ’
871 1602 959 1663 θεῖον
991 1596 1083 1684 ἔργον
1108 1593 1144 1661 τύ
1172 1595 1264 1683 ἔργον
1282 1599 1382 1663 τοῦτο

269 1702 428 1767 δτιθεσαν.
526 1775 529 1782 ¹

374 1797 486 1878 Ούτονς
501 1800 556 1867 ε’πί
565 1804 627 1866 τού
649 1801 748 1865 αύτού
764 1804 922 1883 βασιλέως
942 1805 997 1867 κατ’
1019 1803 1137 1887 πληγαί
1155 1804 1192 1891 τῇ
1202 1796 1375 1884 Ῥωμαίων

270 1908 522 1990 προσετρίβησσν
546 1903 597 1990 γῇ,
615 1906 671 1967 καί
688 1900 856 1986 α’παλλαγὴ
874 1898 969 1967 πάλιν
987 1903 1134 1969 κινδύνου
1146 1900 1297 1985 μεγίστου
1323 1904 1379 1969 καί
1388 1923 1427 1975 15

271 2004 474 2091 καταστροφὴ
493 2007 651 2085 πολεμίων
669 2004 906 2089 ἀπροσδόκητος
921 2007 1089 2088 ἐπιγέγονε,
1110 2007 1164 2070 κατ’
1179 1998 1256 2090 ὅσην
1269 2004 1377 2079 αύδείς

270 2106 396 2171 ούδέπια
409 2106 628 2189 κατορθώσειν
650 2107 815 2188 ἐπήλπισε.
838 2103 886 2170 διδ
909 2104 964 2171 καί
983 2107 1076 2195 κακίρ
1091 2106 1147 2169 καί
1168 2105 1266 2191 α’ρετῇ
1280 2108 1377 2186 βασι-

271 2209 342 2291 λικῇ
354 2204 410 2281 τὰς
426 2205 626 2297 δνσπραγίας
637 2208 691 2270 καῖ
707 2198 805 2283 αὖθις
817 2203 873 2281 τοὶς
889 2207 1064 2290 εὐπραγίας
1079 2202 1108 2269 οἱ
1122 2208 1278 2289 νουνεχῶς
1291 2230 1377 2287 συμ-

270 2307 440 2391 βάλλοντες
458 2303 499 2371 τύ
511 2304 682 2390 πράγματα
699 2310 886 2393 διεμέριζον.
911 2309 942 2373 εἰ
958 2306 1045 2373 δὲτὰ
1061 2312 1121 2390 μὲν
1136 2305 1273 2393 δύστηνα
1286 2304 1375 2391 πύθη

271 2398 336 2475 ταῖν
355 2410 571 2493 α’νθραπίνιαν
603 2410 841 2495 ἁμαρτημάτων
869 2410 1037 2493 τυγχάνειν
1071 2400 1261 2485 α’ντίκτισιν,
1284 2406 1319 2493 τὸ
1347 2411 1421 2478 δ’2θ

142 2527 150 2534 ·
187 2532 193 2537 ·
272 2509 414 2587 εδπαθὲς
433 2515 487 2593 τῆς
507 2514 598 2587 θειας
618 2512 717 2595 μύνης
748 2503 944 2595 δντιλήψεοος
972 2512 1043 2596 θείη
1066 2534 1114 2585 τις
1138 2516 1194 2575 καί
1213 2507 1258 2594 ’μὴ
1280 2515 1376 2593 βασι-

271 2612 361 2695 λικῆς
382 2606 522 2676 ἔπαθλον
544 2613 667 2697 α’ρετῆς,
690 2609 734 2687 ὥς
757 2614 813 2696 τῆς
843 2610 1017 2696 εύπραγίας
1038 2614 1161 2695 γενικῆς
1184 2612 1239 2675 καί
1258 2608 1303 2695 μὴ
1325 2611 1373 2675 εἰ·

271 2714 362 2797 δοκῆς
380 2712 598 2798 καθεστιύοης,
620 2714 688 2800 ον’κ,
701 2706 742 2779 δν
765 2708 936 2799 διαμάρτοι
956 2710 1012 2777 τού
1035 2712 1211 2797 πρέποντος
1221 2736 1229 2755 ·
1272 2712 1372 2783 πάντα

272 2939 389 3014 propriis
408 2945 528 3000 curribus
545 2925 643 2999 calcati
662 2954 689 2998 et
710 2946 847 2998 interfecti
870 2950 978 3012 praeter
1000 2957 1104 2996 ornnem
1122 2942 1257 2995 hominum
1276 2958 1372 3011 exape-

273 3018 426 3083 cretionem,
447 3026 527 3087 atque
546 3016 700 3085 pronihilo
726 3016 810 3070 babiti
831 3017 876 3085 qui
895 3014 1016 3067 omnibus
1035 3016 1188 3083 superiores
1209 3016 1268 3069 iore
1286 3030 1371 3086 quon.

272 3091 330 3141 dam
348 3085 523 3157 putabantur:
543 3098 624 3157 atque
642 3096 700 3141 erat
718 3088 788 3140 lama
803 3104 858 3141 non
877 3086 991 3140 absona:
1011 3094 1157 3140 rexautem
1176 3096 1282 3155 praeter
1300 3104 1371 3155 spem

271 3169 405 3214 servatam
429 3176 502 3214 suam
528 3168 626 3212 terram
654 3161 747 3212 videns
776 3168 803 3212 et
827 3159 989 3211 laetissimus
1012 3160 1108 3210 merito
1128 3158 1213 3211 sactus
1234 3166 1261 3211 et
1279 3160 1326 3211 deo
1347 3169 1372 3211 et

272 3232 380 3283 omnino
400 3232 624 3283 incontaminatae
644 3240 671 3283 et
689 3232 811 3283 dominae
830 3228 874 3283 dei
893 3233 997 3298 parenti
1017 3239 1091 3299 grata
1110 3228 1297 3283 sacrasaciens
1316 3238 1369 3283 sta.

271 3303 319 3352 tim
337 3302 370 3352 ad
389 3301 531 3367 capitalem
550 3302 641 3353 urbem
660 3302 888 3370 proficiscebatur.
927 3304 1031 3354 invenit
1051 3310 1138 3353 autem
1164 3302 1232 3354 hano
1257 3304 1369 3369 stuporis

272 3380 300 3422 et
317 3372 499 3423 admirationis
518 3372 624 3440 plenam
644 3382 671 3424 et
689 3368 764 3425 sacra
783 3382 857 3443 grata
875 3374 987 3425 trinitati
1013 3376 1093 3426 vitam
1109 3375 1219 3446 {creanti
1248 3382 1275 3424 et
1296 3375 1369 3425 matri

271 3443 383 3496 rationis
402 3442 516 3496 bominis
535 3445 620 3496 divini
639 3445 779 3513 splendide
798 3446 1007 3498 sacrificantem:
1026 3446 1152 3514 Europae
1162 3454 1248 3497 autem
1267 3443 1369 3495 incolae

273 3523 300 3566 et
317 3515 370 3583 ipsi
389 3515 502 3585 gratiam
520 3523 646 3584 quantum
665 3532 713 3583 par
733 3526 790 3570 erat
803 3517 945 3571 reddentes
957 3517 1071 3585 gloriam
1086 3518 1224 3570 maximam
1239 3526 1265 3569 et
1275 3516 1377 3569 lactum-

271 3587 390 3639 diviuum
410 3586 462 3637 hoc
483 3585 581 3638 lactum
599 3589 759 3642 statuebant.

382 3677 423 3730 lta
447 3676 496 3729 sub
522 3678 615 3730 eodem
633 3694 699 3748 rege
724 3686 752 3732 et
776 3680 845 3733 ictus
876 3680 1036 3732 Graecorum
1062 3686 1151 3729 terrae
1176 3677 1268 3729 iniecti
1302 3684 1367 3739 sunt,

272 3757 300 3800 et
333 3748 457 3820 liberatio
488 3765 579 3802 rursus
598 3752 729 3819 ,periculi
764 3754 870 3804 maximi
906 3759 933 3801 et
968 3750 1066 3801 eiectio
1096 3750 1211 3801 hostium
1243 3749 1367 3813 inexspc.

272 3826 342 3871 ctata
372 3822 464 3876 evenit
490 3830 518 3873 et
540 3831 662 3891 quantam
689 3838 767 3875 nemo
793 3840 907 3893 unquam
936 3838 965 3876 se
999 3821 1180 3887 perfecturum
1207 3826 1366 3888 speraverat.

273 3905 356 3957 quare
381 3902 408 3945 et
435 3894 502 3944 vitio
522 3902 549 3945 et
572 3896 665 3947 virtuti
683 3898 776 3963 regiae
803 3894 925 3946 infelicia
950 3901 977 3943 et
1007 3909 1098 3945 rursus
1125 3892 1213 3945 fausta
1231 3892 1301 3943 lacta
1326 3890 1366 3957 qui

272 3962 417 4027 prudenter
451 3966 647 4031 componebant
670 3982 731 4031 res,
759 3962 970 4033 distinguebant,
997 3966 1091 4032 quodsi
1111 3966 1171 4032 quis
1190 3964 1276 4015 tristia
1303 3960 1366 4011 mala

272 4030 407 4083 hominum
440 4045 609 4101 peccatorum
647 4054 707 4092 esse
738 4051 850 4104 poenam
887 4035 1017 4087 fortunam
1051 4045 1137 4087 autem
1170 4036 1254 4087 divini
1288 4032 1365 4085 solius

273 4100 367 4154 auxilii
395 4106 486 4156 statuit
508 4124 597 4175 neque
621 4110 714 4179 regiae
739 4107 883 4176 praemium
908 4107 1028 4171 virtutis;
1060 4123 1119 4159 cum
1146 4106 1253 4158 fortuna
1284 4118 1366 4173 gene-

272 4173 337 4228 ralis
357 4176 397 4227 sit
419 4187 508 4244 nequa
540 4193 605 4231 aero
642 4180 828 4249 singulorum,
851 4192 906 4230 non
932 4177 1106 4231 aberrabitis
1131 4186 1258 4230 arceto:
1283 4175 1365 4225 omnia
1433 4198 1438 4204 ·

273 4245 343 4299 enim
359 4245 473 4301 meliora
494 4263 509 4300 ο
527 4247 622 4303 coeloe
632 4253 679 4305 sed
699 4253 777 4306 etiam
792 4249 933 4304 clementia
948 4264 1038 4305 rursus
1057 4248 1265 4325 flectiturprece
1276 4246 1366 4326 effrata
