<?xml version="1.0" encoding="UTF-8"?>
<!DOCTYPE html PUBLIC "-//W3C//DTD XHTML 1.0 Transitional//EN"
    "http://www.w3.org/TR/xhtml1/DTD/xhtml1-transitional.dtd">
<html xmlns="http://www.w3.org/1999/xhtml" xml:lang="en" lang="en">
 <head>
  <title>
</title>
<meta http-equiv="Content-Type" content="text/html;charset=utf-8" />
  <meta name='ocr-system' content='tesseract 3.04.00' />
  <meta name='ocr-capabilities' content='ocr_page ocr_carea ocr_par ocr_line ocrx_word'/>
</head>
<body>
  <div class='ocr_page' id='page_1' title='image "./corpusscriptoru06theogoog/corpusscriptoru06theogoog_0036.png"; bbox 0 0 3017 4892; ppageno 0'>
   <div class='ocr_carea' id='block_1_1' title="bbox 255 293 1071 384">
    <p class='ocr_par' dir='ltr' id='par_1_1' title="bbox 255 293 1071 384">
     <span class='ocr_line' id='line_1_1' title="bbox 255 293 1071 384; baseline -0.01 -1"><span class='ocrx_word' id='word_1_1' title='bbox 255 293 305 384; x_wconf 76' lang='grc' dir='ltr'><strong><em>νο</em></strong></span> <span class='ocrx_word' id='word_1_2' title='bbox 494 329 502 338; x_wconf 84' lang='lat'><em>.</em></span> <span class='ocrx_word' id='word_1_3' title='bbox 561 305 783 382; x_wconf 65' lang='lat' dir='ltr'><strong>aromate</strong></span> <span class='ocrx_word' id='word_1_4' title='bbox 810 294 1071 378; x_wconf 69' lang='lat' dir='ltr'><strong>ammonia</strong></span> 
     </span>
    </p>
   </div>
   <div class='ocr_carea' id='block_1_2' title="bbox 231 460 1487 1362">
    <p class='ocr_par' dir='ltr' id='par_1_2' title="bbox 231 460 1487 1265">
     <span class='ocr_line' id='line_1_2' title="bbox 256 460 1377 562; baseline -0.015 -20"><span class='ocrx_word' id='word_1_5' title='bbox 256 473 495 562; x_wconf 77' lang='grc' dir='ltr'><strong><em>σεβαστοφόρος</em></strong></span> <span class='ocrx_word' id='word_1_6' title='bbox 511 475 674 562; x_wconf 71' lang='grc' dir='ltr'><strong><em>Στέφανος</em></strong></span> <span class='ocrx_word' id='word_1_7' title='bbox 709 473 763 540; x_wconf 82' lang='grc' dir='ltr'><strong><em>διά</em></strong></span> <span class='ocrx_word' id='word_1_8' title='bbox 787 477 843 559; x_wconf 83' lang='grc' dir='ltr'><strong>τῆς</strong></span> <span class='ocrx_word' id='word_1_9' title='bbox 863 477 990 557; x_wconf 78' lang='grc' dir='ltr'><strong><em>α’γοροῖς,</em></strong></span> <span class='ocrx_word' id='word_1_10' title='bbox 1012 466 1052 536; x_wconf 85' lang='grc' dir='ltr'><strong><em>τά</em></strong></span> <span class='ocrx_word' id='word_1_11' title='bbox 1075 468 1187 554; x_wconf 66' lang='lat' dir='ltr'><strong>aptiae</strong></span> <span class='ocrx_word' id='word_1_12' title='bbox 1206 460 1294 549; x_wconf 86' lang='grc' dir='ltr'><strong><em>παρά</em></strong></span> <span class='ocrx_word' id='word_1_13' title='bbox 1321 463 1377 550; x_wconf 70' lang='grc' dir='ltr'><strong><em>τῷ</em></strong></span> 
     </span>
     <span class='ocr_line' id='line_1_3' title="bbox 253 560 1374 661; baseline -0.014 -18"><span class='ocrx_word' id='word_1_14' title='bbox 253 580 387 659; x_wconf 72' lang='grc' dir='ltr'><strong><em>βασιλεῖ</em></strong></span> <span class='ocrx_word' id='word_1_15' title='bbox 406 573 486 658; x_wconf 83' lang='grc' dir='ltr'><strong><em>μετά</em></strong></span> <span class='ocrx_word' id='word_1_16' title='bbox 508 578 625 661; x_wconf 83' lang='grc' dir='ltr'><strong><em>πολλῆς</em></strong></span> <span class='ocrx_word' id='word_1_17' title='bbox 658 571 712 660; x_wconf 74' lang='grc' dir='ltr'><strong>τῆς</strong></span> <span class='ocrx_word' id='word_1_18' title='bbox 735 573 956 659; x_wconf 81' lang='grc' dir='ltr'><strong><em>λαμπρότητος</em></strong></span> <span class='ocrx_word' id='word_1_19' title='bbox 978 571 1116 655; x_wconf 72' lang='grc' dir='ltr'><strong><em>ἔσχηκε,</em></strong></span> <span class='ocrx_word' id='word_1_20' title='bbox 1145 592 1199 632; x_wconf 90' lang='grc' dir='ltr'><strong>και</strong></span> <span class='ocrx_word' id='word_1_21' title='bbox 1194 560 1374 650; x_wconf 79' lang='grc' dir='ltr'><strong><em>ζηλωτὰς</em></strong></span> 
     </span>
     <span class='ocr_line' id='line_1_4' title="bbox 231 663 1372 762; baseline -0.011 -21"><span class='ocrx_word' id='word_1_22' title='bbox 231 663 336 742; x_wconf 58' lang='grc' dir='ltr'><strong><em>’πᾶσι</em></strong></span> <span class='ocrx_word' id='word_1_23' title='bbox 358 702 410 746; x_wconf 88' lang='grc' dir='ltr'><strong>και</strong></span> <span class='ocrx_word' id='word_1_24' title='bbox 407 675 696 762; x_wconf 73' lang='grc' dir='ltr'><strong><em>περισπούδαστος</em></strong></span> <span class='ocrx_word' id='word_1_25' title='bbox 716 677 911 759; x_wconf 81' lang='grc' dir='ltr'><strong><em>ἐγνωρίςετο.</em></strong></span> <span class='ocrx_word' id='word_1_26' title='bbox 955 674 1025 737; x_wconf 74' lang='lat' dir='ltr'><strong>daea*</strong></span> <span class='ocrx_word' id='word_1_27' title='bbox 1044 674 1080 736; x_wconf 80' lang='grc' dir='ltr'><strong>δὲ</strong></span> <span class='ocrx_word' id='word_1_28' title='bbox 1103 669 1140 736; x_wconf 87' lang='grc' dir='ltr'><strong><em>τά</em></strong></span> <span class='ocrx_word' id='word_1_29' title='bbox 1165 671 1222 752; x_wconf 77' lang='grc' dir='ltr'><strong>τῆς</strong></span> <span class='ocrx_word' id='word_1_30' title='bbox 1243 669 1372 731; x_wconf 78' lang='grc' dir='ltr'><strong><em>δεσπο-</em></strong></span> 
     </span>
     <span class='ocr_line' id='line_1_5' title="bbox 255 762 1375 863; baseline -0.012 -19"><span class='ocrx_word' id='word_1_31' title='bbox 255 779 340 863; x_wconf 78' lang='grc' dir='ltr'><strong><em>τικῆς</em></strong></span> <span class='ocrx_word' id='word_1_32' title='bbox 361 779 564 862; x_wconf 76' lang='grc' dir='ltr'><strong><em>ον’δοιιμονίας</em></strong></span> <span class='ocrx_word' id='word_1_33' title='bbox 585 779 733 860; x_wconf 76' lang='grc' dir='ltr'><strong><em>α’βὲβαια,</em></strong></span> <span class='ocrx_word' id='word_1_34' title='bbox 756 777 941 860; x_wconf 68' lang='grc' dir='ltr'><strong><em>διαβληθείς</em></strong></span> <span class='ocrx_word' id='word_1_35' title='bbox 964 774 1019 836; x_wconf 88' lang='grc' dir='ltr'><strong>καί</strong></span> <span class='ocrx_word' id='word_1_36' title='bbox 1035 762 1124 847; x_wconf 74' lang='grc' dir='ltr'><strong><em>οὗτος</em></strong></span> <span class='ocrx_word' id='word_1_37' title='bbox 1145 768 1189 846; x_wconf 77' lang='grc' dir='ltr'><strong>ὥς</strong></span> <span class='ocrx_word' id='word_1_38' title='bbox 1205 769 1254 856; x_wconf 83' lang='grc' dir='ltr'><strong><em>εἴη</em></strong></span> <span class='ocrx_word' id='word_1_39' title='bbox 1267 774 1375 850; x_wconf 77' lang='grc' dir='ltr'><strong><em>μελε-</em></strong></span> 
     </span>
     <span class='ocr_line' id='line_1_6' title="bbox 254 869 1400 1001; baseline -0.012 -59"><span class='ocrx_word' id='word_1_40' title='bbox 254 881 318 942; x_wconf 77' lang='grc' dir='ltr'><strong>τιόν</strong></span> <span class='ocrx_word' id='word_1_41' title='bbox 338 877 532 962; x_wconf 76' lang='grc' dir='ltr'><strong><em>ἐπιβουλήν,</em></strong></span> <span class='ocrx_word' id='word_1_42' title='bbox 555 873 728 1001; x_wconf 70' lang='grc' dir='ltr'><strong><em>ὑπερορίαν</em></strong></span> <span class='ocrx_word' id='word_1_43' title='bbox 750 878 866 941; x_wconf 79' lang='grc' dir='ltr'><strong><em>αδτίκα</em></strong></span> <span class='ocrx_word' id='word_1_44' title='bbox 889 875 944 938; x_wconf 85' lang='grc' dir='ltr'><strong>καί</strong></span> <span class='ocrx_word' id='word_1_45' title='bbox 964 872 1120 957; x_wconf 65' lang='grc' dir='ltr'><strong><em>δήμευσιν</em></strong></span> <span class='ocrx_word' id='word_1_46' title='bbox 1140 872 1197 936; x_wconf 85' lang='grc' dir='ltr'><strong>καί</strong></span> <span class='ocrx_word' id='word_1_47' title='bbox 1214 869 1400 952; x_wconf 71' lang='lat' dir='ltr'><strong>dandene-5</strong></span> 
     </span>
     <span class='ocr_line' id='line_1_7' title="bbox 257 962 1487 1065; baseline -0.008 -22"><span class='ocrx_word' id='word_1_48' title='bbox 257 1003 309 1044; x_wconf 89' lang='grc' dir='ltr'><strong>σιν</strong></span> <span class='ocrx_word' id='word_1_49' title='bbox 329 978 519 1065; x_wconf 70' lang='grc' dir='ltr'><strong><em>κατεκρίθη·</em></strong></span> <span class='ocrx_word' id='word_1_50' title='bbox 564 976 655 1042; x_wconf 77' lang='lat' dir='ltr'><strong>ando</strong></span> <span class='ocrx_word' id='word_1_51' title='bbox 681 982 747 1042; x_wconf 85' lang='grc' dir='ltr'><strong><em>’των</em></strong></span> <span class='ocrx_word' id='word_1_52' title='bbox 770 974 971 1042; x_wconf 75' lang='grc' dir='ltr'><strong><em>οἰκειοτάτων</em></strong></span> <span class='ocrx_word' id='word_1_53' title='bbox 991 974 1078 1058; x_wconf 80' lang='grc' dir='ltr'><strong><em>αάτιρ</em></strong></span> <span class='ocrx_word' id='word_1_54' title='bbox 1063 965 1203 1061; x_wconf 80' lang='grc' dir='ltr'><strong><em>εἷς,</em></strong></span> <span class='ocrx_word' id='word_1_55' title='bbox 1186 962 1212 1034; x_wconf 79' lang='lat' dir='ltr'><strong>d</strong></span> <span class='ocrx_word' id='word_1_56' title='bbox 1241 973 1296 1034; x_wconf 88' lang='grc' dir='ltr'><strong>καί</strong></span> <span class='ocrx_word' id='word_1_57' title='bbox 1324 970 1367 1036; x_wconf 82' lang='grc' dir='ltr'><strong><em>τὸ</em></strong></span> <span class='ocrx_word' id='word_1_58' title='bbox 1409 1031 1418 1047; x_wconf 74' lang='grc'>,</span> <span class='ocrx_word' id='word_1_59' title='bbox 1486 1024 1487 1033; x_wconf 70' lang='grc'>,</span> 
     </span>
     <span class='ocr_line' id='line_1_8' title="bbox 257 1075 1370 1164; baseline -0.006 -20"><span class='ocrx_word' id='word_1_60' title='bbox 257 1078 373 1164; x_wconf 88' lang='grc' dir='ltr'><strong><em>κράτος</em></strong></span> <span class='ocrx_word' id='word_1_61' title='bbox 393 1083 522 1162; x_wconf 75' lang='grc' dir='ltr'><strong><em>μέλλειν</em></strong></span> <span class='ocrx_word' id='word_1_62' title='bbox 542 1084 721 1163; x_wconf 80' lang='grc' dir='ltr'><strong><em>περιθεῖναι</em></strong></span> <span class='ocrx_word' id='word_1_63' title='bbox 743 1083 979 1162; x_wconf 76' lang='grc' dir='ltr'><strong><em>κατηγορεῖτο,</em></strong></span> <span class='ocrx_word' id='word_1_64' title='bbox 1000 1078 1065 1140; x_wconf 78' lang='grc' dir='ltr'><strong>τῶν</strong></span> <span class='ocrx_word' id='word_1_65' title='bbox 1086 1075 1266 1160; x_wconf 76' lang='grc' dir='ltr'><strong><em>δρθαλμων</em></strong></span> <span class='ocrx_word' id='word_1_66' title='bbox 1292 1077 1370 1154; x_wconf 86' lang='grc' dir='ltr'><strong><em>μετ’</em></strong></span> 
     </span>
     <span class='ocr_line' id='line_1_9' title="bbox 254 1181 556 1265; baseline 0.003 -22"><span class='ocrx_word' id='word_1_67' title='bbox 254 1181 399 1265; x_wconf 77' lang='grc' dir='ltr'><strong><em>ιίλίγον</em></strong></span> <span class='ocrx_word' id='word_1_68' title='bbox 384 1183 556 1264; x_wconf 79' lang='grc' dir='ltr'><strong><em>εοτέρηται.</em></strong></span> 
     </span>
    </p>

    <p class='ocr_par' dir='ltr' id='par_1_3' title="bbox 359 1273 1365 1362">
     <span class='ocr_line' id='line_1_10' title="bbox 359 1273 1365 1362; baseline -0.008 -16.992"><span class='ocrx_word' id='word_1_69' title='bbox 359 1280 565 1362; x_wconf 83' lang='grc' dir='ltr'><strong><em>Ἀπαλλαγείς</em></strong></span> <span class='ocrx_word' id='word_1_70' title='bbox 598 1273 654 1345; x_wconf 92' lang='grc' dir='ltr'><strong><em>ουν</em></strong></span> <span class='ocrx_word' id='word_1_71' title='bbox 684 1279 700 1344; x_wconf 80' lang='grc' dir='ltr'>ὅ</span> <span class='ocrx_word' id='word_1_72' title='bbox 732 1276 886 1361; x_wconf 71' lang='grc' dir='ltr'><strong><em>βασιλεῦς</em></strong></span> <span class='ocrx_word' id='word_1_73' title='bbox 915 1281 970 1362; x_wconf 75' lang='grc' dir='ltr'><strong>τῆς</strong></span> <span class='ocrx_word' id='word_1_74' title='bbox 997 1274 1153 1360; x_wconf 72' lang='grc' dir='ltr'><strong><em>τοσαύτης</em></strong></span> <span class='ocrx_word' id='word_1_75' title='bbox 1179 1274 1365 1359; x_wconf 83' lang='grc' dir='ltr'><strong><em>φροντίδος,</em></strong></span> 
     </span>
    </p>
   </div>
   <div class='ocr_carea' id='block_1_3' title="bbox 180 1371 1415 1466">
    <p class='ocr_par' dir='ltr' id='par_1_4' title="bbox 118 1371 1415 1466">
     <span class='ocr_line' id='line_1_11' title="bbox 180 1371 1415 1466; baseline 0.001 -27.952"><span class='ocrx_word' id='word_1_76' title='bbox 180 1389 187 1438; x_wconf 83' lang='grc'><strong>.’</strong></span> <span class='ocrx_word' id='word_1_77' title='bbox 228 1391 235 1436; x_wconf 74' lang='grc' dir='ltr'><em>ἱ</em></span> <span class='ocrx_word' id='word_1_78' title='bbox 261 1377 437 1464; x_wconf 71' lang='grc' dir='ltr'><strong><em>εἷςὶτίραν</em></strong></span> <span class='ocrx_word' id='word_1_79' title='bbox 465 1371 563 1458; x_wconf 76' lang='grc' dir='ltr'><strong><em>ανθις</em></strong></span> <span class='ocrx_word' id='word_1_80' title='bbox 595 1379 733 1466; x_wconf 83' lang='grc' dir='ltr'><strong><em>οίνάγκην</em></strong></span> <span class='ocrx_word' id='word_1_81' title='bbox 756 1381 892 1448; x_wconf 78' lang='grc' dir='ltr'><strong><em>ἐνέπεσε.</em></strong></span> <span class='ocrx_word' id='word_1_82' title='bbox 946 1375 1084 1457; x_wconf 83' lang='grc' dir='ltr'><strong><em>πόλεμος</em></strong></span> <span class='ocrx_word' id='word_1_83' title='bbox 1103 1374 1163 1460; x_wconf 76' lang='grc' dir='ltr'><strong><em>γάρ</em></strong></span> <span class='ocrx_word' id='word_1_84' title='bbox 1184 1374 1368 1461; x_wconf 83' lang='grc' dir='ltr'><strong><em>α’λλὸφαλος</em></strong></span> <span class='ocrx_word' id='word_1_85' title='bbox 1380 1399 1415 1452; x_wconf 82' lang='lat'><strong>10</strong></span> 
     </span>
    </p>
   </div>
   <div class='ocr_carea' id='block_1_4' title="bbox 246 1473 1412 2168">
    <p class='ocr_par' dir='ltr' id='par_1_5' title="bbox 246 1473 1412 2168">
     <span class='ocr_line' id='line_1_12' title="bbox 246 1473 1368 1566; baseline -0.009 -16"><span class='ocrx_word' id='word_1_86' title='bbox 246 1477 408 1556; x_wconf 79' lang='grc' dir='ltr'><strong><em>,ναυτικάς</em></strong></span> <span class='ocrx_word' id='word_1_87' title='bbox 427 1473 504 1565; x_wconf 73' lang='grc' dir='ltr'><strong><em>ἄχρι</em></strong></span> <span class='ocrx_word' id='word_1_88' title='bbox 517 1485 571 1566; x_wconf 81' lang='grc' dir='ltr'><strong>τῆς</strong></span> <span class='ocrx_word' id='word_1_89' title='bbox 585 1475 807 1564; x_wconf 83' lang='grc' dir='ltr'><strong><em>Προποντίδος</em></strong></span> <span class='ocrx_word' id='word_1_90' title='bbox 823 1478 881 1562; x_wconf 78' lang='grc' dir='ltr'><strong>τὴν</strong></span> <span class='ocrx_word' id='word_1_91' title='bbox 899 1481 1051 1561; x_wconf 79' lang='grc' dir='ltr'><strong><em>βασιλίδα</em></strong></span> <span class='ocrx_word' id='word_1_92' title='bbox 1065 1479 1229 1561; x_wconf 82' lang='grc' dir='ltr'><strong><em>κατέλαβε,</em></strong></span> <span class='ocrx_word' id='word_1_93' title='bbox 1246 1479 1368 1540; x_wconf 82' lang='grc' dir='ltr'><strong><em>πλοίων</em></strong></span> 
     </span>
     <span class='ocr_line' id='line_1_13' title="bbox 258 1570 1368 1668; baseline -0.009 -18"><span class='ocrx_word' id='word_1_94' title='bbox 258 1579 419 1650; x_wconf 82' lang='grc' dir='ltr'><strong><em>Ῥωσικιόν</em></strong></span> <span class='ocrx_word' id='word_1_95' title='bbox 456 1585 519 1647; x_wconf 76' lang='grc' dir='ltr'><strong>τῶν</strong></span> <span class='ocrx_word' id='word_1_96' title='bbox 552 1570 766 1668; x_wconf 80' lang='grc' dir='ltr'><strong><em>τετρακοσίων</em></strong></span> <span class='ocrx_word' id='word_1_97' title='bbox 802 1580 859 1644; x_wconf 80' lang='grc' dir='ltr'><strong><em>ον’κ</em></strong></span> <span class='ocrx_word' id='word_1_98' title='bbox 892 1579 1091 1643; x_wconf 83' lang='grc' dir='ltr'><strong><em>α’ποδεόντων</em></strong></span> <span class='ocrx_word' id='word_1_99' title='bbox 1127 1574 1368 1661; x_wconf 76' lang='grc' dir='ltr'><strong><em>ἐπιρραξάνκων</em></strong></span> 
     </span>
     <span class='ocr_line' id='line_1_14' title="bbox 246 1676 1365 1770; baseline -0.007 -22"><span class='ocrx_word' id='word_1_100' title='bbox 246 1684 356 1770; x_wconf 75' lang='grc' dir='ltr'><strong><em>ἀιίτῇ,</em></strong></span> <span class='ocrx_word' id='word_1_101' title='bbox 378 1683 611 1770; x_wconf 79' lang='grc' dir='ltr'><strong><em>καταφράκτων</em></strong></span> <span class='ocrx_word' id='word_1_102' title='bbox 633 1678 740 1756; x_wconf 78' lang='grc' dir='ltr'><strong><em>ὅπλοις</em></strong></span> <span class='ocrx_word' id='word_1_103' title='bbox 755 1705 789 1745; x_wconf 91' lang='grc' dir='ltr'><strong>τε</strong></span> <span class='ocrx_word' id='word_1_104' title='bbox 807 1680 862 1745; x_wconf 89' lang='grc' dir='ltr'><strong>καί</strong></span> <span class='ocrx_word' id='word_1_105' title='bbox 877 1680 1033 1768; x_wconf 75' lang='grc' dir='ltr'><strong><em>,πολεμικῇ</em></strong></span> <span class='ocrx_word' id='word_1_106' title='bbox 1050 1676 1198 1764; x_wconf 75' lang='grc' dir='ltr'><strong><em>ἐμπειρίᾳ</em></strong></span> <span class='ocrx_word' id='word_1_107' title='bbox 1219 1677 1274 1742; x_wconf 87' lang='grc' dir='ltr'><strong>καί</strong></span> <span class='ocrx_word' id='word_1_108' title='bbox 1285 1676 1365 1760; x_wconf 72' lang='grc' dir='ltr'><strong><em>πλή-</em></strong></span> 
     </span>
     <span class='ocr_line' id='line_1_15' title="bbox 261 1773 1367 1866; baseline -0.005 -18"><span class='ocrx_word' id='word_1_109' title='bbox 261 1789 315 1848; x_wconf 76' lang='grc' dir='ltr'><strong>θει</strong></span> <span class='ocrx_word' id='word_1_110' title='bbox 335 1786 398 1848; x_wconf 75' lang='grc' dir='ltr'><strong><em>ταῖν</em></strong></span> <span class='ocrx_word' id='word_1_111' title='bbox 420 1786 453 1848; x_wconf 77' lang='grc' dir='ltr'><strong><em>ἐν</em></strong></span> <span class='ocrx_word' id='word_1_112' title='bbox 475 1786 584 1860; x_wconf 71' lang='grc' dir='ltr'><strong><em>αὐτοῖς</em></strong></span> <span class='ocrx_word' id='word_1_113' title='bbox 608 1781 824 1848; x_wconf 82' lang='grc' dir='ltr'><strong><em>εἰσπλεόντων.</em></strong></span> <span class='ocrx_word' id='word_1_114' title='bbox 868 1781 923 1846; x_wconf 84' lang='grc' dir='ltr'><strong>καί</strong></span> <span class='ocrx_word' id='word_1_115' title='bbox 950 1787 1078 1862; x_wconf 81' lang='grc' dir='ltr'><strong><em>κατεῖχε</em></strong></span> <span class='ocrx_word' id='word_1_116' title='bbox 1100 1780 1199 1866; x_wconf 78' lang='grc' dir='ltr'><strong><em>φόβος</em></strong></span> <span class='ocrx_word' id='word_1_117' title='bbox 1221 1775 1279 1864; x_wconf 71' lang='grc' dir='ltr'><strong>τὴν</strong></span> <span class='ocrx_word' id='word_1_118' title='bbox 1296 1773 1367 1842; x_wconf 80' lang='grc' dir='ltr'><strong>Βά-</strong></span> 
     </span>
     <span class='ocr_line' id='line_1_16' title="bbox 264 1876 1412 1969; baseline -0.01 -19"><span class='ocrx_word' id='word_1_119' title='bbox 264 1887 374 1964; x_wconf 85' lang='grc' dir='ltr'><strong><em>ζαντος</em></strong></span> <span class='ocrx_word' id='word_1_120' title='bbox 397 1887 455 1949; x_wconf 85' lang='grc' dir='ltr'><strong><em>οιίκ</em></strong></span> <span class='ocrx_word' id='word_1_121' title='bbox 476 1887 645 1969; x_wconf 78' lang='grc' dir='ltr'><strong><em>ἐλάχιστος</em></strong></span> <span class='ocrx_word' id='word_1_122' title='bbox 667 1880 720 1948; x_wconf 83' lang='grc' dir='ltr'><strong><em>διά</em></strong></span> <span class='ocrx_word' id='word_1_123' title='bbox 741 1883 778 1948; x_wconf 83' lang='grc' dir='ltr'><strong><em>τὸ</em></strong></span> <span class='ocrx_word' id='word_1_124' title='bbox 804 1879 1028 1966; x_wconf 80' lang='grc' dir='ltr'><strong><em>α’παράσκενον</em></strong></span> <span class='ocrx_word' id='word_1_125' title='bbox 1049 1882 1084 1945; x_wconf 78' lang='grc' dir='ltr'><strong>ἐκ</strong></span> <span class='ocrx_word' id='word_1_126' title='bbox 1105 1881 1159 1964; x_wconf 78' lang='grc' dir='ltr'><strong>τῆς</strong></span> <span class='ocrx_word' id='word_1_127' title='bbox 1180 1876 1365 1963; x_wconf 78' lang='grc' dir='ltr'><strong><em>α’προόπτον</em></strong></span> <span class='ocrx_word' id='word_1_128' title='bbox 1378 1897 1412 1948; x_wconf 86' lang='lat'><strong>15</strong></span> 
     </span>
     <span class='ocr_line' id='line_1_17' title="bbox 262 1979 1367 2071; baseline -0.009 -20"><span class='ocrx_word' id='word_1_129' title='bbox 262 1985 322 2051; x_wconf 80' lang='grc' dir='ltr'><strong><em>τοῦ</em></strong></span> <span class='ocrx_word' id='word_1_130' title='bbox 342 1983 455 2060; x_wconf 75' lang='grc' dir='ltr'><strong><em>ἔθνους</em></strong></span> <span class='ocrx_word' id='word_1_131' title='bbox 484 1985 662 2071; x_wconf 80' lang='grc' dir='ltr'><strong><em>ἐπιδημίας,</em></strong></span> <span class='ocrx_word' id='word_1_132' title='bbox 711 1979 798 2067; x_wconf 78' lang='grc' dir='ltr'><strong><em>ὅμως</em></strong></span> <span class='ocrx_word' id='word_1_133' title='bbox 824 1981 865 2050; x_wconf 85' lang='grc' dir='ltr'><strong><em>τά</em></strong></span> <span class='ocrx_word' id='word_1_134' title='bbox 884 1979 1113 2066; x_wconf 78' lang='grc' dir='ltr'><strong><em>παρατυχόντα</em></strong></span> <span class='ocrx_word' id='word_1_135' title='bbox 1140 1979 1249 2066; x_wconf 86' lang='grc' dir='ltr'><strong><em>μακρά</em></strong></span> <span class='ocrx_word' id='word_1_136' title='bbox 1270 1985 1367 2044; x_wconf 77' lang='grc' dir='ltr'><strong><em>πλοῖα</em></strong></span> 
     </span>
     <span class='ocr_line' id='line_1_18' title="bbox 264 2081 1367 2168; baseline -0.008 -16"><span class='ocrx_word' id='word_1_137' title='bbox 264 2087 320 2152; x_wconf 83' lang='grc' dir='ltr'><strong>καί</strong></span> <span class='ocrx_word' id='word_1_138' title='bbox 340 2083 452 2160; x_wconf 82' lang='grc' dir='ltr'><strong><em>λοιπὰς</em></strong></span> <span class='ocrx_word' id='word_1_139' title='bbox 473 2081 585 2168; x_wconf 76' lang='grc' dir='ltr'><strong><em>ἑτέρας</em></strong></span> <span class='ocrx_word' id='word_1_140' title='bbox 606 2087 686 2160; x_wconf 78' lang='grc' dir='ltr'><strong><em>ναῦς</em></strong></span> <span class='ocrx_word' id='word_1_141' title='bbox 711 2084 884 2166; x_wconf 85' lang='grc' dir='ltr'><strong><em>πολεμικάς</em></strong></span> <span class='ocrx_word' id='word_1_142' title='bbox 905 2082 922 2146; x_wconf 81' lang='lat' dir='ltr'><strong>d</strong></span> <span class='ocrx_word' id='word_1_143' title='bbox 946 2083 1098 2165; x_wconf 77' lang='grc' dir='ltr'><strong><em>βασιλεύς</em></strong></span> <span class='ocrx_word' id='word_1_144' title='bbox 1118 2082 1367 2166; x_wconf 85' lang='grc' dir='ltr'><strong><em>συστησάμενος,</em></strong></span> 
     </span>
    </p>
   </div>
   <div class='ocr_carea' id='block_1_5' title="bbox 132 2180 1366 2272">
    <p class='ocr_par' dir='ltr' id='par_1_6' title="bbox 132 2180 1366 2272">
     <span class='ocr_line' id='line_1_19' title="bbox 132 2180 1366 2272; baseline -0.003 -24"><span class='ocrx_word' id='word_1_145' title='bbox 132 2239 134 2248; x_wconf 27' lang='grc' dir='ltr'><strong><em>ι</em></strong></span> <span class='ocrx_word' id='word_1_146' title='bbox 219 2202 240 2251; x_wconf 85' lang='grc'><strong>’.</strong></span> <span class='ocrx_word' id='word_1_147' title='bbox 266 2187 322 2252; x_wconf 90' lang='grc' dir='ltr'><strong>καί</strong></span> <span class='ocrx_word' id='word_1_148' title='bbox 344 2187 455 2272; x_wconf 78' lang='grc' dir='ltr'><strong><em>πεζικῇ</em></strong></span> <span class='ocrx_word' id='word_1_149' title='bbox 479 2182 614 2268; x_wconf 80' lang='grc' dir='ltr'><strong><em>δυνάμει</em></strong></span> <span class='ocrx_word' id='word_1_150' title='bbox 645 2184 718 2262; x_wconf 80' lang='grc' dir='ltr'><strong>τούς</strong></span> <span class='ocrx_word' id='word_1_151' title='bbox 750 2186 1002 2271; x_wconf 80' lang='grc' dir='ltr'><strong><em>παρακειμένους</em></strong></span> <span class='ocrx_word' id='word_1_152' title='bbox 1029 2180 1192 2267; x_wconf 81' lang='grc' dir='ltr'><strong><em>αἰγιαλοάς</em></strong></span> <span class='ocrx_word' id='word_1_153' title='bbox 1210 2203 1366 2265; x_wconf 83' lang='grc' dir='ltr'><strong><em>συμπορι-</em></strong></span> 
     </span>
    </p>
   </div>
   <div class='ocr_carea' id='block_1_6' title="bbox 262 2281 1411 2779">
    <p class='ocr_par' dir='ltr' id='par_1_7' title="bbox 262 2281 1411 2779">
     <span class='ocr_line' id='line_1_20' title="bbox 267 2281 1369 2373; baseline -0.006 -22"><span class='ocrx_word' id='word_1_154' title='bbox 267 2286 393 2369; x_wconf 78' lang='grc' dir='ltr'><strong><em>λαβών,</em></strong></span> <span class='ocrx_word' id='word_1_155' title='bbox 421 2289 476 2352; x_wconf 88' lang='grc' dir='ltr'><strong>καί</strong></span> <span class='ocrx_word' id='word_1_156' title='bbox 502 2285 687 2373; x_wconf 74' lang='grc' dir='ltr'><strong><em>προσθήκην</em></strong></span> <span class='ocrx_word' id='word_1_157' title='bbox 715 2281 860 2352; x_wconf 75' lang='grc' dir='ltr'><strong><em>ἑκάστοτε</em></strong></span> <span class='ocrx_word' id='word_1_158' title='bbox 889 2289 945 2369; x_wconf 76' lang='grc' dir='ltr'><strong>τῆς</strong></span> <span class='ocrx_word' id='word_1_159' title='bbox 978 2287 1107 2368; x_wconf 82' lang='grc' dir='ltr'><strong><em>πεζικῆς</em></strong></span> <span class='ocrx_word' id='word_1_160' title='bbox 1136 2284 1192 2347; x_wconf 89' lang='grc' dir='ltr'><strong>καί</strong></span> <span class='ocrx_word' id='word_1_161' title='bbox 1219 2283 1369 2366; x_wconf 71' lang='grc' dir='ltr'><strong><em>ναυτικῆς</em></strong></span> 
     </span>
     <span class='ocr_line' id='line_1_21' title="bbox 267 2377 1411 2502; baseline 0 -50"><span class='ocrx_word' id='word_1_162' title='bbox 267 2383 381 2472; x_wconf 82' lang='grc' dir='ltr'><strong><em>ΐσχιίος</em></strong></span> <span class='ocrx_word' id='word_1_163' title='bbox 387 2385 624 2475; x_wconf 80' lang='grc' dir='ltr'><strong><em>λαμβανούσης</em></strong></span> <span class='ocrx_word' id='word_1_164' title='bbox 645 2385 699 2452; x_wconf 88' lang='grc' dir='ltr'><strong><em>διά</em></strong></span> <span class='ocrx_word' id='word_1_165' title='bbox 719 2387 913 2474; x_wconf 76' lang='grc' dir='ltr'><strong><em>γραμμάτων</em></strong></span> <span class='ocrx_word' id='word_1_166' title='bbox 934 2382 1118 2502; x_wconf 73' lang='grc' dir='ltr'><strong><em>φοιτώντων</em></strong></span> <span class='ocrx_word' id='word_1_167' title='bbox 1138 2387 1184 2463; x_wconf 82' lang='grc' dir='ltr'><strong>εἰς</strong></span> <span class='ocrx_word' id='word_1_168' title='bbox 1205 2383 1264 2460; x_wconf 85' lang='grc' dir='ltr'><strong>τάς</strong></span> <span class='ocrx_word' id='word_1_169' title='bbox 1286 2377 1411 2452; x_wconf 68' lang='lat' dir='ltr'><strong>tardae</strong></span> 
     </span>
     <span class='ocr_line' id='line_1_22' title="bbox 268 2480 1368 2609; baseline -0.006 -55"><span class='ocrx_word' id='word_1_170' title='bbox 268 2486 379 2572; x_wconf 78' lang='grc' dir='ltr'><strong><em>χώραν</em></strong></span> <span class='ocrx_word' id='word_1_171' title='bbox 400 2485 579 2574; x_wconf 78' lang='grc' dir='ltr'><strong><em>ἡγεμονίας,</em></strong></span> <span class='ocrx_word' id='word_1_172' title='bbox 604 2493 637 2555; x_wconf 82' lang='lat' dir='ltr'><strong>s&#39;s</strong></span> <span class='ocrx_word' id='word_1_173' title='bbox 658 2485 763 2578; x_wconf 80' lang='grc' dir='ltr'><strong><em>ἤμέρρι</em></strong></span> <span class='ocrx_word' id='word_1_174' title='bbox 783 2486 894 2577; x_wconf 79' lang='grc' dir='ltr'><strong><em>κράτη</em></strong></span> <span class='ocrx_word' id='word_1_175' title='bbox 916 2488 973 2572; x_wconf 79' lang='grc' dir='ltr'><strong>τῆς</strong></span> <span class='ocrx_word' id='word_1_176' title='bbox 993 2480 1211 2567; x_wconf 73' lang='grc' dir='ltr'><strong><em>ὲβδομάδος“</em></strong></span> <span class='ocrx_word' id='word_1_177' title='bbox 1189 2510 1229 2572; x_wconf 85' lang='grc' dir='ltr'><strong><em>ην</em></strong></span> <span class='ocrx_word' id='word_1_178' title='bbox 1252 2507 1368 2609; x_wconf 81' lang='grc' dir='ltr'><strong><em>κυρια-</em></strong></span> 
     </span>
     <span class='ocr_line' id='line_1_23' title="bbox 262 2584 1368 2690; baseline -0.005 -37"><span class='ocrx_word' id='word_1_179' title='bbox 262 2589 323 2674; x_wconf 79' lang='grc' dir='ltr'><strong><em>’κην</em></strong></span> <span class='ocrx_word' id='word_1_180' title='bbox 344 2585 361 2655; x_wconf 83' lang='grc' dir='ltr'><em>ὅ</em></span> <span class='ocrx_word' id='word_1_181' title='bbox 379 2587 678 2690; x_wconf 82' lang='grc' dir='ltr'><strong><em>χριστιανικοίτοιτος</em></strong></span> <span class='ocrx_word' id='word_1_182' title='bbox 707 2584 775 2655; x_wconf 80' lang='lat' dir='ltr'><strong>atde</strong></span> <span class='ocrx_word' id='word_1_183' title='bbox 809 2587 929 2666; x_wconf 83' lang='grc' dir='ltr'><strong><em>λαὸς’</em></strong></span> <span class='ocrx_word' id='word_1_184' title='bbox 914 2615 947 2656; x_wconf 79' lang='grc' dir='ltr'><strong>εκ</strong></span> <span class='ocrx_word' id='word_1_185' title='bbox 974 2597 1032 2674; x_wconf 80' lang='grc' dir='ltr'><strong>τῆς</strong></span> <span class='ocrx_word' id='word_1_186' title='bbox 1052 2611 1107 2654; x_wconf 90' lang='grc' dir='ltr'><strong>τον</strong></span> <span class='ocrx_word' id='word_1_187' title='bbox 1139 2592 1253 2672; x_wconf 87' lang='grc' dir='ltr'><strong><em>κυρίου</em></strong></span> <span class='ocrx_word' id='word_1_188' title='bbox 1272 2585 1368 2672; x_wconf 73' lang='grc' dir='ltr'><strong><em>ἡμῶν</em></strong></span> 
     </span>
     <span class='ocr_line' id='line_1_24' title="bbox 269 2669 1370 2779; baseline -0.004 -23"><span class='ocrx_word' id='word_1_189' title='bbox 269 2691 489 2775; x_wconf 82' lang='grc' dir='ltr'><strong><em>α’ναστάσεως,</em></strong></span> <span class='ocrx_word' id='word_1_190' title='bbox 502 2669 696 2771; x_wconf 81' lang='grc' dir='ltr'><strong><em>ε’κτάξίις”</em></strong></span> <span class='ocrx_word' id='word_1_191' title='bbox 674 2716 775 2779; x_wconf 85' lang='grc' dir='ltr'><strong><em>αμφω</em></strong></span> <span class='ocrx_word' id='word_1_192' title='bbox 808 2690 865 2767; x_wconf 87' lang='grc' dir='ltr'><strong>τάς</strong></span> <span class='ocrx_word' id='word_1_193' title='bbox 893 2688 1045 2774; x_wconf 85' lang='grc' dir='ltr'><strong><em>δυνάμεις</em></strong></span> <span class='ocrx_word' id='word_1_194' title='bbox 1076 2689 1211 2776; x_wconf 66' lang='grc' dir='ltr'><strong><em>(α’νῆλδε</em></strong></span> <span class='ocrx_word' id='word_1_195' title='bbox 1232 2686 1294 2774; x_wconf 70' lang='grc' dir='ltr'><strong><em>γάρ</em></strong></span> <span class='ocrx_word' id='word_1_196' title='bbox 1315 2683 1370 2752; x_wconf 83' lang='grc' dir='ltr'><strong>καί</strong></span> 
     </span>
    </p>
   </div>
   <div class='ocr_carea' id='block_1_7' title="bbox 263 3000 1371 4068">
    <p class='ocr_par' dir='ltr' id='par_1_8' title="bbox 263 3000 1369 3412">
     <span class='ocr_line' id='line_1_25' title="bbox 263 3000 1367 3072; baseline -0.003 -17"><span class='ocrx_word' id='word_1_197' title='bbox 263 3002 381 3058; x_wconf 79' lang='grc' dir='ltr'><strong><em>,λιαλιιιίιι</em></strong></span> <span class='ocrx_word' id='word_1_198' title='bbox 400 3011 428 3057; x_wconf 89' lang='lat' dir='ltr'><strong>et</strong></span> <span class='ocrx_word' id='word_1_199' title='bbox 440 3001 619 3056; x_wconf 70' lang='lat' dir='ltr'><strong>aemulatione</strong></span> <span class='ocrx_word' id='word_1_200' title='bbox 637 3003 759 3056; x_wconf 87' lang='lat' dir='ltr'><strong>omnibus</strong></span> <span class='ocrx_word' id='word_1_201' title='bbox 777 3010 805 3054; x_wconf 91' lang='lat' dir='ltr'><strong>et</strong></span> <span class='ocrx_word' id='word_1_202' title='bbox 821 3001 1008 3055; x_wconf 70' lang='lat' dir='ltr'><strong>aestimatione</strong></span> <span class='ocrx_word' id='word_1_203' title='bbox 1024 3003 1120 3072; x_wconf 72' lang='lat' dir='ltr'><strong>dignm</strong></span> <span class='ocrx_word' id='word_1_204' title='bbox 1141 3000 1289 3056; x_wconf 79' lang='lat' dir='ltr'><strong>videbatur.</strong></span> <span class='ocrx_word' id='word_1_205' title='bbox 1311 3015 1367 3052; x_wconf 85' lang='lat' dir='ltr'><strong>cum</strong></span> 
     </span>
     <span class='ocr_line' id='line_1_26' title="bbox 263 3073 1368 3143; baseline -0.005 -16"><span class='ocrx_word' id='word_1_206' title='bbox 263 3083 360 3128; x_wconf 37' lang='lat' dir='ltr'><strong>anatem</strong></span> <span class='ocrx_word' id='word_1_207' title='bbox 376 3077 523 3143; x_wconf 87' lang='lat' dir='ltr'><strong>imperandi</strong></span> <span class='ocrx_word' id='word_1_208' title='bbox 543 3075 649 3128; x_wconf 80' lang='lat' dir='ltr'><strong>fortuna</strong></span> <span class='ocrx_word' id='word_1_209' title='bbox 668 3076 773 3126; x_wconf 86' lang='lat' dir='ltr'><strong>incerta</strong></span> <span class='ocrx_word' id='word_1_210' title='bbox 784 3075 830 3137; x_wconf 87' lang='lat' dir='ltr'><strong>sit,</strong></span> <span class='ocrx_word' id='word_1_211' title='bbox 844 3082 982 3127; x_wconf 87' lang='lat' dir='ltr'><strong>accusatus</strong></span> <span class='ocrx_word' id='word_1_212' title='bbox 1000 3083 1028 3125; x_wconf 87' lang='lat' dir='ltr'><strong>et</strong></span> <span class='ocrx_word' id='word_1_213' title='bbox 1045 3074 1089 3125; x_wconf 89' lang='lat' dir='ltr'><strong>bic</strong></span> <span class='ocrx_word' id='word_1_214' title='bbox 1105 3075 1181 3142; x_wconf 84' lang='lat' dir='ltr'><strong>quasi</strong></span> <span class='ocrx_word' id='word_1_215' title='bbox 1200 3073 1368 3133; x_wconf 71' lang='lat' dir='ltr'><strong>meditaretur</strong></span> 
     </span>
     <span class='ocr_line' id='line_1_27' title="bbox 273 3145 1367 3213; baseline -0.004 -15"><span class='ocrx_word' id='word_1_216' title='bbox 273 3147 392 3210; x_wconf 86' lang='lat' dir='ltr'><strong>insidias,</strong></span> <span class='ocrx_word' id='word_1_217' title='bbox 414 3147 503 3198; x_wconf 83' lang='lat' dir='ltr'><strong>exsilii</strong></span> <span class='ocrx_word' id='word_1_218' title='bbox 522 3148 610 3200; x_wconf 88' lang='lat' dir='ltr'><strong>statim</strong></span> <span class='ocrx_word' id='word_1_219' title='bbox 636 3155 663 3198; x_wconf 90' lang='lat' dir='ltr'><strong>et</strong></span> <span class='ocrx_word' id='word_1_220' title='bbox 680 3145 870 3213; x_wconf 79' lang='lat' dir='ltr'><strong>publicationis</strong></span> <span class='ocrx_word' id='word_1_221' title='bbox 895 3145 1025 3197; x_wconf 67' lang='lat' dir='ltr'><strong>Macrum</strong></span> <span class='ocrx_word' id='word_1_222' title='bbox 1045 3154 1073 3196; x_wconf 89' lang='lat' dir='ltr'><strong>et</strong></span> <span class='ocrx_word' id='word_1_223' title='bbox 1090 3154 1218 3198; x_wconf 80' lang='lat' dir='ltr'><strong>tonsurae</strong></span> <span class='ocrx_word' id='word_1_224' title='bbox 1235 3146 1367 3196; x_wconf 84' lang='lat' dir='ltr'><strong>damnatus</strong></span> 
     </span>
     <span class='ocr_line' id='line_1_28' title="bbox 274 3217 1369 3284; baseline -0.004 -15"><span class='ocrx_word' id='word_1_225' title='bbox 274 3225 330 3270; x_wconf 86' lang='lat' dir='ltr'><strong>est.</strong></span> <span class='ocrx_word' id='word_1_226' title='bbox 343 3225 369 3267; x_wconf 88' lang='lat' dir='ltr'><strong>et</strong></span> <span class='ocrx_word' id='word_1_227' title='bbox 384 3232 418 3268; x_wconf 86' lang='lat' dir='ltr'><strong>ex</strong></span> <span class='ocrx_word' id='word_1_228' title='bbox 432 3219 663 3284; x_wconf 85' lang='lat' dir='ltr'><strong>propinquissimia</strong></span> <span class='ocrx_word' id='word_1_229' title='bbox 681 3219 706 3268; x_wconf 85' lang='lat' dir='ltr'><strong>ei</strong></span> <span class='ocrx_word' id='word_1_230' title='bbox 724 3232 802 3280; x_wconf 81' lang='lat' dir='ltr'><strong>uuus,</strong></span> <span class='ocrx_word' id='word_1_231' title='bbox 822 3233 900 3284; x_wconf 84' lang='lat' dir='ltr'><strong>quem</strong></span> <span class='ocrx_word' id='word_1_232' title='bbox 920 3219 998 3270; x_wconf 86' lang='lat' dir='ltr'><strong>etiam</strong></span> <span class='ocrx_word' id='word_1_233' title='bbox 1018 3219 1139 3284; x_wconf 87' lang='lat' dir='ltr'><strong>potentia</strong></span> <span class='ocrx_word' id='word_1_234' title='bbox 1155 3217 1295 3268; x_wconf 82' lang='lat' dir='ltr'><strong>induturus</strong></span> <span class='ocrx_word' id='word_1_235' title='bbox 1312 3230 1369 3266; x_wconf 85' lang='lat' dir='ltr'><strong>esse</strong></span> 
     </span>
     <span class='ocr_line' id='line_1_29' title="bbox 272 3287 1369 3363; baseline -0.002 -24"><span class='ocrx_word' id='word_1_236' title='bbox 272 3287 455 3351; x_wconf 77' lang='lat' dir='ltr'><strong>accusabatur,</strong></span> <span class='ocrx_word' id='word_1_237' title='bbox 478 3288 564 3340; x_wconf 88' lang='lat' dir='ltr'><strong>oculis</strong></span> <span class='ocrx_word' id='word_1_238' title='bbox 583 3290 749 3355; x_wconf 76' lang='lat' dir='ltr'><strong>campaneis</strong></span> <span class='ocrx_word' id='word_1_239' title='bbox 772 3290 893 3355; x_wconf 84' lang='lat' dir='ltr'><strong>privatus</strong></span> <span class='ocrx_word' id='word_1_240' title='bbox 910 3297 959 3341; x_wconf 87' lang='lat' dir='ltr'><strong>est</strong></span> <span class='ocrx_word' id='word_1_241' title='bbox 996 3289 1125 3340; x_wconf 86' lang='lat' dir='ltr'><strong>liberatus</strong></span> <span class='ocrx_word' id='word_1_242' title='bbox 1140 3289 1223 3363; x_wconf 77' lang='lat' dir='ltr'><strong>igitur</strong></span> <span class='ocrx_word' id='word_1_243' title='bbox 1237 3302 1286 3339; x_wconf 81' lang='lat' dir='ltr'><strong>rex</strong></span> <span class='ocrx_word' id='word_1_244' title='bbox 1301 3293 1369 3337; x_wconf 65' lang='lat' dir='ltr'><strong>unta</strong></span> 
     </span>
     <span class='ocr_line' id='line_1_30' title="bbox 265 3357 985 3412; baseline 0.003 -2"><span class='ocrx_word' id='word_1_245' title='bbox 265 3373 337 3411; x_wconf 77' lang='lat' dir='ltr'><strong>‚carra</strong></span> <span class='ocrx_word' id='word_1_246' title='bbox 354 3359 382 3410; x_wconf 92' lang='lat' dir='ltr'><strong>iu</strong></span> <span class='ocrx_word' id='word_1_247' title='bbox 400 3357 511 3411; x_wconf 84' lang='lat' dir='ltr'><strong>alteram</strong></span> <span class='ocrx_word' id='word_1_248' title='bbox 528 3375 618 3412; x_wconf 84' lang='lat' dir='ltr'><strong>rursus</strong></span> <span class='ocrx_word' id='word_1_249' title='bbox 638 3361 864 3411; x_wconf 84' lang='lat' dir='ltr'><strong>necessitudinem</strong></span> <span class='ocrx_word' id='word_1_250' title='bbox 883 3361 985 3412; x_wconf 84' lang='lat' dir='ltr'><strong>incidit.</strong></span> 
     </span>
    </p>

    <p class='ocr_par' dir='ltr' id='par_1_9' title="bbox 270 3428 1371 4068">
     <span class='ocr_line' id='line_1_31' title="bbox 372 3428 1370 3500; baseline -0.003 -19"><span class='ocrx_word' id='word_1_251' title='bbox 372 3428 478 3481; x_wconf 80' lang='lat' dir='ltr'><strong>Rullum</strong></span> <span class='ocrx_word' id='word_1_252' title='bbox 498 3431 567 3482; x_wconf 87' lang='lat' dir='ltr'><strong>euim</strong></span> <span class='ocrx_word' id='word_1_253' title='bbox 586 3433 757 3499; x_wconf 80' lang='lat' dir='ltr'><strong>peregrinum</strong></span> <span class='ocrx_word' id='word_1_254' title='bbox 780 3430 878 3483; x_wconf 82' lang='lat' dir='ltr'><strong>navale</strong></span> <span class='ocrx_word' id='word_1_255' title='bbox 895 3447 980 3500; x_wconf 85' lang='lat' dir='ltr'><strong>usque</strong></span> <span class='ocrx_word' id='word_1_256' title='bbox 1003 3433 1037 3484; x_wconf 84' lang='lat' dir='ltr'><strong>ad</strong></span> <span class='ocrx_word' id='word_1_257' title='bbox 1053 3431 1244 3497; x_wconf 83' lang='lat' dir='ltr'><strong>Propontidem</strong></span> <span class='ocrx_word' id='word_1_258' title='bbox 1261 3443 1370 3496; x_wconf 71' lang='lat' dir='ltr'><strong>regnans</strong></span> 
     </span>
     <span class='ocr_line' id='line_1_32' title="bbox 274 3501 1370 3586; baseline -0.003 -34"><span class='ocrx_word' id='word_1_259' title='bbox 274 3501 427 3568; x_wconf 80' lang='lat' dir='ltr'><strong>occupavit,</strong></span> <span class='ocrx_word' id='word_1_260' title='bbox 456 3517 514 3552; x_wconf 86' lang='lat' dir='ltr'><strong>cum</strong></span> <span class='ocrx_word' id='word_1_261' title='bbox 540 3515 622 3553; x_wconf 83' lang='lat' dir='ltr'><strong>naves</strong></span> <span class='ocrx_word' id='word_1_262' title='bbox 647 3502 762 3568; x_wconf 81' lang='lat' dir='ltr'><strong>Rusicae</strong></span> <span class='ocrx_word' id='word_1_263' title='bbox 791 3503 849 3553; x_wconf 85' lang='lat' dir='ltr'><strong>iere</strong></span> <span class='ocrx_word' id='word_1_264' title='bbox 876 3504 1088 3572; x_wconf 71' lang='lat' dir='ltr'><strong>quadringentae</strong></span> <span class='ocrx_word' id='word_1_265' title='bbox 1112 3503 1138 3553; x_wconf 89' lang='lat' dir='ltr'><strong>id</strong></span> <span class='ocrx_word' id='word_1_266' title='bbox 1159 3503 1370 3586; x_wconf 79' lang='lat' dir='ltr'><strong>aggrederentur</strong></span> 
     </span>
     <span class='ocr_line' id='line_1_33' title="bbox 273 3571 1369 3642; baseline -0.002 -18"><span class='ocrx_word' id='word_1_267' title='bbox 273 3573 419 3625; x_wconf 86' lang='lat' dir='ltr'><strong>instructae</strong></span> <span class='ocrx_word' id='word_1_268' title='bbox 433 3573 551 3625; x_wconf 87' lang='lat' dir='ltr'><strong>armiset</strong></span> <span class='ocrx_word' id='word_1_269' title='bbox 569 3571 634 3624; x_wconf 87' lang='lat' dir='ltr'><strong>belli</strong></span> <span class='ocrx_word' id='word_1_270' title='bbox 655 3573 752 3640; x_wconf 87' lang='lat' dir='ltr'><strong>peritia</strong></span> <span class='ocrx_word' id='word_1_271' title='bbox 773 3582 800 3624; x_wconf 91' lang='lat' dir='ltr'><strong>et</strong></span> <span class='ocrx_word' id='word_1_272' title='bbox 819 3573 988 3639; x_wconf 84' lang='lat' dir='ltr'><strong>multitudine</strong></span> <span class='ocrx_word' id='word_1_273' title='bbox 1008 3589 1111 3638; x_wconf 84' lang='lat' dir='ltr'><strong>eorum,</strong></span> <span class='ocrx_word' id='word_1_274' title='bbox 1131 3575 1222 3642; x_wconf 87' lang='lat' dir='ltr'><strong>quiin</strong></span> <span class='ocrx_word' id='word_1_275' title='bbox 1240 3573 1274 3623; x_wconf 91' lang='lat' dir='ltr'><strong>iis</strong></span> <span class='ocrx_word' id='word_1_276' title='bbox 1293 3571 1369 3622; x_wconf 84' lang='lat' dir='ltr'><strong>navi-</strong></span> 
     </span>
     <span class='ocr_line' id='line_1_34' title="bbox 274 3643 1369 3712; baseline -0.003 -16"><span class='ocrx_word' id='word_1_277' title='bbox 274 3653 387 3712; x_wconf 78' lang='lat' dir='ltr'><strong>gerent:</strong></span> <span class='ocrx_word' id='word_1_278' title='bbox 408 3652 436 3695; x_wconf 89' lang='lat' dir='ltr'><strong>et</strong></span> <span class='ocrx_word' id='word_1_279' title='bbox 462 3644 577 3696; x_wconf 85' lang='lat' dir='ltr'><strong>obtinuit</strong></span> <span class='ocrx_word' id='word_1_280' title='bbox 597 3645 676 3695; x_wconf 85' lang='lat' dir='ltr'><strong>timer</strong></span> <span class='ocrx_word' id='word_1_281' title='bbox 693 3643 821 3710; x_wconf 77' lang='lat' dir='ltr'><strong>Byzantis</strong></span> <span class='ocrx_word' id='word_1_282' title='bbox 840 3645 932 3698; x_wconf 82' lang='lat' dir='ltr'><strong>urbem</strong></span> <span class='ocrx_word' id='word_1_283' title='bbox 955 3661 1010 3697; x_wconf 87' lang='lat' dir='ltr'><strong>non</strong></span> <span class='ocrx_word' id='word_1_284' title='bbox 1027 3647 1151 3696; x_wconf 85' lang='lat' dir='ltr'><strong>minimus</strong></span> <span class='ocrx_word' id='word_1_285' title='bbox 1171 3660 1230 3694; x_wconf 83' lang='lat' dir='ltr'><strong>euru</strong></span> <span class='ocrx_word' id='word_1_286' title='bbox 1251 3657 1307 3694; x_wconf 89' lang='lat' dir='ltr'><strong>uon</strong></span> <span class='ocrx_word' id='word_1_287' title='bbox 1327 3657 1369 3693; x_wconf 91' lang='lat' dir='ltr'><strong>es-</strong></span> 
     </span>
     <span class='ocr_line' id='line_1_35' title="bbox 274 3714 1370 3784; baseline -0.004 -17"><span class='ocrx_word' id='word_1_288' title='bbox 274 3723 334 3768; x_wconf 83' lang='lat' dir='ltr'><strong>sent</strong></span> <span class='ocrx_word' id='word_1_289' title='bbox 350 3717 435 3782; x_wconf 86' lang='lat' dir='ltr'><strong>parati</strong></span> <span class='ocrx_word' id='word_1_290' title='bbox 447 3725 559 3784; x_wconf 87' lang='lat' dir='ltr'><strong>propter</strong></span> <span class='ocrx_word' id='word_1_291' title='bbox 576 3717 788 3783; x_wconf 84' lang='lat' dir='ltr'><strong>inexspectatum</strong></span> <span class='ocrx_word' id='word_1_292' title='bbox 809 3717 902 3784; x_wconf 87' lang='lat' dir='ltr'><strong>populi</strong></span> <span class='ocrx_word' id='word_1_293' title='bbox 914 3719 1065 3769; x_wconf 83' lang='lat' dir='ltr'><strong>adventum.</strong></span> <span class='ocrx_word' id='word_1_294' title='bbox 1105 3726 1194 3768; x_wconf 86' lang='lat' dir='ltr'><strong>tamen</strong></span> <span class='ocrx_word' id='word_1_295' title='bbox 1214 3729 1284 3782; x_wconf 79' lang='lat' dir='ltr'><strong>quae</strong></span> <span class='ocrx_word' id='word_1_296' title='bbox 1305 3714 1370 3764; x_wconf 78' lang='lat' dir='ltr'><strong>torte</strong></span> 
     </span>
     <span class='ocr_line' id='line_1_36' title="bbox 275 3786 1371 3856; baseline -0.002 -20"><span class='ocrx_word' id='word_1_297' title='bbox 275 3786 383 3838; x_wconf 79' lang='lat' dir='ltr'><strong>fortuna</strong></span> <span class='ocrx_word' id='word_1_298' title='bbox 401 3788 519 3851; x_wconf 84' lang='lat' dir='ltr'><strong>aderant,</strong></span> <span class='ocrx_word' id='word_1_299' title='bbox 538 3803 621 3840; x_wconf 85' lang='lat' dir='ltr'><strong>naves</strong></span> <span class='ocrx_word' id='word_1_300' title='bbox 642 3787 737 3856; x_wconf 79' lang='lat' dir='ltr'><strong>longas</strong></span> <span class='ocrx_word' id='word_1_301' title='bbox 759 3795 786 3839; x_wconf 89' lang='lat' dir='ltr'><strong>et</strong></span> <span class='ocrx_word' id='word_1_302' title='bbox 805 3788 909 3856; x_wconf 83' lang='lat' dir='ltr'><strong>reliqua</strong></span> <span class='ocrx_word' id='word_1_303' title='bbox 932 3788 986 3840; x_wconf 84' lang='lat' dir='ltr'><strong>ulia</strong></span> <span class='ocrx_word' id='word_1_304' title='bbox 1004 3789 1114 3855; x_wconf 83' lang='lat' dir='ltr'><strong>navigia</strong></span> <span class='ocrx_word' id='word_1_305' title='bbox 1131 3786 1231 3839; x_wconf 86' lang='lat' dir='ltr'><strong>bellica</strong></span> <span class='ocrx_word' id='word_1_306' title='bbox 1249 3800 1298 3836; x_wconf 84' lang='lat' dir='ltr'><strong>rex</strong></span> <span class='ocrx_word' id='word_1_307' title='bbox 1315 3799 1371 3835; x_wconf 81' lang='lat' dir='ltr'><strong>cnm</strong></span> 
     </span>
     <span class='ocr_line' id='line_1_37' title="bbox 276 3859 1371 3925; baseline -0.001 -19"><span class='ocrx_word' id='word_1_308' title='bbox 276 3859 471 3923; x_wconf 85' lang='lat' dir='ltr'><strong>composuisset</strong></span> <span class='ocrx_word' id='word_1_309' title='bbox 487 3866 515 3909; x_wconf 89' lang='lat' dir='ltr'><strong>et</strong></span> <span class='ocrx_word' id='word_1_310' title='bbox 525 3860 642 3925; x_wconf 86' lang='lat' dir='ltr'><strong>pedestri</strong></span> <span class='ocrx_word' id='word_1_311' title='bbox 654 3861 775 3911; x_wconf 86' lang='lat' dir='ltr'><strong>exercitu</strong></span> <span class='ocrx_word' id='word_1_312' title='bbox 792 3861 881 3911; x_wconf 84' lang='lat' dir='ltr'><strong>vicina</strong></span> <span class='ocrx_word' id='word_1_313' title='bbox 900 3859 979 3914; x_wconf 82' lang='lat' dir='ltr'><strong>litora</strong></span> <span class='ocrx_word' id='word_1_314' title='bbox 996 3861 1128 3911; x_wconf 84' lang='lat' dir='ltr'><strong>firmasset</strong></span> <span class='ocrx_word' id='word_1_315' title='bbox 1146 3872 1260 3925; x_wconf 82' lang='lat' dir='ltr'><strong>cumque</strong></span> <span class='ocrx_word' id='word_1_316' title='bbox 1280 3871 1371 3907; x_wconf 82' lang='lat' dir='ltr'><strong>acces.</strong></span> 
     </span>
     <span class='ocr_line' id='line_1_38' title="bbox 275 3927 1370 3996; baseline 0 -16"><span class='ocrx_word' id='word_1_317' title='bbox 275 3929 377 3980; x_wconf 87' lang='lat' dir='ltr'><strong>sionem</strong></span> <span class='ocrx_word' id='word_1_318' title='bbox 391 3929 508 3996; x_wconf 87' lang='lat' dir='ltr'><strong>undique</strong></span> <span class='ocrx_word' id='word_1_319' title='bbox 522 3930 562 3982; x_wconf 81' lang='lat' dir='ltr'><strong>vis</strong></span> <span class='ocrx_word' id='word_1_320' title='bbox 573 3931 704 3996; x_wconf 88' lang='lat' dir='ltr'><strong>pedestris</strong></span> <span class='ocrx_word' id='word_1_321' title='bbox 725 3938 751 3984; x_wconf 85' lang='lat' dir='ltr'><strong>et</strong></span> <span class='ocrx_word' id='word_1_322' title='bbox 762 3929 867 3980; x_wconf 81' lang='lat' dir='ltr'><strong>navalis</strong></span> <span class='ocrx_word' id='word_1_323' title='bbox 878 3931 1039 3995; x_wconf 87' lang='lat' dir='ltr'><strong>accepisset,</strong></span> <span class='ocrx_word' id='word_1_324' title='bbox 1058 3929 1144 3980; x_wconf 86' lang='lat' dir='ltr'><strong>literis</strong></span> <span class='ocrx_word' id='word_1_325' title='bbox 1162 3944 1231 3996; x_wconf 85' lang='lat' dir='ltr'><strong>quae</strong></span> <span class='ocrx_word' id='word_1_326' title='bbox 1248 3927 1370 3994; x_wconf 73' lang='lat' dir='ltr'><strong>divulga-</strong></span> 
     </span>
     <span class='ocr_line' id='line_1_39' title="bbox 270 3998 1371 4068; baseline -0.005 -14"><span class='ocrx_word' id='word_1_327' title='bbox 270 4007 368 4054; x_wconf 79' lang='lat' dir='ltr'><strong>rentur</strong></span> <span class='ocrx_word' id='word_1_328' title='bbox 380 4000 408 4049; x_wconf 89' lang='lat' dir='ltr'><strong>iu</strong></span> <span class='ocrx_word' id='word_1_329' title='bbox 419 4001 497 4068; x_wconf 81' lang='lat' dir='ltr'><strong>regni</strong></span> <span class='ocrx_word' id='word_1_330' title='bbox 509 4001 629 4067; x_wconf 85' lang='lat' dir='ltr'><strong>imperia,</strong></span> <span class='ocrx_word' id='word_1_331' title='bbox 642 4003 688 4052; x_wconf 92' lang='lat' dir='ltr'><strong>die</strong></span> <span class='ocrx_word' id='word_1_332' title='bbox 699 4001 785 4067; x_wconf 86' lang='lat' dir='ltr'><strong>primo</strong></span> <span class='ocrx_word' id='word_1_333' title='bbox 797 4000 977 4063; x_wconf 84' lang='lat' dir='ltr'><strong>hebdomadis,</strong></span> <span class='ocrx_word' id='word_1_334' title='bbox 988 4016 1066 4066; x_wconf 83' lang='lat' dir='ltr'><strong>quam</strong></span> <span class='ocrx_word' id='word_1_335' title='bbox 1078 4001 1238 4052; x_wconf 84' lang='lat' dir='ltr'><strong>dominicam</strong></span> <span class='ocrx_word' id='word_1_336' title='bbox 1250 3998 1371 4050; x_wconf 80' lang='lat' dir='ltr'><strong>christia.</strong></span> 
     </span>
    </p>
   </div>
   <div class='ocr_carea' id='block_1_8' title="bbox 176 4070 1371 4139">
    <p class='ocr_par' dir='ltr' id='par_1_10' title="bbox 176 4070 1371 4139">
     <span class='ocr_line' id='line_1_40' title="bbox 176 4070 1371 4139; baseline 0.001 -20"><span class='ocrx_word' id='word_1_337' title='bbox 176 4090 178 4100; x_wconf 63' lang='lat'><strong><em>¹</em></strong></span> <span class='ocrx_word' id='word_1_338' title='bbox 275 4070 399 4122; x_wconf 88' lang='lat' dir='ltr'><strong>nissimns</strong></span> <span class='ocrx_word' id='word_1_339' title='bbox 423 4072 500 4122; x_wconf 83' lang='lat' dir='ltr'><strong>novit</strong></span> <span class='ocrx_word' id='word_1_340' title='bbox 519 4071 633 4138; x_wconf 88' lang='lat' dir='ltr'><strong>populus</strong></span> <span class='ocrx_word' id='word_1_341' title='bbox 656 4087 690 4123; x_wconf 82' lang='lat' dir='ltr'><strong>ex</strong></span> <span class='ocrx_word' id='word_1_342' title='bbox 713 4072 813 4123; x_wconf 81' lang='lat' dir='ltr'><strong>doudni</strong></span> <span class='ocrx_word' id='word_1_343' title='bbox 834 4072 920 4121; x_wconf 85' lang='lat' dir='ltr'><strong>nostri</strong></span> <span class='ocrx_word' id='word_1_344' title='bbox 936 4073 1150 4136; x_wconf 82' lang='lat' dir='ltr'><strong>resurrectione,</strong></span> <span class='ocrx_word' id='word_1_345' title='bbox 1175 4079 1314 4139; x_wconf 85' lang='lat' dir='ltr'><strong>postquam</strong></span> <span class='ocrx_word' id='word_1_346' title='bbox 1330 4071 1371 4120; x_wconf 91' lang='lat' dir='ltr'><strong>in-</strong></span> 
     </span>
    </p>
   </div>
   <div class='ocr_carea' id='block_1_9' title="bbox 270 4141 1371 4288">
    <p class='ocr_par' dir='ltr' id='par_1_11' title="bbox 270 4141 1371 4288">
     <span class='ocr_line' id='line_1_41' title="bbox 270 4141 1371 4211; baseline -0.004 -17"><span class='ocrx_word' id='word_1_347' title='bbox 270 4142 374 4194; x_wconf 81' lang='lat' dir='ltr'><strong>struxit</strong></span> <span class='ocrx_word' id='word_1_348' title='bbox 390 4141 481 4194; x_wconf 87' lang='lat' dir='ltr'><strong>ambos</strong></span> <span class='ocrx_word' id='word_1_349' title='bbox 508 4143 660 4194; x_wconf 87' lang='lat' dir='ltr'><strong>exercitus:</strong></span> <span class='ocrx_word' id='word_1_350' title='bbox 681 4141 818 4209; x_wconf 86' lang='lat' dir='ltr'><strong>proiectus</strong></span> <span class='ocrx_word' id='word_1_351' title='bbox 841 4148 883 4192; x_wconf 90' lang='lat' dir='ltr'><strong>est</strong></span> <span class='ocrx_word' id='word_1_352' title='bbox 903 4143 973 4192; x_wconf 86' lang='lat' dir='ltr'><strong>enim</strong></span> <span class='ocrx_word' id='word_1_353' title='bbox 993 4144 1097 4210; x_wconf 87' lang='lat' dir='ltr'><strong>etipse</strong></span> <span class='ocrx_word' id='word_1_354' title='bbox 1116 4157 1177 4193; x_wconf 88' lang='lat' dir='ltr'><strong>cum</strong></span> <span class='ocrx_word' id='word_1_355' title='bbox 1194 4143 1271 4211; x_wconf 70' lang='lat' dir='ltr'><strong>regia</strong></span> <span class='ocrx_word' id='word_1_356' title='bbox 1289 4155 1371 4192; x_wconf 82' lang='lat' dir='ltr'><strong>nass:</strong></span> 
     </span>
     <span class='ocr_line' id='line_1_42' title="bbox 271 4211 1371 4288; baseline -0.007 -16"><span class='ocrx_word' id='word_1_357' title='bbox 271 4220 307 4272; x_wconf 58' lang='lat' dir='ltr'><strong>„tii</strong></span> <span class='ocrx_word' id='word_1_358' title='bbox 324 4226 372 4266; x_wconf 85' lang='lat' dir='ltr'><strong>eos</strong></span> <span class='ocrx_word' id='word_1_359' title='bbox 391 4211 535 4288; x_wconf 76' lang='lat' dir='ltr'><strong>claruerant</strong></span> <span class='ocrx_word' id='word_1_360' title='bbox 555 4213 683 4268; x_wconf 83' lang='lat' dir='ltr'><strong>bellicum</strong></span> <span class='ocrx_word' id='word_1_361' title='bbox 703 4214 784 4266; x_wconf 88' lang='lat' dir='ltr'><strong>edere</strong></span> <span class='ocrx_word' id='word_1_362' title='bbox 802 4213 894 4278; x_wconf 80' lang='lat' dir='ltr'><strong>iussit,</strong></span> <span class='ocrx_word' id='word_1_363' title='bbox 913 4215 1073 4281; x_wconf 84' lang='lat' dir='ltr'><strong>supervenit</strong></span> <span class='ocrx_word' id='word_1_364' title='bbox 1090 4213 1199 4278; x_wconf 86' lang='lat' dir='ltr'><strong>hostes,</strong></span> <span class='ocrx_word' id='word_1_365' title='bbox 1217 4226 1371 4284; x_wconf 77' lang='lat' dir='ltr'><strong>premor-</strong></span> 
     </span>
    </p>
   </div>
   <div class='ocr_carea' id='block_1_10' title="bbox 0 0 1543 4892">
    <p class='ocr_par' dir='ltr' id='par_1_12' title="bbox 0 0 1543 4892">
     <span class='ocr_line' id='line_1_43' title="bbox 0 0 1543 4892; baseline 0 0"><span class='ocrx_word' id='word_1_366' title='bbox 0 0 1543 4892; x_wconf 95' lang='lat' dir='ltr'><strong> </strong></span> 
     </span>
    </p>
   </div>
  </div>
 </body>
</html>
