<?xml version="1.0" encoding="UTF-8"?>
<!DOCTYPE html PUBLIC "-//W3C//DTD XHTML 1.0 Transitional//EN"
    "http://www.w3.org/TR/xhtml1/DTD/xhtml1-transitional.dtd">
<html xmlns="http://www.w3.org/1999/xhtml" xml:lang="en" lang="en">
 <head>
  <title>
</title>
<meta http-equiv="Content-Type" content="text/html;charset=utf-8" />
  <meta name='ocr-system' content='tesseract 3.04.00' />
  <meta name='ocr-capabilities' content='ocr_page ocr_carea ocr_par ocr_line ocrx_word'/>
</head>
<body>
  <div class='ocr_page' id='page_1' title='image "./corpusscriptoru06theogoog/corpusscriptoru06theogoog_0097.png"; bbox 0 0 3017 4892; ppageno 0'>
   <div class='ocr_carea' id='block_1_1' title="bbox 457 284 1281 421">
    <p class='ocr_par' dir='ltr' id='par_1_1' title="bbox 457 284 1281 421">
     <span class='ocr_line' id='line_1_1' title="bbox 457 284 1281 421; baseline 0.002 -16"><span class='ocrx_word' id='word_1_1' title='bbox 457 324 526 395; x_wconf 68' lang='lat'><strong>2‘:</strong></span> <span class='ocrx_word' id='word_1_2' title='bbox 615 284 823 405; x_wconf 74' lang='lat' dir='ltr'><strong>ursionis.</strong></span> <span class='ocrx_word' id='word_1_3' title='bbox 1214 333 1281 421; x_wconf 54' lang='lat' dir='ltr'><strong>tt,</strong></span> 
     </span>
    </p>
   </div>
   <div class='ocr_carea' id='block_1_2' title="bbox 89 496 1405 2694">
    <p class='ocr_par' dir='ltr' id='par_1_2' title="bbox 89 496 1405 2694">
     <span class='ocr_line' id='line_1_2' title="bbox 163 496 1292 593; baseline -0.002 -28"><span class='ocrx_word' id='word_1_4' title='bbox 163 496 355 583; x_wconf 77' lang='grc' dir='ltr'><strong><em>άπρόθυμον</em></strong></span> <span class='ocrx_word' id='word_1_5' title='bbox 386 502 427 586; x_wconf 78' lang='grc' dir='ltr'><strong>τῇ</strong></span> <span class='ocrx_word' id='word_1_6' title='bbox 448 504 506 563; x_wconf 78' lang='grc' dir='ltr'><strong>τοῦ</strong></span> <span class='ocrx_word' id='word_1_7' title='bbox 534 502 750 582; x_wconf 75' lang='grc' dir='ltr'><strong><em>όψωνιιισμοῦ·</em></strong></span> <span class='ocrx_word' id='word_1_8' title='bbox 771 498 952 585; x_wconf 82' lang='grc' dir='ltr'><strong><em>όστερήσει,</em></strong></span> <span class='ocrx_word' id='word_1_9' title='bbox 976 499 1075 567; x_wconf 69' lang='lat' dir='ltr'><strong>elutis</strong></span> <span class='ocrx_word' id='word_1_10' title='bbox 1096 501 1132 567; x_wconf 83' lang='grc' dir='ltr'><strong><em>όέ</em></strong></span> <span class='ocrx_word' id='word_1_11' title='bbox 1153 503 1208 565; x_wconf 84' lang='grc' dir='ltr'><strong><em>καί</em></strong></span> <span class='ocrx_word' id='word_1_12' title='bbox 1226 498 1262 593; x_wconf 85' lang='grc' dir='ltr'><strong>τό</strong></span> <span class='ocrx_word' id='word_1_13' title='bbox 1286 530 1292 541; x_wconf 88' lang='grc'><em>·</em></span> 
     </span>
     <span class='ocr_line' id='line_1_3' title="bbox 162 596 1327 685; baseline 0.002 -22"><span class='ocrx_word' id='word_1_14' title='bbox 162 599 308 663; x_wconf 87' lang='grc' dir='ltr'><strong><em>κάκιστον</em></strong></span> <span class='ocrx_word' id='word_1_15' title='bbox 321 603 427 683; x_wconf 82' lang='grc' dir='ltr'><strong><em>μόρος,</em></strong></span> <span class='ocrx_word' id='word_1_16' title='bbox 448 596 492 675; x_wconf 77' lang='grc' dir='ltr'><strong>ὥς</strong></span> <span class='ocrx_word' id='word_1_17' title='bbox 513 604 575 665; x_wconf 84' lang='grc' dir='ltr'><strong>τών</strong></span> <span class='ocrx_word' id='word_1_18' title='bbox 596 601 781 682; x_wconf 70' lang='grc' dir='ltr'><strong><em>κρειττόνων</em></strong></span> <span class='ocrx_word' id='word_1_19' title='bbox 798 603 1063 682; x_wconf 69' lang='grc' dir='ltr'><strong><em>ἀπελαυνομένων</em></strong></span> <span class='ocrx_word' id='word_1_20' title='bbox 1084 604 1139 685; x_wconf 85' lang='grc' dir='ltr'><strong><em>τ’ής</em></strong></span> <span class='ocrx_word' id='word_1_21' title='bbox 1162 624 1263 685; x_wconf 88' lang='grc' dir='ltr'><strong><em>στρα-</em></strong></span> <span class='ocrx_word' id='word_1_22' title='bbox 1323 675 1327 683; x_wconf 35' lang='grc'><strong><em>,</em></strong></span> 
     </span>
     <span class='ocr_line' id='line_1_4' title="bbox 162 696 1405 783; baseline 0.007 -20"><span class='ocrx_word' id='word_1_23' title='bbox 162 701 249 774; x_wconf 85' lang='grc' dir='ltr'><strong><em>τειάς</em></strong></span> <span class='ocrx_word' id='word_1_24' title='bbox 272 698 325 761; x_wconf 79' lang='grc' dir='ltr'><strong><em>διά</em></strong></span> <span class='ocrx_word' id='word_1_25' title='bbox 344 697 378 763; x_wconf 88' lang='grc' dir='ltr'><strong>τό</strong></span> <span class='ocrx_word' id='word_1_26' title='bbox 400 696 733 783; x_wconf 79' lang='grc' dir='ltr'><strong><em>μείζονοςτνγχάνειν</em></strong></span> <span class='ocrx_word' id='word_1_27' title='bbox 758 700 891 783; x_wconf 74' lang='grc' dir='ltr'><strong><em>βαθμοῦ</em></strong></span> <span class='ocrx_word' id='word_1_28' title='bbox 910 724 944 765; x_wconf 92' lang='grc' dir='ltr'><strong>τε</strong></span> <span class='ocrx_word' id='word_1_29' title='bbox 967 699 1022 765; x_wconf 90' lang='grc' dir='ltr'><strong><em>καί</em></strong></span> <span class='ocrx_word' id='word_1_30' title='bbox 1038 702 1290 782; x_wconf 55' lang='lat' dir='ltr'><strong>absumptum.</strong></span> <span class='ocrx_word' id='word_1_31' title='bbox 1309 718 1360 775; x_wconf 81' lang='lat'><strong>182</strong></span> <span class='ocrx_word' id='word_1_32' title='bbox 1377 733 1405 775; x_wconf 86' lang='grc' dir='ltr'><strong>ν.</strong></span> 
     </span>
     <span class='ocr_line' id='line_1_5' title="bbox 163 796 1262 886; baseline 0.005 -26"><span class='ocrx_word' id='word_1_33' title='bbox 163 796 391 881; x_wconf 71' lang='grc' dir='ltr'><strong><em>καταγνώσεως</em></strong></span> <span class='ocrx_word' id='word_1_34' title='bbox 422 798 479 863; x_wconf 74' lang='lat' dir='ltr'><strong>oris</strong></span> <span class='ocrx_word' id='word_1_35' title='bbox 501 799 585 883; x_wconf 83' lang='grc' dir='ltr'><strong><em>άπήν</em></strong></span> <span class='ocrx_word' id='word_1_36' title='bbox 613 797 649 863; x_wconf 87' lang='grc' dir='ltr'><strong>τό</strong></span> <span class='ocrx_word' id='word_1_37' title='bbox 676 798 861 882; x_wconf 84' lang='grc' dir='ltr'><strong><em>γενόμενον,</em></strong></span> <span class='ocrx_word' id='word_1_38' title='bbox 884 802 1020 886; x_wconf 77' lang='grc' dir='ltr'><strong><em>μηδενὸς</em></strong></span> <span class='ocrx_word' id='word_1_39' title='bbox 1040 803 1187 884; x_wconf 74' lang='grc' dir='ltr'><strong><em>γενναίου</em></strong></span> <span class='ocrx_word' id='word_1_40' title='bbox 1205 825 1262 866; x_wconf 85' lang='grc' dir='ltr'><strong><em>κα·</em></strong></span> 
     </span>
     <span class='ocr_line' id='line_1_6' title="bbox 136 899 1266 984; baseline 0.007 -27"><span class='ocrx_word' id='word_1_41' title='bbox 136 902 401 981; x_wconf 77' lang='grc' dir='ltr'><strong><em>διορθουμένου,</em></strong></span> <span class='ocrx_word' id='word_1_42' title='bbox 437 900 491 965; x_wconf 86' lang='grc' dir='ltr'><strong><em>καί</em></strong></span> <span class='ocrx_word' id='word_1_43' title='bbox 516 903 570 982; x_wconf 83' lang='grc' dir='ltr'><strong>τής</strong></span> <span class='ocrx_word' id='word_1_44' title='bbox 595 899 773 984; x_wconf 83' lang='grc' dir='ltr'><strong>ῬωμαϊκήςΙ</strong></span> <span class='ocrx_word' id='word_1_45' title='bbox 804 904 878 967; x_wconf 86' lang='grc' dir='ltr'><strong>ποτέ</strong></span> <span class='ocrx_word' id='word_1_46' title='bbox 910 904 1182 983; x_wconf 73' lang='grc' dir='ltr'><strong><em>μεγαλοπρεπείας</em></strong></span> <span class='ocrx_word' id='word_1_47' title='bbox 1210 903 1266 965; x_wconf 82' lang='grc' dir='ltr'><strong><em>καί</em></strong></span> 
     </span>
     <span class='ocr_line' id='line_1_7' title="bbox 164 992 1346 1086; baseline 0.002 -25"><span class='ocrx_word' id='word_1_48' title='bbox 164 995 275 1079; x_wconf 84' lang='grc' dir='ltr'><strong><em>ἶσχάος</em></strong></span> <span class='ocrx_word' id='word_1_49' title='bbox 302 998 465 1086; x_wconf 85' lang='grc' dir='ltr'><strong><em>άνάλογον.</em></strong></span> <span class='ocrx_word' id='word_1_50' title='bbox 518 1003 551 1079; x_wconf 84' lang='grc' dir='ltr'><strong>ἐξ</strong></span> <span class='ocrx_word' id='word_1_51' title='bbox 572 992 611 1063; x_wconf 69' lang='lat' dir='ltr'><strong>orl</strong></span> <span class='ocrx_word' id='word_1_52' title='bbox 641 1006 807 1083; x_wconf 77' lang='grc' dir='ltr'><strong><em>συνέβαινε</em></strong></span> <span class='ocrx_word' id='word_1_53' title='bbox 835 998 909 1078; x_wconf 86' lang='grc' dir='ltr'><strong><em>τοάς</em></strong></span> <span class='ocrx_word' id='word_1_54' title='bbox 931 1004 991 1082; x_wconf 86' lang='grc' dir='ltr'><strong>μὲν</strong></span> <span class='ocrx_word' id='word_1_55' title='bbox 1007 996 1185 1082; x_wconf 87' lang='grc' dir='ltr'><strong><em>Ῥωμαίους</em></strong></span> <span class='ocrx_word' id='word_1_56' title='bbox 1206 1001 1266 1064; x_wconf 83' lang='lat' dir='ltr'><strong>do·-</strong></span> <span class='ocrx_word' id='word_1_57' title='bbox 1345 1004 1346 1007; x_wconf 69' lang='grc'>’</span> 
     </span>
     <span class='ocr_line' id='line_1_8' title="bbox 162 1097 1365 1187; baseline 0.007 -25"><span class='ocrx_word' id='word_1_58' title='bbox 162 1103 367 1165; x_wconf 81' lang='grc' dir='ltr'><strong><em>σπαθεῖνκαί</em></strong></span> <span class='ocrx_word' id='word_1_59' title='bbox 379 1100 649 1187; x_wconf 83' lang='grc' dir='ltr'><strong><em>καταπληκτικοός</em></strong></span> <span class='ocrx_word' id='word_1_60' title='bbox 667 1097 910 1186; x_wconf 77' lang='grc' dir='ltr'><strong><em>ήγεῖσθαιαοίες</em></strong></span> <span class='ocrx_word' id='word_1_61' title='bbox 930 1104 1088 1176; x_wconf 80' lang='grc' dir='ltr'><strong><em>ἐναντίους</em></strong></span> <span class='ocrx_word' id='word_1_62' title='bbox 1109 1099 1164 1165; x_wconf 89' lang='grc' dir='ltr'><strong><em>καί</em></strong></span> <span class='ocrx_word' id='word_1_63' title='bbox 1183 1102 1265 1185; x_wconf 80' lang='grc' dir='ltr'><strong><em>μηδὲ</em></strong></span> <span class='ocrx_word' id='word_1_64' title='bbox 1358 1152 1365 1170; x_wconf 80' lang='grc'><strong><em>,</em></strong></span> 
     </span>
     <span class='ocr_line' id='line_1_9' title="bbox 164 1196 1265 1288; baseline 0.003 -26"><span class='ocrx_word' id='word_1_65' title='bbox 164 1196 275 1282; x_wconf 84' lang='grc' dir='ltr'><strong><em>φωνήν</em></strong></span> <span class='ocrx_word' id='word_1_66' title='bbox 295 1196 465 1281; x_wconf 82' lang='grc' dir='ltr'><strong><em>άπομένειν</em></strong></span> <span class='ocrx_word' id='word_1_67' title='bbox 487 1203 614 1281; x_wconf 82' lang='grc' dir='ltr'><strong><em>αότών,</em></strong></span> <span class='ocrx_word' id='word_1_68' title='bbox 637 1204 774 1288; x_wconf 82' lang='grc' dir='ltr'><strong><em>ἐκείνους</em></strong></span> <span class='ocrx_word' id='word_1_69' title='bbox 807 1205 842 1269; x_wconf 83' lang='grc' dir='ltr'><strong>δὲ</strong></span> <span class='ocrx_word' id='word_1_70' title='bbox 865 1198 1098 1287; x_wconf 74' lang='grc' dir='ltr'><strong><em>ἐναβρύνεσθαι</em></strong></span> <span class='ocrx_word' id='word_1_71' title='bbox 1118 1204 1173 1265; x_wconf 85' lang='grc' dir='ltr'><strong><em>καί</em></strong></span> <span class='ocrx_word' id='word_1_72' title='bbox 1193 1201 1265 1285; x_wconf 83' lang='grc' dir='ltr'><strong><em>α’γε-</em></strong></span> 
     </span>
     <span class='ocr_line' id='line_1_10' title="bbox 165 1300 1267 1389; baseline 0.003 -27"><span class='ocrx_word' id='word_1_73' title='bbox 165 1304 281 1381; x_wconf 57' lang='lat' dir='ltr'><strong>popae·</strong></span> <span class='ocrx_word' id='word_1_74' title='bbox 317 1303 372 1365; x_wconf 83' lang='grc' dir='ltr'><strong><em>καί</em></strong></span> <span class='ocrx_word' id='word_1_75' title='bbox 395 1302 476 1381; x_wconf 86' lang='grc' dir='ltr'><strong><em>μετά</em></strong></span> <span class='ocrx_word' id='word_1_76' title='bbox 514 1307 630 1387; x_wconf 88' lang='grc' dir='ltr'><strong><em>πολλής</em></strong></span> <span class='ocrx_word' id='word_1_77' title='bbox 662 1305 927 1389; x_wconf 82' lang='grc' dir='ltr'><strong><em>προσρήγνυσθαι</em></strong></span> <span class='ocrx_word' id='word_1_78' title='bbox 956 1300 1192 1387; x_wconf 68' lang='grc' dir='ltr'><strong><em>πεποιθήσεως,</em></strong></span> <span class='ocrx_word' id='word_1_79' title='bbox 1222 1301 1267 1376; x_wconf 83' lang='grc' dir='ltr'><strong>ώς</strong></span> 
     </span>
     <span class='ocr_line' id='line_1_11' title="bbox 118 1392 1280 1487; baseline 0.005 -27"><span class='ocrx_word' id='word_1_80' title='bbox 118 1400 243 1481; x_wconf 75' lang='grc' dir='ltr'><strong><em>λθπρὸς</em></strong></span> <span class='ocrx_word' id='word_1_81' title='bbox 265 1399 462 1487; x_wconf 85' lang='grc' dir='ltr'><strong><em>ήσσηθέντας</em></strong></span> <span class='ocrx_word' id='word_1_82' title='bbox 484 1403 634 1479; x_wconf 78' lang='grc' dir='ltr'><strong><em>πολλάκις</em></strong></span> <span class='ocrx_word' id='word_1_83' title='bbox 653 1409 863 1486; x_wconf 74' lang='grc' dir='ltr'><strong><em>ποιουμένους</em></strong></span> <span class='ocrx_word' id='word_1_84' title='bbox 893 1404 951 1469; x_wconf 89' lang='grc' dir='ltr'><strong>τόν</strong></span> <span class='ocrx_word' id='word_1_85' title='bbox 979 1405 1125 1485; x_wconf 87' lang='grc' dir='ltr'><strong><em>πόλεμον.</em></strong></span> <span class='ocrx_word' id='word_1_86' title='bbox 1171 1406 1203 1480; x_wconf 81' lang='grc' dir='ltr'><strong>ἐξ</strong></span> <span class='ocrx_word' id='word_1_87' title='bbox 1227 1392 1264 1467; x_wconf 72' lang='grc' dir='ltr'><strong>οἷν</strong></span> <span class='ocrx_word' id='word_1_88' title='bbox 1276 1392 1280 1399; x_wconf 57' lang='grc'>’</span> 
     </span>
     <span class='ocr_line' id='line_1_12' title="bbox 161 1500 1265 1588; baseline 0.002 -25"><span class='ocrx_word' id='word_1_89' title='bbox 161 1506 221 1565; x_wconf 91' lang='grc' dir='ltr'><strong><em>καί</em></strong></span> <span class='ocrx_word' id='word_1_90' title='bbox 238 1525 269 1566; x_wconf 92' lang='grc' dir='ltr'><strong>τι</strong></span> <span class='ocrx_word' id='word_1_91' title='bbox 288 1506 470 1588; x_wconf 73' lang='grc' dir='ltr'><strong><em>συνηνέχθη</em></strong></span> <span class='ocrx_word' id='word_1_92' title='bbox 500 1507 766 1587; x_wconf 75' lang='grc' dir='ltr'><strong><em>παραλογώτατον</em></strong></span> <span class='ocrx_word' id='word_1_93' title='bbox 789 1505 844 1569; x_wconf 82' lang='grc' dir='ltr'><strong><em>καί</em></strong></span> <span class='ocrx_word' id='word_1_94' title='bbox 872 1506 930 1569; x_wconf 84' lang='grc' dir='ltr'><strong>οόκ</strong></span> <span class='ocrx_word' id='word_1_95' title='bbox 951 1504 1043 1569; x_wconf 84' lang='grc' dir='ltr'><strong><em>άνίαν</em></strong></span> <span class='ocrx_word' id='word_1_96' title='bbox 1064 1504 1162 1585; x_wconf 92' lang='grc' dir='ltr'><strong><em>μόνον</em></strong></span> <span class='ocrx_word' id='word_1_97' title='bbox 1177 1500 1265 1588; x_wconf 78' lang='grc' dir='ltr'><strong><em>οίφό-</em></strong></span> 
     </span>
     <span class='ocr_line' id='line_1_13' title="bbox 162 1600 1267 1690; baseline 0.004 -25"><span class='ocrx_word' id='word_1_98' title='bbox 162 1625 255 1685; x_wconf 85' lang='grc' dir='ltr'><strong><em>ρητον</em></strong></span> <span class='ocrx_word' id='word_1_99' title='bbox 267 1603 349 1668; x_wconf 90' lang='grc' dir='ltr'><strong><em>α’λλά</em></strong></span> <span class='ocrx_word' id='word_1_100' title='bbox 369 1610 425 1669; x_wconf 83' lang='grc' dir='ltr'><strong><em>καί</em></strong></span> <span class='ocrx_word' id='word_1_101' title='bbox 437 1611 491 1688; x_wconf 84' lang='grc' dir='ltr'><strong>τής</strong></span> <span class='ocrx_word' id='word_1_102' title='bbox 508 1604 686 1690; x_wconf 78' lang='grc' dir='ltr'><strong><em>Ῥωμαῖκῆς</em></strong></span> <span class='ocrx_word' id='word_1_103' title='bbox 708 1608 909 1687; x_wconf 88' lang='grc' dir='ltr'><strong><em>ἐπικρατειάς</em></strong></span> <span class='ocrx_word' id='word_1_104' title='bbox 923 1606 1076 1690; x_wconf 80' lang='grc' dir='ltr'><strong><em>ἐπιφέρσν</em></strong></span> <span class='ocrx_word' id='word_1_105' title='bbox 1094 1600 1267 1671; x_wconf 74' lang='grc' dir='ltr'><strong><em>ἐλάττωσιν</em></strong></span> 
     </span>
     <span class='ocr_line' id='line_1_14' title="bbox 164 1694 1331 1799; baseline 0.007 -35"><span class='ocrx_word' id='word_1_106' title='bbox 164 1703 220 1767; x_wconf 87' lang='grc' dir='ltr'><strong><em>καί</em></strong></span> <span class='ocrx_word' id='word_1_107' title='bbox 232 1706 344 1786; x_wconf 85' lang='grc' dir='ltr'><strong><em>ι’σχόος</em></strong></span> <span class='ocrx_word' id='word_1_108' title='bbox 363 1706 512 1789; x_wconf 74' lang='grc' dir='ltr'><strong><em>μεγίστης</em></strong></span> <span class='ocrx_word' id='word_1_109' title='bbox 534 1707 719 1789; x_wconf 86' lang='grc' dir='ltr'><strong><em>άφαίρεσιν.</em></strong></span> <span class='ocrx_word' id='word_1_110' title='bbox 1041 1694 1044 1705; x_wconf 62' lang='grc'><strong>’</strong></span> <span class='ocrx_word' id='word_1_111' title='bbox 1327 1788 1331 1799; x_wconf 22' lang='lat' dir='ltr'>f</span> 
     </span>
     <span class='ocr_line' id='line_1_15' title="bbox 89 1800 1270 1892; baseline 0.004 -28"><span class='ocrx_word' id='word_1_112' title='bbox 89 1885 99 1892; x_wconf 19' lang='grc' dir='ltr'>ἢ</span> <span class='ocrx_word' id='word_1_113' title='bbox 268 1800 311 1865; x_wconf 88' lang='grc' dir='ltr'><strong>Τό</strong></span> <span class='ocrx_word' id='word_1_114' title='bbox 330 1804 451 1867; x_wconf 81' lang='grc' dir='ltr'><strong><em>Ἀννίου</em></strong></span> <span class='ocrx_word' id='word_1_115' title='bbox 485 1802 577 1879; x_wconf 90' lang='grc' dir='ltr'><strong><em>πόλις</em></strong></span> <span class='ocrx_word' id='word_1_116' title='bbox 600 1807 670 1869; x_wconf 84' lang='grc' dir='ltr'><strong><em>ἐστί</em></strong></span> <span class='ocrx_word' id='word_1_117' title='bbox 696 1802 818 1891; x_wconf 78' lang='grc' dir='ltr'><strong><em>μεγάλη</em></strong></span> <span class='ocrx_word' id='word_1_118' title='bbox 849 1807 904 1870; x_wconf 86' lang='grc' dir='ltr'><strong><em>καί</em></strong></span> <span class='ocrx_word' id='word_1_119' title='bbox 932 1806 1193 1889; x_wconf 87' lang='grc' dir='ltr'><strong><em>πολυάνθρωπος,</em></strong></span> <span class='ocrx_word' id='word_1_120' title='bbox 1214 1802 1270 1869; x_wconf 86' lang='grc' dir='ltr'><strong><em>καί</em></strong></span> 
     </span>
     <span class='ocr_line' id='line_1_16' title="bbox 119 1900 1268 1991; baseline 0.005 -28"><span class='ocrx_word' id='word_1_121' title='bbox 119 1912 153 1963; x_wconf 85' lang='grc'><strong>15</strong></span> <span class='ocrx_word' id='word_1_122' title='bbox 164 1900 369 1983; x_wconf 84' lang='grc' dir='ltr'><strong><em>πανταχόθεν</em></strong></span> <span class='ocrx_word' id='word_1_123' title='bbox 389 1904 526 1988; x_wconf 81' lang='grc' dir='ltr'><strong><em>τάφροις</em></strong></span> <span class='ocrx_word' id='word_1_124' title='bbox 547 1910 587 1968; x_wconf 87' lang='grc' dir='ltr'><strong>ου’</strong></span> <span class='ocrx_word' id='word_1_125' title='bbox 606 1904 840 1988; x_wconf 81' lang='grc' dir='ltr'><strong><em>χειροποιήτοις</em></strong></span> <span class='ocrx_word' id='word_1_126' title='bbox 864 1900 1121 1991; x_wconf 80' lang='grc' dir='ltr'><strong><em>άλλάφυσικαῖς</em></strong></span> <span class='ocrx_word' id='word_1_127' title='bbox 1143 1904 1268 1971; x_wconf 85' lang='grc' dir='ltr'><strong><em>κοιλάσι</em></strong></span> 
     </span>
     <span class='ocr_line' id='line_1_17' title="bbox 164 2002 1270 2089; baseline 0 -22"><span class='ocrx_word' id='word_1_128' title='bbox 164 2004 220 2067; x_wconf 83' lang='grc' dir='ltr'><strong><em>καί</em></strong></span> <span class='ocrx_word' id='word_1_129' title='bbox 232 2002 464 2080; x_wconf 78' lang='grc' dir='ltr'><strong><em>α’όιεξοδεότοις</em></strong></span> <span class='ocrx_word' id='word_1_130' title='bbox 478 2005 533 2069; x_wconf 82' lang='grc' dir='ltr'><strong><em>καί</em></strong></span> <span class='ocrx_word' id='word_1_131' title='bbox 544 2007 674 2087; x_wconf 77' lang='grc' dir='ltr'><strong><em>πέτραις</em></strong></span> <span class='ocrx_word' id='word_1_132' title='bbox 687 2004 860 2085; x_wconf 79' lang='grc' dir='ltr'><strong><em>οἷποτόμοις</em></strong></span> <span class='ocrx_word' id='word_1_133' title='bbox 875 2008 1198 2089; x_wconf 86' lang='grc' dir='ltr'><strong><em>συμπεριειλημμένη,</em></strong></span> <span class='ocrx_word' id='word_1_134' title='bbox 1214 2006 1270 2071; x_wconf 87' lang='grc' dir='ltr'><strong><em>κἀί</em></strong></span> 
     </span>
     <span class='ocr_line' id='line_1_18' title="bbox 163 2090 1280 2193; baseline 0.003 -27"><span class='ocrx_word' id='word_1_135' title='bbox 163 2105 296 2190; x_wconf 75' lang='grc' dir='ltr'><strong><em>ποταμῷ</em></strong></span> <span class='ocrx_word' id='word_1_136' title='bbox 312 2106 474 2192; x_wconf 76' lang='grc' dir='ltr'><strong><em>βαθυδίνῃ</em></strong></span> <span class='ocrx_word' id='word_1_137' title='bbox 494 2108 550 2169; x_wconf 87' lang='grc' dir='ltr'><strong><em>καί</em></strong></span> <span class='ocrx_word' id='word_1_138' title='bbox 564 2106 675 2193; x_wconf 77' lang='grc' dir='ltr'><strong><em>άβάτην</em></strong></span> <span class='ocrx_word' id='word_1_139' title='bbox 691 2090 976 2193; x_wconf 79' lang='grc' dir='ltr'><strong><em>περιεζωσμίνητό</em></strong></span> <span class='ocrx_word' id='word_1_140' title='bbox 986 2111 1083 2189; x_wconf 84' lang='grc' dir='ltr'><strong><em>μέρος</em></strong></span> <span class='ocrx_word' id='word_1_141' title='bbox 1096 2107 1170 2172; x_wconf 68' lang='grc' dir='ltr'><strong><em>καθ’</em></strong></span> <span class='ocrx_word' id='word_1_142' title='bbox 1192 2099 1280 2189; x_wconf 83' lang='grc' dir='ltr'><strong><em>όπερ.</em></strong></span> 
     </span>
     <span class='ocr_line' id='line_1_19' title="bbox 160 2202 1267 2288; baseline 0.002 -23"><span class='ocrx_word' id='word_1_143' title='bbox 160 2204 344 2284; x_wconf 85' lang='grc' dir='ltr'><strong><em>α’πσρρώγες</em></strong></span> <span class='ocrx_word' id='word_1_144' title='bbox 355 2208 411 2267; x_wconf 88' lang='grc' dir='ltr'><strong><em>καί</em></strong></span> <span class='ocrx_word' id='word_1_145' title='bbox 430 2202 591 2288; x_wconf 82' lang='grc' dir='ltr'><strong><em>φάραγγες</em></strong></span> <span class='ocrx_word' id='word_1_146' title='bbox 603 2206 818 2270; x_wconf 77' lang='grc' dir='ltr'><strong><em>ἐπιλείπουσι·</em></strong></span> <span class='ocrx_word' id='word_1_147' title='bbox 843 2207 898 2270; x_wconf 84' lang='grc' dir='ltr'><strong><em>καί</em></strong></span> <span class='ocrx_word' id='word_1_148' title='bbox 914 2204 1040 2288; x_wconf 85' lang='grc' dir='ltr'><strong><em>βραχάς</em></strong></span> <span class='ocrx_word' id='word_1_149' title='bbox 1055 2209 1120 2273; x_wconf 86' lang='grc' dir='ltr'><strong><em>ἐστι</em></strong></span> <span class='ocrx_word' id='word_1_150' title='bbox 1135 2205 1228 2283; x_wconf 88' lang='grc' dir='ltr'><strong><em>τόπος</em></strong></span> <span class='ocrx_word' id='word_1_151' title='bbox 1245 2204 1267 2268; x_wconf 83' lang='grc' dir='ltr'><strong>,ό</strong></span> 
     </span>
     <span class='ocr_line' id='line_1_20' title="bbox 161 2299 1267 2391; baseline 0.002 -26"><span class='ocrx_word' id='word_1_152' title='bbox 161 2301 221 2376; x_wconf 83' lang='grc' dir='ltr'><strong>τάς</strong></span> <span class='ocrx_word' id='word_1_153' title='bbox 235 2304 402 2387; x_wconf 79' lang='grc' dir='ltr'><strong><em>α’μφόιλσυς</em></strong></span> <span class='ocrx_word' id='word_1_154' title='bbox 413 2301 496 2387; x_wconf 82' lang='grc' dir='ltr'><strong><em>ἔχων</em></strong></span> <span class='ocrx_word' id='word_1_155' title='bbox 506 2310 561 2389; x_wconf 83' lang='grc' dir='ltr'><strong>τῆς</strong></span> <span class='ocrx_word' id='word_1_156' title='bbox 575 2302 706 2385; x_wconf 89' lang='grc' dir='ltr'><strong><em>πόλεως,</em></strong></span> <span class='ocrx_word' id='word_1_157' title='bbox 727 2308 782 2371; x_wconf 86' lang='grc' dir='ltr'><strong><em>καί</em></strong></span> <span class='ocrx_word' id='word_1_158' title='bbox 801 2299 895 2382; x_wconf 73' lang='grc' dir='ltr'><strong><em>οὗτος</em></strong></span> <span class='ocrx_word' id='word_1_159' title='bbox 913 2304 1082 2391; x_wconf 76' lang='grc' dir='ltr'><strong><em>μετεώροις</em></strong></span> <span class='ocrx_word' id='word_1_160' title='bbox 1097 2311 1152 2373; x_wconf 89' lang='grc' dir='ltr'><strong><em>καί</em></strong></span> <span class='ocrx_word' id='word_1_161' title='bbox 1172 2310 1267 2389; x_wconf 80' lang='grc' dir='ltr'><strong><em>ίσχυ.</em></strong></span> 
     </span>
     <span class='ocr_line' id='line_1_21' title="bbox 118 2402 1323 2492; baseline 0.005 -27"><span class='ocrx_word' id='word_1_162' title='bbox 118 2410 229 2484; x_wconf 66' lang='lat' dir='ltr'><strong>toneia</strong></span> <span class='ocrx_word' id='word_1_163' title='bbox 248 2402 477 2487; x_wconf 81' lang='grc' dir='ltr'><strong><em>κατωχάρωται</em></strong></span> <span class='ocrx_word' id='word_1_164' title='bbox 500 2406 628 2489; x_wconf 80' lang='grc' dir='ltr'><strong><em>τείχεσι.</em></strong></span> <span class='ocrx_word' id='word_1_165' title='bbox 682 2407 802 2491; x_wconf 78' lang='grc' dir='ltr'><strong><em>ταύτην</em></strong></span> <span class='ocrx_word' id='word_1_166' title='bbox 825 2407 848 2473; x_wconf 84' lang='grc' dir='ltr'><strong>,ό</strong></span> <span class='ocrx_word' id='word_1_167' title='bbox 881 2410 938 2492; x_wconf 80' lang='grc' dir='ltr'><strong>τῆς</strong></span> <span class='ocrx_word' id='word_1_168' title='bbox 966 2408 1115 2489; x_wconf 82' lang='grc' dir='ltr'><strong><em>άοιόίμον</em></strong></span> <span class='ocrx_word' id='word_1_169' title='bbox 1151 2406 1266 2490; x_wconf 80' lang='grc' dir='ltr'><strong><em>λήξεως</em></strong></span> <span class='ocrx_word' id='word_1_170' title='bbox 1320 2480 1323 2485; x_wconf 47' lang='grc'><strong><em>,</em></strong></span> 
     </span>
     <span class='ocr_line' id='line_1_22' title="bbox 162 2496 1322 2599; baseline 0.004 -32"><span class='ocrx_word' id='word_1_171' title='bbox 162 2502 313 2585; x_wconf 73' lang='grc' dir='ltr'><strong><em>βασιλεὺς</em></strong></span> <span class='ocrx_word' id='word_1_172' title='bbox 334 2503 563 2589; x_wconf 84' lang='grc' dir='ltr'><strong><em>όΜονομάχος</em></strong></span> <span class='ocrx_word' id='word_1_173' title='bbox 579 2507 745 2597; x_wconf 78' lang='grc' dir='ltr'><strong><em>άξιομάχηι</em></strong></span> <span class='ocrx_word' id='word_1_174' title='bbox 768 2507 923 2594; x_wconf 84' lang='grc' dir='ltr'><strong><em>πρότερον</em></strong></span> <span class='ocrx_word' id='word_1_175' title='bbox 943 2513 1078 2599; x_wconf 76' lang='grc' dir='ltr'><strong><em>στρατιᾷ</em></strong></span> <span class='ocrx_word' id='word_1_176' title='bbox 1099 2501 1266 2591; x_wconf 84' lang='grc' dir='ltr'><strong><em>παραστή-</em></strong></span> <span class='ocrx_word' id='word_1_177' title='bbox 1316 2496 1322 2505; x_wconf 52' lang='grc'><strong>’</strong></span> 
     </span>
     <span class='ocr_line' id='line_1_23' title="bbox 131 2604 1266 2694; baseline 0.004 -27"><span class='ocrx_word' id='word_1_178' title='bbox 131 2648 133 2652; x_wconf 91' lang='grc'><strong>-</strong></span> <span class='ocrx_word' id='word_1_179' title='bbox 162 2606 286 2669; x_wconf 86' lang='grc' dir='ltr'><strong><em>σασθαι</em></strong></span> <span class='ocrx_word' id='word_1_180' title='bbox 309 2604 579 2689; x_wconf 76' lang='grc' dir='ltr'><strong><em>διαγωνισάμενος</em></strong></span> <span class='ocrx_word' id='word_1_181' title='bbox 599 2608 657 2672; x_wconf 83' lang='grc' dir='ltr'><strong>οόκ</strong></span> <span class='ocrx_word' id='word_1_182' title='bbox 676 2605 838 2694; x_wconf 84' lang='grc' dir='ltr'><strong><em>η’όννήθη·</em></strong></span> <span class='ocrx_word' id='word_1_183' title='bbox 889 2607 1064 2694; x_wconf 82' lang='grc' dir='ltr'><strong><em>σννθήκᾶις</em></strong></span> <span class='ocrx_word' id='word_1_184' title='bbox 1079 2611 1115 2674; x_wconf 82' lang='grc' dir='ltr'><strong><em>δέ</em></strong></span> <span class='ocrx_word' id='word_1_185' title='bbox 1136 2610 1191 2673; x_wconf 91' lang='grc' dir='ltr'><strong><em>καί</em></strong></span> <span class='ocrx_word' id='word_1_186' title='bbox 1210 2631 1266 2691; x_wconf 78' lang='grc' dir='ltr'><strong>με·</strong></span> 
     </span>
    </p>
   </div>
   <div class='ocr_carea' id='block_1_3' title="bbox 234 2783 564 2865">
    <p class='ocr_par' dir='ltr' id='par_1_3' title="bbox 234 2783 564 2865">
     <span class='ocr_line' id='line_1_24' title="bbox 234 2783 564 2865; baseline 0.012 -20"><span class='ocrx_word' id='word_1_187' title='bbox 234 2792 260 2845; x_wconf 85' lang='grc'><strong>6.</strong></span> <span class='ocrx_word' id='word_1_188' title='bbox 281 2790 437 2865; x_wconf 83' lang='grc' dir='ltr'><strong><em>άνεόλσγον</em></strong></span> <span class='ocrx_word' id='word_1_189' title='bbox 456 2794 486 2849; x_wconf 80' lang='lat' dir='ltr'><strong>O.</strong></span> <span class='ocrx_word' id='word_1_190' title='bbox 560 2783 564 2787; x_wconf 7' lang='grc' dir='ltr'><strong><em>ἐ</em></strong></span> 
     </span>
    </p>
   </div>
   <div class='ocr_carea' id='block_1_4' title="bbox 156 2946 1265 3781">
    <p class='ocr_par' dir='ltr' id='par_1_4' title="bbox 156 2946 1265 3781">
     <span class='ocr_line' id='line_1_25' title="bbox 164 2946 1265 3018; baseline 0.005 -20"><span class='ocrx_word' id='word_1_191' title='bbox 164 2946 233 3018; x_wconf 86' lang='lat' dir='ltr'><strong>citus</strong></span> <span class='ocrx_word' id='word_1_192' title='bbox 255 2962 311 3000; x_wconf 90' lang='lat' dir='ltr'><strong>non</strong></span> <span class='ocrx_word' id='word_1_193' title='bbox 336 2956 392 3000; x_wconf 87' lang='lat' dir='ltr'><strong>crat</strong></span> <span class='ocrx_word' id='word_1_194' title='bbox 419 2956 494 2999; x_wconf 87' lang='lat' dir='ltr'><strong>extra</strong></span> <span class='ocrx_word' id='word_1_195' title='bbox 517 2950 657 3014; x_wconf 86' lang='lat' dir='ltr'><strong>rationem,</strong></span> <span class='ocrx_word' id='word_1_196' title='bbox 685 2951 755 3018; x_wconf 89' lang='lat' dir='ltr'><strong>quod</strong></span> <span class='ocrx_word' id='word_1_197' title='bbox 780 2959 868 3002; x_wconf 89' lang='lat' dir='ltr'><strong>autem</strong></span> <span class='ocrx_word' id='word_1_198' title='bbox 886 2950 972 3001; x_wconf 89' lang='lat' dir='ltr'><strong>nudus</strong></span> <span class='ocrx_word' id='word_1_199' title='bbox 992 2958 1019 3002; x_wconf 90' lang='lat' dir='ltr'><strong>ct</strong></span> <span class='ocrx_word' id='word_1_200' title='bbox 1035 2950 1136 3001; x_wconf 85' lang='lat' dir='ltr'><strong>invitus</strong></span> <span class='ocrx_word' id='word_1_201' title='bbox 1156 2954 1265 3016; x_wconf 85' lang='lat' dir='ltr'><strong>propter</strong></span> 
     </span>
     <span class='ocr_line' id='line_1_26' title="bbox 164 3019 1263 3090; baseline 0.005 -21"><span class='ocrx_word' id='word_1_202' title='bbox 164 3027 325 3071; x_wconf 89' lang='lat' dir='ltr'><strong>commeatus</strong></span> <span class='ocrx_word' id='word_1_203' title='bbox 344 3019 492 3084; x_wconf 87' lang='lat' dir='ltr'><strong>delectum,</strong></span> <span class='ocrx_word' id='word_1_204' title='bbox 515 3023 602 3087; x_wconf 90' lang='lat' dir='ltr'><strong>possis</strong></span> <span class='ocrx_word' id='word_1_205' title='bbox 628 3022 708 3072; x_wconf 90' lang='lat' dir='ltr'><strong>etiam</strong></span> <span class='ocrx_word' id='word_1_206' title='bbox 726 3023 833 3086; x_wconf 85' lang='lat' dir='ltr'><strong>dicere,</strong></span> <span class='ocrx_word' id='word_1_207' title='bbox 854 3022 924 3090; x_wconf 92' lang='lat' dir='ltr'><strong>quod</strong></span> <span class='ocrx_word' id='word_1_208' title='bbox 949 3022 1063 3087; x_wconf 87' lang='lat' dir='ltr'><strong>pessima</strong></span> <span class='ocrx_word' id='word_1_209' title='bbox 1088 3029 1160 3073; x_wconf 82' lang='lat' dir='ltr'><strong>esset</strong></span> <span class='ocrx_word' id='word_1_210' title='bbox 1183 3032 1263 3087; x_wconf 70' lang='lat' dir='ltr'><strong>pars,</strong></span> 
     </span>
     <span class='ocr_line' id='line_1_27' title="bbox 164 3090 1264 3162; baseline -0.001 -21"><span class='ocrx_word' id='word_1_211' title='bbox 164 3106 222 3141; x_wconf 89' lang='lat' dir='ltr'><strong>curn</strong></span> <span class='ocrx_word' id='word_1_212' title='bbox 244 3090 368 3142; x_wconf 77' lang='lat' dir='ltr'><strong>fortiores</strong></span> <span class='ocrx_word' id='word_1_213' title='bbox 386 3092 555 3143; x_wconf 77' lang='lat' dir='ltr'><strong>discederent</strong></span> <span class='ocrx_word' id='word_1_214' title='bbox 574 3095 707 3158; x_wconf 82' lang='lat' dir='ltr'><strong>exercitu,</strong></span> <span class='ocrx_word' id='word_1_215' title='bbox 730 3096 791 3162; x_wconf 87' lang='lat' dir='ltr'><strong>qnia</strong></span> <span class='ocrx_word' id='word_1_216' title='bbox 810 3095 935 3144; x_wconf 86' lang='lat' dir='ltr'><strong>maiorem</strong></span> <span class='ocrx_word' id='word_1_217' title='bbox 956 3091 1177 3160; x_wconf 59' lang='lat' dir='ltr'><strong>adipiscebantur*</strong></span> <span class='ocrx_word' id='word_1_218' title='bbox 1201 3106 1264 3159; x_wconf 89' lang='lat' dir='ltr'><strong>gra.</strong></span> 
     </span>
     <span class='ocr_line' id='line_1_28' title="bbox 162 3162 1263 3230; baseline 0.002 -18"><span class='ocrx_word' id='word_1_219' title='bbox 162 3162 223 3213; x_wconf 90' lang='lat' dir='ltr'><strong>dum</strong></span> <span class='ocrx_word' id='word_1_220' title='bbox 243 3170 270 3213; x_wconf 88' lang='lat' dir='ltr'><strong>ct</strong></span> <span class='ocrx_word' id='word_1_221' title='bbox 288 3172 471 3228; x_wconf 83' lang='lat' dir='ltr'><strong>commeatum,</strong></span> <span class='ocrx_word' id='word_1_222' title='bbox 492 3165 692 3230; x_wconf 85' lang='lat' dir='ltr'><strong>vituperatione</strong></span> <span class='ocrx_word' id='word_1_223' title='bbox 709 3180 763 3216; x_wconf 94' lang='lat' dir='ltr'><strong>non</strong></span> <span class='ocrx_word' id='word_1_224' title='bbox 784 3165 891 3215; x_wconf 81' lang='lat' dir='ltr'>carebat</span> <span class='ocrx_word' id='word_1_225' title='bbox 910 3165 1016 3229; x_wconf 83' lang='lat' dir='ltr'><strong>luctum,</strong></span> <span class='ocrx_word' id='word_1_226' title='bbox 1036 3162 1112 3213; x_wconf 88' lang='lat' dir='ltr'><strong>nulla</strong></span> <span class='ocrx_word' id='word_1_227' title='bbox 1130 3163 1216 3213; x_wconf 91' lang='lat' dir='ltr'><strong>nobili</strong></span> <span class='ocrx_word' id='word_1_228' title='bbox 1234 3180 1263 3214; x_wconf 87' lang='lat' dir='ltr'><strong>rc</strong></span> 
     </span>
     <span class='ocr_line' id='line_1_29' title="bbox 165 3235 1262 3306; baseline 0.002 -22"><span class='ocrx_word' id='word_1_229' title='bbox 165 3241 287 3300; x_wconf 82' lang='lat' dir='ltr'><strong>peracta,</strong></span> <span class='ocrx_word' id='word_1_230' title='bbox 314 3243 341 3285; x_wconf 90' lang='lat' dir='ltr'><strong>ct</strong></span> <span class='ocrx_word' id='word_1_231' title='bbox 364 3250 379 3284; x_wconf 87' lang='lat' dir='ltr'><strong>a</strong></span> <span class='ocrx_word' id='word_1_232' title='bbox 404 3235 505 3287; x_wconf 86' lang='lat' dir='ltr'><strong>Graeca</strong></span> <span class='ocrx_word' id='word_1_233' title='bbox 530 3238 642 3302; x_wconf 86' lang='lat' dir='ltr'><strong>pristina</strong></span> <span class='ocrx_word' id='word_1_234' title='bbox 659 3238 857 3306; x_wconf 84' lang='lat' dir='ltr'><strong>magnificentia</strong></span> <span class='ocrx_word' id='word_1_235' title='bbox 877 3244 904 3287; x_wconf 90' lang='lat' dir='ltr'><strong>ct</strong></span> <span class='ocrx_word' id='word_1_236' title='bbox 920 3236 1017 3287; x_wconf 87' lang='lat' dir='ltr'>robore</span> <span class='ocrx_word' id='word_1_237' title='bbox 1037 3235 1165 3285; x_wconf 84' lang='lat' dir='ltr'><strong>absonum</strong></span> <span class='ocrx_word' id='word_1_238' title='bbox 1186 3242 1262 3299; x_wconf 89' lang='lat' dir='ltr'><strong>erut,</strong></span> 
     </span>
     <span class='ocr_line' id='line_1_30' title="bbox 163 3304 1263 3376; baseline 0.002 -21"><span class='ocrx_word' id='word_1_239' title='bbox 163 3321 214 3373; x_wconf 92' lang='lat' dir='ltr'><strong>qua</strong></span> <span class='ocrx_word' id='word_1_240' title='bbox 234 3321 314 3357; x_wconf 84' lang='lat' dir='ltr'><strong>exre</strong></span> <span class='ocrx_word' id='word_1_241' title='bbox 332 3307 439 3369; x_wconf 85' lang='lat' dir='ltr'><strong>accidit,</strong></span> <span class='ocrx_word' id='word_1_242' title='bbox 458 3315 487 3358; x_wconf 90' lang='lat' dir='ltr'><strong>nt</strong></span> <span class='ocrx_word' id='word_1_243' title='bbox 507 3308 601 3359; x_wconf 89' lang='lat' dir='ltr'><strong>Gracci</strong></span> <span class='ocrx_word' id='word_1_244' title='bbox 627 3318 789 3376; x_wconf 78' lang='lat' dir='ltr'><strong>angerentur</strong></span> <span class='ocrx_word' id='word_1_245' title='bbox 815 3316 840 3359; x_wconf 91' lang='lat' dir='ltr'><strong>et</strong></span> <span class='ocrx_word' id='word_1_246' title='bbox 867 3307 1002 3359; x_wconf 73' lang='lat' dir='ltr'><strong>terribiles</strong></span> <span class='ocrx_word' id='word_1_247' title='bbox 1028 3314 1153 3374; x_wconf 86' lang='lat' dir='ltr'><strong>putarent</strong></span> <span class='ocrx_word' id='word_1_248' title='bbox 1172 3304 1263 3357; x_wconf 86' lang='lat' dir='ltr'><strong>hostes</strong></span> 
     </span>
     <span class='ocr_line' id='line_1_31' title="bbox 162 3378 1264 3445; baseline 0.002 -19"><span class='ocrx_word' id='word_1_249' title='bbox 162 3385 240 3444; x_wconf 88' lang='lat' dir='ltr'><strong>atque</strong></span> <span class='ocrx_word' id='word_1_250' title='bbox 259 3393 294 3427; x_wconf 89' lang='lat' dir='ltr'><strong>ne</strong></span> <span class='ocrx_word' id='word_1_251' title='bbox 316 3393 411 3428; x_wconf 84' lang='lat' dir='ltr'><strong>vocem</strong></span> <span class='ocrx_word' id='word_1_252' title='bbox 439 3379 543 3445; x_wconf 87' lang='lat' dir='ltr'><strong>quidem</strong></span> <span class='ocrx_word' id='word_1_253' title='bbox 571 3395 661 3431; x_wconf 89' lang='lat' dir='ltr'><strong>corum</strong></span> <span class='ocrx_word' id='word_1_254' title='bbox 690 3383 867 3443; x_wconf 82' lang='lat' dir='ltr'><strong>sustinerent,</strong></span> <span class='ocrx_word' id='word_1_255' title='bbox 896 3379 937 3430; x_wconf 93' lang='lat' dir='ltr'><strong>illi</strong></span> <span class='ocrx_word' id='word_1_256' title='bbox 964 3387 1051 3429; x_wconf 87' lang='lat' dir='ltr'><strong>autem</strong></span> <span class='ocrx_word' id='word_1_257' title='bbox 1076 3392 1106 3428; x_wconf 85' lang='lat' dir='ltr'><strong>se</strong></span> <span class='ocrx_word' id='word_1_258' title='bbox 1134 3378 1264 3429; x_wconf 87' lang='lat' dir='ltr'><strong>iactarent</strong></span> 
     </span>
     <span class='ocr_line' id='line_1_32' title="bbox 156 3449 1262 3519; baseline -0.002 -21"><span class='ocrx_word' id='word_1_259' title='bbox 156 3456 190 3507; x_wconf 58' lang='lat' dir='ltr'><strong>vet</strong></span> <span class='ocrx_word' id='word_1_260' title='bbox 209 3449 317 3513; x_wconf 85' lang='lat' dir='ltr'><strong>superbi</strong></span> <span class='ocrx_word' id='word_1_261' title='bbox 337 3456 427 3499; x_wconf 85' lang='lat' dir='ltr'><strong>essent</strong></span> <span class='ocrx_word' id='word_1_262' title='bbox 450 3458 476 3499; x_wconf 90' lang='lat' dir='ltr'><strong>et</strong></span> <span class='ocrx_word' id='word_1_263' title='bbox 501 3451 582 3502; x_wconf 93' lang='lat' dir='ltr'><strong>multa</strong></span> <span class='ocrx_word' id='word_1_264' title='bbox 608 3468 666 3501; x_wconf 91' lang='lat' dir='ltr'><strong>cum</strong></span> <span class='ocrx_word' id='word_1_265' title='bbox 690 3453 786 3503; x_wconf 91' lang='lat' dir='ltr'><strong>liducia</strong></span> <span class='ocrx_word' id='word_1_266' title='bbox 811 3452 1021 3519; x_wconf 78' lang='lat' dir='ltr'><strong>aggrederentur</strong></span> <span class='ocrx_word' id='word_1_267' title='bbox 1046 3459 1075 3503; x_wconf 91' lang='lat' dir='ltr'><strong>ut</strong></span> <span class='ocrx_word' id='word_1_268' title='bbox 1100 3457 1191 3500; x_wconf 87' lang='lat' dir='ltr'><strong>contra</strong></span> <span class='ocrx_word' id='word_1_269' title='bbox 1218 3450 1262 3499; x_wconf 85' lang='lat' dir='ltr'><strong>vi.</strong></span> 
     </span>
     <span class='ocr_line' id='line_1_33' title="bbox 163 3519 1261 3590; baseline 0.002 -23"><span class='ocrx_word' id='word_1_270' title='bbox 163 3528 219 3568; x_wconf 91' lang='lat' dir='ltr'><strong>ctos</strong></span> <span class='ocrx_word' id='word_1_271' title='bbox 242 3534 324 3583; x_wconf 89' lang='lat' dir='ltr'><strong>saepe</strong></span> <span class='ocrx_word' id='word_1_272' title='bbox 342 3526 467 3585; x_wconf 85' lang='lat' dir='ltr'><strong>gerentes</strong></span> <span class='ocrx_word' id='word_1_273' title='bbox 484 3519 594 3584; x_wconf 87' lang='lat' dir='ltr'><strong>bellum,</strong></span> <span class='ocrx_word' id='word_1_274' title='bbox 618 3539 669 3589; x_wconf 90' lang='lat' dir='ltr'><strong>qua</strong></span> <span class='ocrx_word' id='word_1_275' title='bbox 689 3540 722 3574; x_wconf 83' lang='lat' dir='ltr'><strong>cx</strong></span> <span class='ocrx_word' id='word_1_276' title='bbox 749 3540 779 3575; x_wconf 87' lang='lat' dir='ltr'><strong>re</strong></span> <span class='ocrx_word' id='word_1_277' title='bbox 800 3524 878 3573; x_wconf 88' lang='lat' dir='ltr'><strong>etiam</strong></span> <span class='ocrx_word' id='word_1_278' title='bbox 898 3522 998 3590; x_wconf 92' lang='lat' dir='ltr'><strong>aliquid</strong></span> <span class='ocrx_word' id='word_1_279' title='bbox 1019 3522 1131 3589; x_wconf 91' lang='lat' dir='ltr'><strong>contigit</strong></span> <span class='ocrx_word' id='word_1_280' title='bbox 1149 3522 1261 3571; x_wconf 76' lang='lat' dir='ltr'><strong>mamma</strong></span> 
     </span>
     <span class='ocr_line' id='line_1_34' title="bbox 161 3590 1263 3660; baseline 0.003 -23"><span class='ocrx_word' id='word_1_281' title='bbox 161 3590 391 3654; x_wconf 75' lang='lat' dir='ltr'><strong>inexspectatum,</strong></span> <span class='ocrx_word' id='word_1_282' title='bbox 426 3596 452 3637; x_wconf 87' lang='lat' dir='ltr'><strong>et</strong></span> <span class='ocrx_word' id='word_1_283' title='bbox 479 3592 550 3655; x_wconf 90' lang='lat' dir='ltr'><strong>quod</strong></span> <span class='ocrx_word' id='word_1_284' title='bbox 573 3606 627 3642; x_wconf 89' lang='lat' dir='ltr'><strong>non</strong></span> <span class='ocrx_word' id='word_1_285' title='bbox 659 3594 745 3644; x_wconf 91' lang='lat' dir='ltr'><strong>solum</strong></span> <span class='ocrx_word' id='word_1_286' title='bbox 771 3594 965 3660; x_wconf 78' lang='lat' dir='ltr'><strong>aegritudinem</strong></span> <span class='ocrx_word' id='word_1_287' title='bbox 990 3590 1188 3644; x_wconf 62' lang='lat' dir='ltr'><strong>intolerabilem</strong></span> <span class='ocrx_word' id='word_1_288' title='bbox 1215 3590 1263 3641; x_wconf 86' lang='lat' dir='ltr'><strong>sed</strong></span> 
     </span>
     <span class='ocr_line' id='line_1_35' title="bbox 164 3657 1262 3726; baseline 0.001 -19"><span class='ocrx_word' id='word_1_289' title='bbox 164 3660 242 3708; x_wconf 87' lang='lat' dir='ltr'><strong>etiam</strong></span> <span class='ocrx_word' id='word_1_290' title='bbox 262 3657 355 3709; x_wconf 87' lang='lat' dir='ltr'><strong>Graeci</strong></span> <span class='ocrx_word' id='word_1_291' title='bbox 375 3658 539 3724; x_wconf 84' lang='lat' dir='ltr'><strong>principatus</strong></span> <span class='ocrx_word' id='word_1_292' title='bbox 557 3662 665 3717; x_wconf 84' lang='lat' dir='ltr'><strong>allcrret</strong></span> <span class='ocrx_word' id='word_1_293' title='bbox 683 3664 891 3713; x_wconf 86' lang='lat' dir='ltr'><strong>deminutionem</strong></span> <span class='ocrx_word' id='word_1_294' title='bbox 912 3670 939 3711; x_wconf 92' lang='lat' dir='ltr'><strong>et</strong></span> <span class='ocrx_word' id='word_1_295' title='bbox 954 3661 1058 3713; x_wconf 87' lang='lat' dir='ltr'><strong>roboris</strong></span> <span class='ocrx_word' id='word_1_296' title='bbox 1076 3662 1182 3711; x_wconf 80' lang='lat' dir='ltr'><strong>maximi</strong></span> <span class='ocrx_word' id='word_1_297' title='bbox 1203 3660 1262 3726; x_wconf 91' lang='lat' dir='ltr'><strong>pri-</strong></span> 
     </span>
     <span class='ocr_line' id='line_1_36' title="bbox 163 3730 1262 3781; baseline -0.003 0"><span class='ocrx_word' id='word_1_298' title='bbox 163 3730 306 3781; x_wconf 89' lang='lat' dir='ltr'><strong>vationem.</strong></span> <span class='ocrx_word' id='word_1_299' title='bbox 1260 3737 1262 3741; x_wconf 77' lang='grc'>’</span> 
     </span>
    </p>
   </div>
   <div class='ocr_carea' id='block_1_5' title="bbox 161 3816 1350 4317">
    <p class='ocr_par' dir='ltr' id='par_1_5' title="bbox 161 3816 1350 4317">
     <span class='ocr_line' id='line_1_37' title="bbox 194 3816 1350 3887; baseline -0.003 -19"><span class='ocrx_word' id='word_1_300' title='bbox 194 3833 198 3839; x_wconf 82' lang='grc'><strong>’</strong></span> <span class='ocrx_word' id='word_1_301' title='bbox 261 3817 376 3871; x_wconf 81' lang='lat' dir='ltr'><strong>Annium</strong></span> <span class='ocrx_word' id='word_1_302' title='bbox 395 3817 457 3868; x_wconf 89' lang='lat' dir='ltr'><strong>urbs</strong></span> <span class='ocrx_word' id='word_1_303' title='bbox 478 3827 628 3885; x_wconf 85' lang='lat' dir='ltr'><strong>estmagna</strong></span> <span class='ocrx_word' id='word_1_304' title='bbox 648 3826 675 3870; x_wconf 88' lang='lat' dir='ltr'><strong>et</strong></span> <span class='ocrx_word' id='word_1_305' title='bbox 693 3817 829 3869; x_wconf 91' lang='lat' dir='ltr'><strong>hominum</strong></span> <span class='ocrx_word' id='word_1_306' title='bbox 854 3818 987 3871; x_wconf 89' lang='lat' dir='ltr'><strong>abundans</strong></span> <span class='ocrx_word' id='word_1_307' title='bbox 1017 3824 1043 3868; x_wconf 91' lang='lat' dir='ltr'><strong>et</strong></span> <span class='ocrx_word' id='word_1_308' title='bbox 1069 3817 1185 3887; x_wconf 88' lang='lat' dir='ltr'><strong>undique</strong></span> <span class='ocrx_word' id='word_1_309' title='bbox 1204 3816 1262 3871; x_wconf 88' lang='lat' dir='ltr'><strong>los.</strong></span> <span class='ocrx_word' id='word_1_310' title='bbox 1296 3854 1300 3879; x_wconf 76' lang='lat'><strong>.›</strong></span> <span class='ocrx_word' id='word_1_311' title='bbox 1330 3818 1350 3846; x_wconf 51' lang='lat'><strong>*¹</strong></span> 
     </span>
     <span class='ocr_line' id='line_1_38' title="bbox 162 3888 1263 3943; baseline 0 -2"><span class='ocrx_word' id='word_1_312' title='bbox 162 3889 198 3941; x_wconf 89' lang='lat' dir='ltr'><strong>sis</strong></span> <span class='ocrx_word' id='word_1_313' title='bbox 216 3903 271 3938; x_wconf 92' lang='lat' dir='ltr'><strong>non</strong></span> <span class='ocrx_word' id='word_1_314' title='bbox 288 3903 366 3939; x_wconf 86' lang='lat' dir='ltr'><strong>manu</strong></span> <span class='ocrx_word' id='word_1_315' title='bbox 394 3888 472 3940; x_wconf 83' lang='lat' dir='ltr'><strong>factis</strong></span> <span class='ocrx_word' id='word_1_316' title='bbox 499 3889 546 3940; x_wconf 87' lang='lat' dir='ltr'><strong>scd</strong></span> <span class='ocrx_word' id='word_1_317' title='bbox 573 3888 737 3940; x_wconf 88' lang='lat' dir='ltr'><strong>naturalibus</strong></span> <span class='ocrx_word' id='word_1_318' title='bbox 765 3889 881 3941; x_wconf 67' lang='lat' dir='ltr'><strong>vallils</strong></span> <span class='ocrx_word' id='word_1_319' title='bbox 908 3898 934 3939; x_wconf 89' lang='lat' dir='ltr'><strong>et</strong></span> <span class='ocrx_word' id='word_1_320' title='bbox 960 3892 1031 3941; x_wconf 82' lang='lat' dir='ltr'><strong>exitu</strong></span> <span class='ocrx_word' id='word_1_321' title='bbox 1057 3889 1207 3943; x_wconf 88' lang='lat' dir='ltr'><strong>carentibus</strong></span> <span class='ocrx_word' id='word_1_322' title='bbox 1236 3898 1263 3941; x_wconf 90' lang='lat' dir='ltr'><strong>et</strong></span> 
     </span>
     <span class='ocr_line' id='line_1_39' title="bbox 161 3959 1261 4028; baseline -0.002 -18"><span class='ocrx_word' id='word_1_323' title='bbox 161 3960 272 4028; x_wconf 88' lang='lat' dir='ltr'><strong>rupibus</strong></span> <span class='ocrx_word' id='word_1_324' title='bbox 291 3962 441 4027; x_wconf 85' lang='lat' dir='ltr'><strong>praeruptis</strong></span> <span class='ocrx_word' id='word_1_325' title='bbox 460 3962 620 4012; x_wconf 85' lang='lat' dir='ltr'><strong>circumdata</strong></span> <span class='ocrx_word' id='word_1_326' title='bbox 639 3970 666 4012; x_wconf 87' lang='lat' dir='ltr'><strong>ct</strong></span> <span class='ocrx_word' id='word_1_327' title='bbox 687 3959 769 4012; x_wconf 85' lang='lat' dir='ltr'><strong>durio</strong></span> <span class='ocrx_word' id='word_1_328' title='bbox 790 3961 921 4027; x_wconf 84' lang='lat' dir='ltr'><strong>profundo</strong></span> <span class='ocrx_word' id='word_1_329' title='bbox 943 3970 968 4012; x_wconf 88' lang='lat' dir='ltr'><strong>et</strong></span> <span class='ocrx_word' id='word_1_330' title='bbox 987 3963 1125 4013; x_wconf 89' lang='lat' dir='ltr'><strong>inaccesso</strong></span> <span class='ocrx_word' id='word_1_331' title='bbox 1145 3963 1261 4013; x_wconf 91' lang='lat' dir='ltr'><strong>circum..</strong></span> 
     </span>
     <span class='ocr_line' id='line_1_40' title="bbox 164 4031 1261 4108; baseline 0.003 -26"><span class='ocrx_word' id='word_1_332' title='bbox 164 4033 251 4083; x_wconf 90' lang='lat' dir='ltr'><strong>cincta</strong></span> <span class='ocrx_word' id='word_1_333' title='bbox 269 4033 297 4082; x_wconf 90' lang='lat' dir='ltr'><strong>in</strong></span> <span class='ocrx_word' id='word_1_334' title='bbox 317 4046 347 4081; x_wconf 87' lang='lat' dir='ltr'><strong>ea</strong></span> <span class='ocrx_word' id='word_1_335' title='bbox 367 4040 451 4097; x_wconf 88' lang='lat' dir='ltr'><strong>parte,</strong></span> <span class='ocrx_word' id='word_1_336' title='bbox 472 4031 517 4081; x_wconf 90' lang='lat' dir='ltr'><strong>ubi</strong></span> <span class='ocrx_word' id='word_1_337' title='bbox 538 4049 618 4108; x_wconf 75' lang='lat' dir='ltr'><strong>rupes</strong></span> <span class='ocrx_word' id='word_1_338' title='bbox 639 4041 665 4084; x_wconf 91' lang='lat' dir='ltr'><strong>ct</strong></span> <span class='ocrx_word' id='word_1_339' title='bbox 689 4031 777 4084; x_wconf 89' lang='lat' dir='ltr'><strong>valles</strong></span> <span class='ocrx_word' id='word_1_340' title='bbox 800 4033 943 4097; x_wconf 87' lang='lat' dir='ltr'><strong>deliciunt,</strong></span> <span class='ocrx_word' id='word_1_341' title='bbox 968 4040 995 4085; x_wconf 92' lang='lat' dir='ltr'><strong>ct</strong></span> <span class='ocrx_word' id='word_1_342' title='bbox 1015 4033 1105 4084; x_wconf 88' lang='lat' dir='ltr'><strong>brevis</strong></span> <span class='ocrx_word' id='word_1_343' title='bbox 1126 4040 1167 4085; x_wconf 88' lang='lat' dir='ltr'><strong>est</strong></span> <span class='ocrx_word' id='word_1_344' title='bbox 1186 4033 1261 4085; x_wconf 90' lang='lat' dir='ltr'><strong>locus</strong></span> 
     </span>
     <span class='ocr_line' id='line_1_41' title="bbox 162 4104 1261 4173; baseline 0.002 -20"><span class='ocrx_word' id='word_1_345' title='bbox 162 4105 339 4155; x_wconf 81' lang='lat' dir='ltr'><strong>circumsitum</strong></span> <span class='ocrx_word' id='word_1_346' title='bbox 358 4104 428 4154; x_wconf 88' lang='lat' dir='ltr'><strong>viam</strong></span> <span class='ocrx_word' id='word_1_347' title='bbox 445 4106 585 4156; x_wconf 89' lang='lat' dir='ltr'><strong>continens</strong></span> <span class='ocrx_word' id='word_1_348' title='bbox 602 4104 692 4168; x_wconf 89' lang='lat' dir='ltr'><strong>urbis,</strong></span> <span class='ocrx_word' id='word_1_349' title='bbox 713 4112 792 4173; x_wconf 86' lang='lat' dir='ltr'><strong>atquc</strong></span> <span class='ocrx_word' id='word_1_350' title='bbox 812 4104 856 4155; x_wconf 90' lang='lat' dir='ltr'><strong>hic</strong></span> <span class='ocrx_word' id='word_1_351' title='bbox 880 4105 967 4157; x_wconf 85' lang='lat' dir='ltr'><strong>arduis</strong></span> <span class='ocrx_word' id='word_1_352' title='bbox 994 4113 1021 4156; x_wconf 88' lang='lat' dir='ltr'><strong>et</strong></span> <span class='ocrx_word' id='word_1_353' title='bbox 1045 4104 1125 4157; x_wconf 89' lang='lat' dir='ltr'><strong>firmis</strong></span> <span class='ocrx_word' id='word_1_354' title='bbox 1145 4106 1261 4157; x_wconf 83' lang='lat' dir='ltr'><strong>firmatus</strong></span> 
     </span>
     <span class='ocr_line' id='line_1_42' title="bbox 163 4175 1261 4246; baseline 0.003 -22"><span class='ocrx_word' id='word_1_355' title='bbox 163 4183 204 4227; x_wconf 82' lang='lat' dir='ltr'><strong>est</strong></span> <span class='ocrx_word' id='word_1_356' title='bbox 226 4175 317 4227; x_wconf 80' lang='lat' dir='ltr'><strong>muris.</strong></span> <span class='ocrx_word' id='word_1_357' title='bbox 356 4175 424 4227; x_wconf 88' lang='lat' dir='ltr'><strong>hanc</strong></span> <span class='ocrx_word' id='word_1_358' title='bbox 443 4176 535 4227; x_wconf 86' lang='lat' dir='ltr'><strong>urbem</strong></span> <span class='ocrx_word' id='word_1_359' title='bbox 559 4176 710 4227; x_wconf 81' lang='lat' dir='ltr'><strong>celebratae</strong></span> <span class='ocrx_word' id='word_1_360' title='bbox 735 4176 826 4227; x_wconf 91' lang='lat' dir='ltr'><strong>mortis</strong></span> <span class='ocrx_word' id='word_1_361' title='bbox 851 4192 899 4228; x_wconf 83' lang='lat' dir='ltr'><strong>rex</strong></span> <span class='ocrx_word' id='word_1_362' title='bbox 925 4176 1112 4229; x_wconf 87' lang='lat' dir='ltr'><strong>llonomacbus</strong></span> <span class='ocrx_word' id='word_1_363' title='bbox 1146 4176 1261 4246; x_wconf 88' lang='lat' dir='ltr'><strong>pugnaci</strong></span> 
     </span>
     <span class='ocr_line' id='line_1_43' title="bbox 163 4246 1280 4317; baseline 0.002 -22"><span class='ocrx_word' id='word_1_364' title='bbox 163 4254 241 4299; x_wconf 89' lang='lat' dir='ltr'><strong>antea</strong></span> <span class='ocrx_word' id='word_1_365' title='bbox 260 4246 380 4299; x_wconf 85' lang='lat' dir='ltr'><strong>exercitu</strong></span> <span class='ocrx_word' id='word_1_366' title='bbox 404 4248 539 4301; x_wconf 87' lang='lat' dir='ltr'><strong>subiicere</strong></span> <span class='ocrx_word' id='word_1_367' title='bbox 558 4249 722 4301; x_wconf 87' lang='lat' dir='ltr'><strong>contendens</strong></span> <span class='ocrx_word' id='word_1_368' title='bbox 742 4262 796 4300; x_wconf 90' lang='lat' dir='ltr'><strong>non</strong></span> <span class='ocrx_word' id='word_1_369' title='bbox 824 4249 920 4316; x_wconf 87' lang='lat' dir='ltr'><strong>potuit,</strong></span> <span class='ocrx_word' id='word_1_370' title='bbox 942 4249 1108 4317; x_wconf 83' lang='lat' dir='ltr'><strong>pactionibus</strong></span> <span class='ocrx_word' id='word_1_371' title='bbox 1128 4257 1215 4301; x_wconf 87' lang='lat' dir='ltr'><strong>autem</strong></span> <span class='ocrx_word' id='word_1_372' title='bbox 1235 4252 1280 4305; x_wconf 75' lang='lat' dir='ltr'><strong>ct,</strong></span> 
     </span>
    </p>
   </div>
   <div class='ocr_carea' id='block_1_6' title="bbox 0 0 1514 4892">
    <p class='ocr_par' dir='ltr' id='par_1_6' title="bbox 0 0 1514 4892">
     <span class='ocr_line' id='line_1_44' title="bbox 0 0 1514 4892; baseline 0 1"><span class='ocrx_word' id='word_1_373' title='bbox 0 0 1514 4892; x_wconf 95' lang='lat' dir='ltr'><strong> </strong></span> 
     </span>
    </p>
   </div>
  </div>
 </body>
</html>
