3017 4892
159 341 164 355 ,
264 318 309 389 ro
554 279 771 384 urcusnuis
788 302 1058 383 'smsuoms
1117 370 1120 378 ,

260 505 325 551 ναι.
342 482 382 548 τά
413 482 489 563 περί
521 477 574 544 τὸν
604 482 737 559 πόλεμον
771 465 968 562 εὐθαρσεῖς,
1001 475 1057 542 καί
1086 478 1142 561 τῆς
1171 477 1375 563 ἐνοχλούσης

261 585 429 656 α’σθενείας
457 579 689 661 ἐπιλαθόμενος
717 582 788 664 (καί
811 575 874 662 γάρ
896 573 936 662 ήν
962 587 1026 654 τοῖς
1054 581 1289 663 ἐπιληπτικοῖς,
1321 579 1375 656 ὥς

262 685 298 748 tl
324 705 407 758 τινις
434 686 677 764 μελαγχολικοῖς
709 677 885 765 κάτοχος),
920 682 1036 745 βάττον
1074 681 1107 758 ἐξ
1139 675 1273 746 dcccciv
1301 683 1375 746 ταῖν

142 829 144 834 -
261 785 425 867 ἐπαρχιῶν
446 782 662 864 συνεστήσατο
678 771 856 867 ’σορατιάγ,
874 778 930 844 καί
950 779 1031 860 μετά
1052 784 1117 846 τάν
1138 777 1305 863 δυνάμεων
1325 783 1375 868 τῇ

171 963 173 966 ,
261 887 402 973 Σαρδεκή
423 889 462 973 τῇ
483 887 539 948 ν’άν
562 886 712 971 λεγομένῃ
743 885 914 970 Τριαδίτζῃ
936 883 991 947 κατ’
1020 882 1061 945 δι’
1083 883 1182 967 ου’τής
1203 881 1405 969 Ἰλλυριιιῷὅ

260 983 454 1068 προσβαλών
476 984 555 1049 κατά
582 981 696 1065 κράτος
726 981 801 1057 τούς
830 979 1113 1066 άποστατήσαντας
1142 981 1371 1065 conuenere,

261 1085 316 1151 καί
337 1087 394 1170 τήν
414 1085 526 1168 χώραν
550 1084 658 1150 αάτάν
691 1081 810 1167 πολλήν
835 1082 896 1149 ’καί
920 1083 1062 1168 μεγάλην
1092 1082 1149 1147 καί
1177 1077 1372 1164 στενόπορον

262 1177 386 1268 οὖσαν,
421 1187 476 1250 καί
499 1184 627 1270 χρόνοις
653 1192 780 1272 πολλοῖς
810 1187 1098 1270 άνταγανιζομένην
1128 1191 1193 1260 τοῖς
1220 1179 1283 1266 πρὸ
1310 1179 1374 1246 τοῦ

260 1290 429 1368 βασιλεῦσι
453 1285 507 1353 διά
530 1286 562 1352 τὸ
580 1286 787 1376 Ιιλυσεξίτητον
806 1286 868 1350 τῶν
892 1289 1020 1372 ε’ναάτῇ
1040 1287 1202 1364 aeturus,
1225 1285 1373 1366 ἰσχυροῖς

175 1441 180 1448 .
261 1387 492 1472 παρεστήσατο,
515 1392 570 1452 καί
589 1385 702 1471 άθιγής
727 1383 849 1451 ἐκεῖθεν
870 1387 1026 1467 άνίζευξε,
1048 1383 1087 1450 τά
1109 1388 1144 1450 ἐν
1155 1386 1255 1472 ταύτῃ
1268 1409 1373 1448 κατα-
1383 1398 1420 1452 10

261 1489 455 1574 στησάμενος
477 1491 736 1575 πράγματα,καί
757 1485 814 1551 τόν
836 1491 978 1574 άπιφανή
999 1487 1154 1572 λαμπράς
1174 1485 1370 1570 κατηγάγετο

260 1593 434 1672 θρίαμβον,
476 1595 533 1655 καί
553 1593 661 1674 α’γάνα
680 1586 808 1654 ἱππικόν
829 1613 865 1654 τε
884 1587 940 1654 καί
958 1586 1087 1668 πεζικὸν
1106 1577 1263 1671 ἑορτάσας
1281 1582 1368 1650 σάτον

261 1691 303 1756 δι’
325 1691 433 1775 άλίγοο
453 1688 510 1757 τὸν
531 1693 673 1758 ἐνταῦθα
695 1689 768 1773 βίον
789 1695 1010 1775 κατέστρεψε,
1040 1685 1155 1773 πολλά4
1172 1687 1235 1771 τής
1250 1687 1368 1770 άρετής

262 1790 443 1858 καταλιπών
466 1769 685 1878 εἶκονισμῗιτα,
708 1790 806 1877 ζήσας
827 1795 861 1857 ἒν
881 1792 920 1880 τῇ
939 1792 1086 1878 βασιλείᾳ
1100 1784 1245 1874 ’χρόνους
1266 1785 1290 1867 ζ’
1310 1786 1369 1850 καί

260 1894 363 1976 μῖνος
387 1891 421 1973 l'·
608 1917 610 1924 ·
926 1925 929 1928 ·
1376 1909 1413 1962 15

139 2013 253 2074 ..1041
368 1997 435 2078 Τής
452 1997 487 2060 δὲ
506 1998 651 2080 συζύγου
685 1995 816 2070 τούτου,
834 1999 889 2060 καί
915 1995 1080 2075 βασιλίδος
1113 1994 1208 2075 Ζοιής
1236 1991 1270 2056 ἐν
1299 1995 1365 2070 τοῖς

263 2090 342 2159 κατά
375 2092 463 2160 νότον
494 2095 678 2179 α’νακτόροις
708 2089 943 2179 ἐπανελθοάσης
970 2092 1049 2160 π’πά·
1068 2094 1131 2157 τάν
1156 2092 1366 2174 βορειοτέραν

263 2195 369 2278 μεροῖν
391 2199 448 2280 τής
472 2191 592 2270 πόλεως
616 2199 732 2280 (desios
755 2195 816 2279 γάρ
836 2193 852 2259 ὅ
874 2192 1026 2275 βασιλεὺς
1039 2185 1364 2277 περίτήνεάνᾶγίοον

265 2293 454 2379 άναργάροον
475 2294 583 2378 μονήν·
599 2293 651 2360 τὸν
670 2298 751 2378 χοῦν
772 2297 959 2382 ἐναπέθετο)
979 2292 1130 2377 σάλλογος
1151 2284 1220 2376 εἶχε
1230 2289 1288 2374 τήν
1305 2309 1365 2369 με·

261 2389 446 2478 γαλόιιολιν,
465 2394 552 2460 καθά
577 2401 669 2482 φιλεῖ
688 2403 758 2472 ταῖς
778 2401 969 2481 μεταβολαῖς
990 2397 1053 2460 τῶν
1072 2389 1269 2478 πραγμάτων
1280 2391 1410 2472 tyri-20

262 2498 386 2558 νεσβαι.
431 2497 471 2560 ου’
490 2494 569 2580 nolti
593 2493 629 2560 τά
654 2497 687 2560 ἒν
707 2499 808 2585 μίσιρ,
828 2495 884 2561 καί
902 2491 1065 2578 βασιλεὺς
1078 2491 1363 2578 άνηγορεάθηΜι-

76 2593 89 2606 ”
181 2665 188 2680 ,
262 2591 348 2677 χαήλ
372 2595 389 2660 ὁ
414 2600 471 2660 rori
492 2595 748 2682 προαπελθόντος
770 2597 1147 2682 βασιλέαςάδελῑηιδοῦς,
1168 2596 1225 2678 τήν
1236 2594 1363 2658 Καίσα-

334 2765 360 2816 5.
379 2767 506 2841 τραλιτζγ
525 2765 563 2820 0:
585 2767 703 2832 correxit
718 2755 898 2819 Brunetuss
971 2763 997 2816 6.
1018 2755 1173 2836 προλαβών
1191 2759 1222 2814 G.
1318 2758 1359 2810 13.

332 2836 413 2909 μετ”λ
504 2834 545 2892 14.
566 2838 743 2894 καταλειπάν
762 2837 791 2891 0.
1309 2873 1313 2882 -

154 3057 155 3060 Ἴ
266 2999 294 3044 et
311 3007 410 3061 aegrae
427 2993 587 3062 inflrmitetis
606 2994 704 3047 oblitus
725 2992 839 3062 (etenim
857 2999 914 3044 erat
933 2990 1105 3059 epilepticis,
1136 2989 1196 3043 sire
1213 2986 1361 3057 etquidem

265 3065 372 3116 tradunt
388 3064 592 3118 melancholicis
609 3065 713 3119 casibus
728 3064 873 3132 obnoxius)
894 3063 1021 3115 celeriter
1036 3079 1070 3114 ex
1080 3060 1201 3113 omnibns
1216 3059 1361 3127 provinciis

267 3137 405 3188 constituit
424 3139 577 3190 exercitum.
600 3147 626 3189 et
645 3153 703 3188 cnm
722 3137 808 3202 copiis
816 3135 953 3189 Sardicum
971 3149 1073 3202 agrum,
1094 3147 1253 3202 qnemnune
1267 3137 1363 3183 vocant

266 3207 462 3272 Triadituicum,
483 3216 510 3259 et
529 3209 608 3261 huius
630 3224 681 3275 ope
699 3207 838 3274 illyricum
859 3221 1003 3272 occupans,
1023 3205 1129 3256 fortiter
1148 3219 1204 3267 eos,
1224 3202 1269 3271 qui
1286 3201 1362 3253 dele-

267 3285 378 3342 ccrant‚
405 3278 490 3344 vicit,
521 3287 547 3330 et
565 3285 661 3332 terram
683 3293 773 3330 eorum
791 3278 901 3330 multam
922 3285 949 3328 ct
967 3275 1092 3346 magnam
1109 3284 1136 3327 et
1154 3280 1309 3341 angustam,
1338 3279 1363 3322 et

267 3349 431 3416 temporibus
458 3349 549 3402 multis
573 3353 743 3402 resistentem
771 3349 905 3416 prioribus
931 3349 1040 3417 regibus
1065 3354 1174 3414 propter
1201 3346 1276 3396 iuria
1304 3343 1362 3395 loca

267 3420 378 3474 uallium
398 3435 521 3485 suerum,
550 3421 656 3473 sortiter
680 3421 731 3474 sibi
757 3420 873 3473 subiecit
897 3430 925 3472 et
948 3429 1019 3473 tutus
1049 3419 1098 3470 hec
1117 3434 1147 3469 re
1167 3424 1253 3467 cestra
1272 3415 1361 3475 morit,

165 3515 168 3522 ·
266 3499 407 3560 postquam
427 3494 485 3544 eius
504 3501 592 3545 terreo
612 3495 762 3560 composuit
779 3508 833 3557 res,
854 3501 880 3544 et
898 3492 1031 3545 illustrem
1050 3491 1123 3542 clare
1145 3487 1295 3554 reportarit
1319 3485 1362 3567 ri3

219 3589 223 3598 «
267 3563 397 3616 ctorism:
417 3571 444 3614 et
466 3580 523 3615 cum
542 3573 675 3617 certamen
695 3573 820 3633 equestre
838 3573 918 3632 atque
937 3565 1061 3631 pedestre
1081 3560 1260 3620 celebrasset,
1284 3555 1362 3608 brevi

265 3636 347 3689 uitam
367 3635 435 3687 hunc
455 3644 587 3689 terrenam
606 3637 715 3701 linivit,
734 3635 825 3688 multis
845 3638 950 3688 virtutis
967 3635 1071 3687 relictis
1097 3633 1201 3699 signis3
1227 3636 1362 3696 postquam

265 3707 334 3759 uixit
352 3707 379 3759 iu
397 3708 509 3775 imperio
528 3723 612 3761 anuos
630 3715 733 3775 septem
753 3717 780 3760 et
797 3723 903 3761 menses
918 3715 1029 3776 septem.

365 3794 429 3848 Cum
449 3805 536 3849 autem
555 3813 623 3848 uxor
644 3799 700 3849 eius
724 3805 750 3849 ct
769 3797 863 3866 regina
882 3776 1103 3863 Zociu¹regiam
1124 3791 1156 3844 ed
1174 3789 1311 3872 meridiem
1325 3787 1362 3869 si.

264 3875 316 3918 tam
335 3867 462 3920 rediisset
480 3883 513 3918 ex
531 3869 649 3936 pertibus
667 3870 752 3938 magis
775 3870 807 3921 ad
826 3870 1023 3935 septentriones
1044 3865 1130 3917 versis
1148 3862 1223 3914 urbis
1233 3860 1285 3930 (ibi
1297 3873 1362 3909 emm

265 3951 314 3988 rex
333 3939 365 3989 ad
384 3937 429 3990 SS.
450 3940 648 4007 Anargyrorum
666 3941 855 3992 monesterium
875 3938 997 4006 sepultus
1018 3941 1073 4006 est)
1094 3941 1243 3987 conventus
1267 3929 1363 3997 imple.

265 4013 306 4062 vit
323 4008 424 4074 urbem,
444 4011 513 4062 sicut
532 4011 601 4065 solet
617 4013 644 4062 in
664 4008 856 4064 mutationibus
870 4025 958 4061 rerum
972 4009 1040 4060 lieri.
1079 4022 1132 4060 nou
1147 4004 1230 4057 multo
1247 4011 1363 4068 tempore

266 4082 410 4134 interiecto
429 4097 477 4133 rex
497 4092 600 4136 creatus
621 4094 661 4137 est
679 4081 793 4138 bliebuel
816 4082 890 4148 regis
908 4081 1027 4131 defuncti
1054 4092 1139 4146 nepos
1158 4075 1282 4130 Caesaris
1306 4087 1364 4124 sor-

267 4159 323 4204 tem
344 4169 377 4203 ex
397 4152 488 4206 multis
508 4153 608 4206 habens
629 4156 715 4220 aunis,
741 4152 838 4205 deinde
863 4153 939 4220 regia
963 4153 1107 4218 adoptione
1135 4148 1220 4202 luctus
1249 4145 1320 4198 lilius
1340 4151 1365 4193 et

223 4247 227 4260 ¹
273 4222 494 4284 iuribusiuruudis
514 4223 718 4303 terribilissimis
739 4241 793 4278 uon
812 4231 976 4291 atramento,
995 4224 1043 4276 scd
1061 4219 1192 4289 sanguine
1216 4220 1364 4284 incorrupto
