3017 4892
200 382 204 385 .
264 320 337 397 rao
439 290 445 299 ’
552 311 772 387 menium
809 310 1068 383 lrrluoruu
1128 356 1132 361 *-

262 478 364 545 οότοό
394 478 448 545 καί
474 479 737 563 προιμπλιικῆναι
771 476 846 561 ἧμῖν
878 475 1112 558 παροδεύουσι,
1139 474 1195 535 καί
1222 472 1284 533 τοῦ
1305 470 1386 535 τῶν

262 572 449 645 ἑαλωκότων
470 574 629 662 πλήθους,
656 576 701 654 σός
727 580 784 642 σόν
819 569 857 661 ἧν
879 579 912 641 ἐν
930 583 995 649 τοῖς
1013 569 1157 655 μάλιστα
1179 572 1261 655 μηδὲ
1287 568 1386 652 πρὸς

263 678 340 755 τσός
358 678 472 745 ἑκατόν
492 680 662 758 άποσοδζον
682 671 819 762 ἄνδρας·
863 679 907 754 σός
929 671 1121 759 εἶναιδῆλον
1140 666 1240 737 ότιεό
1264 670 1384 753 στρά-

262 804 363 863 τευμα
385 781 508 856 τοότοις
529 780 647 863 σχεδόν
667 776 911 863 άνεπαισθητως
941 775 1207 861 η’κριοτηράτσται,
1232 774 1305 837 ι”πεί
1325 772 1382 859 τῷ

263 878 350 946 ἔθνει
367 880 470 969 τοότιρ
492 882 586 945 ου’δὲν
607 876 627 963 ἦ
646 879 780 963 τοιαύτη
798 871 887 963 ἧττα,
910 881 965 943 καί
987 871 1058 941 ὅσοι
1073 873 1173 962 ταότη
1195 867 1415 958 παραπλὴ-5

263 1003 343 1066 κιαι,
364 983 525 1048 δουλῶσαι
546 977 752 1066 δεδύνηνται·
795 981 912 1045 θάττον
930 976 992 1062 γάρ
1014 972 1148 1049 ἑαυτοὺς
1168 968 1379 1037 άνακιιλσόν.
1398 992 1411 1000 ’

262 1106 316 1145 ται
334 1078 365 1147 οἱ
385 1078 652 1164 στρατευόμενοι,
681 1084 737 1146 καί
760 1074 855 1145 πάλιν
886 1081 932 1155 εἰς
958 1077 1067 1161 μάχην
1085 1077 1379 1139 ἀντικαθίστανται.

263 1180 318 1246 κατ’
336 1179 389 1245 διά
412 1181 506 1246 τοῦτο
526 1178 561 1246 εἴ
572 1205 621 1255 τις
642 1181 872 1265 καταλειφθείη
893 1188 993 1263 μοῖρα
1010 1178 1195 1260 Ῥωμαίων,
1226 1176 1378 1257 ἀγεννεῖς

263 1278 419 1367 ἐμφάσεις
448 1280 505 1345 καί
524 1285 687 1358 διαθέσεις
716 1283 832 1347 αάτίκα
861 1282 1097 1364 προσλήψεται,
1118 1280 1175 1360 τῆς
1193 1278 1250 1341 τοῦ
1272 1280 1377 1357 βασι.

264 1383 343 1456 λεἰος
365 1385 422 1447 καί
439 1386 504 1446 τοῖν
525 1387 643 1448 λοιπῶν
661 1385 865 1467 στρατιωτῶν
886 1382 1104 1465 ἀπορραγεῖσα
1124 1381 1273 1459 συνόδου,
1296 1376 1375 1455 ε’ξό-
1389 1397 1427 1449 10

261 1504 330 1563 χτος
351 1484 381 1547 δ’
403 1477 686 1566 άναθαρρῆσουσιν
718 1475 748 1547 οἷ
779 1488 944 1565 πολέμιοι..
976 1482 1032 1545 καί
1061 1474 1184 1567 ὅσῳπερ
1216 1476 1237 1563 ἦ
1261 1478 1374 1543 δειλία
1492 1472 1493 1477 ¹

262 1587 325 1651 τοῖν
342 1580 509 1667 Ῥωμαίων
528 1589 705 1664 καθίκοιτο,
726 1588 876 1649 τοσοῦτον
895 1588 1024 1657 ἐκείνοις
1048 1582 1066 1665 ἡ
1087 1576 1190 1660 τόλμα
1203 1602 1372 1662 πρυαπαν·

263 1683 373 1770 ιη’σει·
428 1687 484 1751 καί
510 1686 630 1775 ῥηιδίως
650 1691 716 1752 τῶν
735 1686 898 1769 ἡμετέρων
918 1682 1201 1767 Ιπεριγενήσετται,
1222 1680 1293 1747 ἐπεὶ
1314 1679 1374 1743 κατ’

263 1790 574 1871 προεκπεφσβημὲνοι
597 1787 807 1870 τυγχάνουσιν
823 1788 851 1851 οἱ
869 1781 1031 1868 Ῥωμαῖοι,
1053 1782 1109 1847 καί
1126 1779 1225 1864 μόνον
1246 1778 1372 1868 αὐτοὺς

176 1933 182 1939 -
263 1885 342 1972 δρᾶν
366 1887 448 1961 τοὺς
474 1893 645 1967 πολεμίους
677 1896 765 1951 ποιεῖ
791 1882 843 1951 ότε
874 1885 931 1971 την
960 1887 1018 1949 τοῦ
1046 1886 1233 1967 κρατοῦντος
1265 1877 1370 1961 δράσι
1379 1896 1414 1947 15

261 1988 331 2067 μετ’
353 1986 461 2050 αότιόν
480 1984 693 2073 γενναιότητα.
734 1992 789 2053 καί
808 1985 895 2071 εἴπερ
917 1990 1055 2061 ἐκείνους
1074 1983 1255 2067 τρέψονται,
1274 1976 1371 2067 ἄφυ-

264 2108 334 2163 κτος
357 2085 443 2169 ἡμᾶς
464 2087 684 2170 καταλήψεται
703 2091 869 2164 κίνδυνος·
915 2088 952 2151 ori
974 2085 1034 2171 γάρ
1060 2088 1098 2150 σά
1117 2081 1315 2167 μελήσουσιν
1337 2080 1370 2145 οῖ

268 2189 405 2270 Τυῦρκοι
425 2184 471 2271 μή
493 2186 569 2268 ου’χί
587 2190 804 2272 καταδραμεῖν
826 2193 880 2253 κατ’
903 2190 992 2272 ἡμῶν
1012 2192 1068 2253 καί
1086 2192 1173 2269 νίκην
1195 2182 1369 2267 διαβόητον

266 2288 528 2371 ἀπεργάσασθαι,
557 2291 823 2371 διακεκομμένους
855 2287 1020 2383 εὑρηκότες
1048 2288 1102 2353 καί
1122 2287 1370 2369 διεσκορπισμό-

266 2412 338 2464 κους
358 2390 395 2475 τῇ
428 2388 508 2471 πρός
541 2389 596 2453 τό
611 2392 711 2459 σι’κεῖα
731 2394 865 2478 σπουδῇ.
914 2390 992 2455 “xut'
1016 2384 1085 2471 άμα
1114 2390 1162 2463 τίς
1185 2387 1204 2469 ἡ
1228 2385 1416 2468 ducrum)

265 2486 357 2575 ἔφην,
376 2483 426 2583 Ι“ιό
444 2495 590 2572 βασιλεῦ,
613 2488 660 2557 ἔτι
682 2494 740 2557 τοῦ
761 2490 849 2568 ἔτους
877 2491 954 2573 περί
972 2488 1079 2572 α’κμάς
1099 2494 1155 2555 τοῦ
1177 2492 1294 2572 θέρους
1314 2480 1371 2551 όν-

265 2614 320 2669 τος
355 2599 542 2659 καταλιπεῖν
573 2593 647 2669 τούς
675 2596 836 2669 ἐναντίους
859 2595 905 2669 εἰς
925 2590 984 2675 τὴν
1001 2589 1168 2673 Ῥωμαίων
1175 2636 1187 2669 ,
1209 2590 1266 2653 καί
1285 2586 1372 2673 πρός

266 2694 389 2771 άνόσεις
420 2696 477 2761 καί
500 2694 695 2771 αἰιολαόσεις
714 2690 847 2769 ἑαυτοὺς
867 2696 1033 2775 ἐκδοῦναι,
1053 2692 1109 2757 καί
1126 2694 1172 2777 μὴ
1194 2693 1254 2757 νόν
1275 2710 1373 2755 κακα.

335 2871 363 2925 8.
376 2890 408 2943 Ιτι
428 2871 458 2927 G.
550 2872 592 2923 11.
612 2869 638 2925 δ’
655 2887 699 2923 om
713 2870 744 2925 G.
764 2886 817 2940 quo
834 2886 889 2923 non
909 2884 986 2939 opus,
1006 2871 1031 2924 si
1047 2885 1127 2939 supra
1144 2870 1371 2940 καταλειφθεῖσιν

336 2944 469 3011 posueris.
570 2942 611 2995 17.
630 2958 664 2995 an
688 2938 748 3015 γάρ
770 2941 983 3016 άμελησουσινθ

267 3089 380 3155 secutio,
400 3091 428 3142 irl
460 3090 581 3142 timorem
606 3090 640 3141 iis
666 3090 792 3140 correxit.
836 3096 916 3157 atque
935 3088 987 3141 boc
1005 3088 1123 3156 perspici
1150 3094 1240 3155 potest
1270 3102 1303 3137 ex
1316 3100 1369 3149 eo,

266 3162 340 3230 quod
357 3176 411 3213 uon
430 3160 554 3213 relictum
575 3169 616 3212 est
635 3160 776 3228 quidquam
795 3160 910 3226 praedae
934 3162 982 3225 ibi,
1002 3169 1029 3211 et
1053 3162 1123 3228 quod
1150 3158 1320 3226 implicarunt
1336 3172 1370 3209 se

267 3233 346 3284 nobis
365 3231 616 3298 praetereuntibus:
636 3239 663 3281 et
682 3240 871 3299 exceptorum
890 3232 1059 3284 multitudiue
1092 3248 1140 3283 eos
1167 3246 1222 3281 nnn
1248 3230 1372 3297 potuisse

266 3304 380 3354 maxime
398 3319 434 3354 ne
453 3303 525 3353 circa
543 3311 648 3353 centum
667 3303 774 3369 quidem
793 3318 901 3355 servare
926 3305 1010 3369 viros,
1028 3305 1066 3354 ita
1083 3311 1113 3355 ut
1131 3302 1249 3371 perspici
1268 3307 1371 3367 posset,

268 3375 415 3426 exercitum
433 3374 475 3424 bis
495 3373 553 3424 lere
571 3374 630 3425 sine
651 3389 731 3425 sensu
750 3374 851 3439 laesum
871 3391 941 3440 esse,
961 3391 1020 3427 cum
1040 3375 1102 3427 huic
1129 3376 1204 3442 genti
1229 3370 1297 3424 nihil
1324 3379 1370 3421 tn-

266 3446 302 3499 lis
330 3444 420 3497 clades
441 3453 469 3496 et
486 3453 617 3513 quotquot
636 3444 698 3497 huic
716 3446 817 3498 similes
839 3454 900 3497 sunt
920 3448 1053 3499 subiicere
1077 3448 1222 3512 potuisset:
1253 3442 1371 3496 celerius

269 3518 388 3570 enimse
406 3524 536 3569 revocant
554 3515 653 3568 milites
673 3525 700 3569 et
719 3533 811 3569 rursus
832 3520 864 3569 ad
885 3534 1002 3587 pugnam
1021 3519 1227 3569 constituuntur.
1249 3522 1372 3580 etprop-

170 3618 174 3625 ·
267 3597 343 3641 terea
361 3590 386 3641 si
403 3587 602 3656 relinqueretur
621 3604 682 3656 pars
703 3589 863 3641 Graecorum
883 3590 1019 3657 ignobiles
1037 3589 1248 3655 significationes
1267 3593 1294 3637 et
1310 3585 1371 3637 (lis-

267 3662 417 3729 positiones
436 3662 525 3712 statim
543 3661 667 3727 accipiet,
687 3676 703 3711 a
720 3662 793 3729 regis
810 3669 838 3711 et
861 3660 1026 3729 reliquorum
1049 3660 1162 3711 militum
1180 3657 1372 3710 coniunctione

267 3731 372 3799 avulsa,
393 3731 472 3786 valde
491 3735 607 3784 animum
624 3733 760 3800 recipient
777 3733 885 3784 hostes:
906 3740 933 3783 et
951 3748 1003 3799 quo
1022 3734 1107 3799 inagis
1126 3732 1235 3799 ignavia
1253 3729 1372 3781 Graecos

270 3814 468 3875 assequeretur,
489 3820 521 3857 eo
540 3806 624 3873 magis
643 3805 700 3856 illis
718 3804 815 3855 fiducia
836 3804 966 3855 obveniet
984 3813 1010 3855 et
1031 3802 1112 3856 facile
1130 3810 1238 3853 nostros
1256 3812 1371 3866 superu-

267 3874 350 3945 bunt,
371 3894 429 3929 cum
449 3879 529 3928 etiam
548 3885 627 3928 antea
645 3877 740 3927 timore
760 3874 879 3943 perculsi
900 3874 953 3925 sint
973 3876 1068 3927 Graeci
1088 3883 1115 3925 et
1133 3875 1156 3925 si
1174 3872 1372 3925 tnntnmideos

268 3947 391 4000 videntes
411 3948 476 4000 lacit
495 3948 596 4012 hostes,
616 3964 675 3998 cum
695 3947 863 4013 imperatoris
883 3961 941 3994 cum
968 3948 1034 4012 ipsis
1059 3945 1226 3997 nobilitatem
1251 3944 1371 3995 videant.

269 4024 350 4085 atque
368 4020 391 4068 si
409 4018 520 4072 illos-in
539 4020 628 4087 lugam
647 4025 764 4081 vertent,
783 4016 943 4067 inevitabile
962 4032 1011 4069 nos
1037 4016 1179 4083 occupabit
1203 4012 1373 4084 periculum:

269 4104 359 4157 neque
379 4090 449 4139 enim
466 4105 520 4140 non
539 4091 670 4143 curabunt
687 4090 797 4151 luteae,
818 4088 882 4154 quin
902 4087 1029 4153 impeturn
1054 4089 1154 4141 lacinnt
1180 4090 1260 4139 etiam
1279 4091 1376 4137 contra

269 4175 321 4213 nos
340 4168 367 4213 et
383 4161 525 4212 victoriam
544 4160 642 4213 claram
661 4166 809 4228 reportent,
829 4165 969 4225 postquam
988 4175 1038 4213 noe
1064 4159 1180 4213 afflictos
1208 4160 1375 4212 invenerunt

271 4242 299 4291 tt
315 4233 443 4288 disiectos
460 4232 547 4285 studio
567 4233 770 4289 domesticarum
789 4244 887 4283 rerum.
925 4240 1006 4303 atque
1024 4230 1113 4299 simul,
1126 4248 1195 4303 ques
1215 4240 1257 4288 est
1271 4240 1374 4283 neces-
