3017 4892
608 327 990 417 merome«,
1189 268 1365 405 εοεῨ

164 510 334 598 βόζοντας,
357 507 411 575 καί
431 514 515 575 σῖτον
535 508 570 573 εἰι
593 502 712 573 τοότονν
734 506 837 578 κακός
858 498 1106 588 α’φοιροόμενος,
1129 500 1184 565 κατ’
1204 502 1267 579 βα,

166 617 255 700 ρείας
275 608 460 697 ἀπαιτήσεις
485 608 564 693 ὑπὲρ
584 610 645 671 τοῖν
669 609 859 671 τοπιατικοόν
873 600 1146 685 εἰσπραττόμενος,
1168 596 1267 684 ἤνόγ-
1359 617 1363 623 ·

165 716 243 793 καζε
267 712 324 797 τὴν
344 714 461 796 πρᾶσιν
484 706 536 773 διό
561 706 601 787 τό
622 710 884 786 καινοτομεῖοόαι
905 703 1081 778 πολυειδῶς
1105 703 1267 767 όνδεεοτέ.

167 838 230 898 ραν
252 822 361 879 ποιεῖν.
410 810 464 877 καί
484 805 582 885 οόττος
612 810 811 893 τρεφομένου
837 807 893 873 τοό
924 802 1102 890 φοόνόοκος
1122 804 1168 877 εἰς
1193 802 1269 869 dca-

140 918 240 981 bru'ur
274 912 530 999 ἀπαραμύθητον
555 912 698 986 ἐξέπιπτε
721 906 761 971 τό
794 913 851 993 τῆς
875 910 1031 989 προτέρας
1059 904 1211 988 εὐθηνίας
1231 904 1269 988 τῇ

166 1014 321 1102 πολιτείᾳ,
341 1016 397 1080 καί
415 1011 559 1095 περιέστη
583 1006 645 1075 οἶπό
671 1012 747 1077 δέκα
771 1012 827 1074 κατ’
839 1004 921 1072 όκτοό
935 1007 1112 1089 potiente
1132 1006 1188 1069 ἕνα
1206 999 1270 1083 μό-

170 1116 239 1181 διον
268 1116 324 1179 τοό
355 1114 547 1196 νομίσματος
580 1112 598 1195 ἦ
628 1115 685 1175 τοῦ
707 1110 797 1175 σίτου
827 1113 952 1193 πρᾶσις.
1002 1100 1269 1187 ε’κομμερκεόοντο

169 1211 230 1299 γὰρ
252 1212 366 1301 ἔκτοτε,
389 1218 451 1301 φεό
472 1216 527 1298 τῆς
546 1215 736 1293 πλεονεξίαις,
756 1212 797 1275 ου’
807 1210 905 1292 μόνον
926 1207 960 1275 ολ
980 1210 1163 1291 πυροφόροι
1183 1199 1271 1286 ἅμα,

171 1320 245 1397 ξαν,
274 1314 354 1380 α’λλό
381 1316 437 1380 κατ’
455 1312 494 1383 τό
521 1311 616 1380 λοιπό
638 1308 736 1400 τόνια,
763 1309 825 1377 όσα
849 1316 980 1395 πλησίον
1011 1313 1132 1377 έκεινου
1160 1307 1272 1389 παρεό-

124 1418 274 1486 1οόευον.
319 1417 568 1501 α’πείργοντοδὲ
598 1415 652 1479 καί
678 1412 707 1479 οἱ
738 1417 794 1498 τῆς
826 1410 1008 1496 περιχώρου
1028 1411 1146 1493 ε’κείνης
1168 1401 1271 1471 reici

167 1519 225 1601 τῆς
243 1517 426 1585 Ῥαιδεστοό
444 1515 562 1583 όποιιιοι
586 1524 701 1583 πωλεῖν
722 1515 768 1581 τοί
787 1512 855 1579 ἴδιοι
877 1508 1016 1595 γεοόργια
1033 1514 1067 1575 ἐν
1090 1515 1159 1583 ταῖς
1182 1500 1298 1573 ἐστι’-ι.
1314 1516 1367 1573 21⁰
1380 1508 1407 1572 τ’.

169 1642 220 1693 αις
246 1620 361 1683 αὐτῶν.
407 1621 586 1705 α’φηροόντο
605 1620 639 1681 δὲ
662 1612 757 1680 uului
777 1615 924 1695 μέδιμνοι
944 1606 1109 1691 reciperer
1131 1604 1147 1671 ὁ
1169 1605 1271 1691 φοόν-
1339 1648 1347 1659 .

170 1718 227 1794 δαξ
250 1721 313 1783 τῶν
344 1720 506 1797 μεδίμνων
537 1714 661 1801 όπῆρχε
693 1717 811 1800 κύριος.
864 1707 941 1793 ὅπερ
965 1710 1116 1775 οὐδέποτε
1136 1712 1270 1792 γέγονεν,

170 1820 238 1881 ου’δ’
261 1818 278 1881 ὁ
303 1811 391 1900 ἥλιος
414 1812 479 1881 εἶδε
504 1822 642 1883 τοιοῦτον
664 1817 815 1899 ἀδίκημα.
871 1814 903 1879 εἰ
919 1813 981 1895 γὰρ
1005 1812 1201 1895 προσηγγέλη
1223 1831 1271 1883 τις

121 1914 321 2000 ιὸπωλησος
349 1913 456 1981 οἴκαδε
482 1924 567 1983 citor
593 1919 626 1994 ἐξ
647 1908 692 1981 τόν
722 1915 926 1999 ε’γεοόργησευ,
947 1908 989 1987 σός
1011 1909 1130 1995 φονεός
1152 1904 1173 1991 ἢ
1195 1912 1293 1989 dem·

170 2015 248 2100 στὴς
267 2010 287 2101 ἢ
308 2013 424 2082 ἄτοπόν
443 2031 477 2082 τι·
506 2016 610 2102 ἕτερον
641 2011 815 2100 πεπραχοός
837 2010 1011 2097 ἐδημεύετο
1037 2014 1091 2076 καί
1113 2006 1270 2095 ἡρπάζετο

170 2117 258 2200 παρὰ
299 2120 358 2181 τοό
396 2119 636 2191 ἐπιστατοῦντος
670 2120 714 2204 τῷ
744 2114 913 2201 φοόνδακι.
962 2098 1109 2195 πορῆσοῗι
1134 2106 1196 2191 γόρ
1227 2116 1271 2197 τῷ

171 2223 397 2307 φουνδακαρίφ
419 2223 453 2285 έκ
475 2219 577 2305 πόσης
598 2222 685 2293 ἰδέας
698 2215 885 2312 κακοόργονν
905 2207 982 2297 όχρι
994 2206 1192 2279 τιόν,ἓκατόν
1211 2234 1271 2274 τα-

169 2322 277 2397 ardeae
300 2317 486 2405 ταττόμενοι
516 2324 590 2403 παρ’
618 2320 738 2399 αὐτοῦ,
760 2316 815 2382 καί
836 2315 911 2391 τοός
930 2311 1088 2389 ε’λεεινοός
1109 2310 1271 2395 ἐμπόρους

125 2419 224 2488 iduor*
246 2417 404 2503 γεωργοός
434 2428 559 2495 πολλοῖς
590 2423 733 2505 αἰιαροῖς
755 2423 980 2501 περιέβαλλον·
1031 2413 1085 2478 καί
1104 2413 1211 2488 ου’δείς
1232 2404 1271 2495 ἦν

123 2516 125 2523 ’
170 2520 186 2585 ό
211 2521 395 2603 α’ντιοτῆνοι
416 2523 538 2597 τοότοις
569 2522 740 2604 δυνάμενος
768 2523 811 2607 τῷ
832 2542 865 2584 τε
893 2519 1011 2602 πλήθει
1035 2515 1271 2596 δυσκαταγωνί-

168 2646 253 2698 στοις
272 2616 346 2686 odor
369 2626 423 2688 κατ’
451 2625 488 2709 τῇ
511 2622 680 2710 δυναστείᾳ
700 2624 758 2685 τοῦ
789 2622 958 2702 λογοθίτου
990 2615 1023 2682 τό
1047 2616 1167 2699 δρόσος
1189 2611 1272 2677 dad-

171 2726 279 2788 θεκτον
300 2720 420 2804 έχουσι.
465 2721 555 2786 neri
578 2725 636 2805 μὲν
658 2722 680 2799 ξ’
702 2725 817 2803 λιτριόν
837 2719 892 2784 τόν
915 2720 1081 2805 φοόνδακο
1099 2713 1272 2801 μισθωσό-

245 2880 270 2933 7.
290 2868 527 2954 ἐκεομίρκεόοντο
547 2880 578 2935 0.
653 2881 695 2934 12.
714 2894 807 2948 margo
825 2877 936 2951 μόδιοι.

173 3044 210 3097 lia
228 3060 316 3095 rernm
335 3046 363 3095 in
383 3060 415 3097 ea
432 3053 504 3104 terra
522 3045 739 3114 provenientium
759 3043 894 3112 exigebat,
915 3040 1031 3112 cogebat
1056 3056 1103 3096 eoo
1132 3043 1271 3095 venditio.

172 3133 243 3180 nem,
263 3119 387 3169 novando
406 3134 449 3169 rea
470 3120 545 3170 vario
564 3117 652 3182 modo,
672 3117 828 3168 inferiorem
850 3130 995 3167 exercere:
1023 3121 1104 3182 atque
1129 3115 1168 3166 ita
1192 3126 1271 3169 aucto

174 3188 271 3239 horreo
291 3189 321 3240 ad
342 3190 497 3242 iniustitiam
518 3191 642 3240 immitem
666 3189 755 3240 exibat
774 3190 847 3255 prior
867 3187 985 3239 felicitas
1010 3187 1129 3249 civitati3
1149 3194 1175 3237 et
1199 3195 1273 3239 tanta

173 3260 241 3312 iacta
262 3268 301 3311 εει
321 3263 464 3313 conversio
485 3270 514 3314 ut
539 3270 617 3312 antea
639 3262 826 3329 duodeviginti
854 3260 979 3311 frumenti
998 3258 1080 3309 modii
1105 3272 1165 3311 aeae
1191 3260 1272 3310 veni.
1320 3266 1323 3271 ’

172 3334 312 3396 tenuium
331 3348 398 3384 unus
426 3336 528 3386 modius
555 3347 586 3383 eo
612 3335 700 3400 pretio
728 3340 870 3385 coartaret.
917 3332 944 3381 in
971 3332 1157 3382 commercium
1184 3340 1272 3384 autem

174 3402 372 3454 deducebantur
393 3420 426 3454 err
446 3419 478 3454 eo
497 3412 628 3470 tempore,
648 3404 701 3455 heu
720 3406 868 3468 avaritiam,
887 3417 942 3455 non
962 3402 1048 3454 coium
1073 3403 1155 3454 tritici
1180 3418 1272 3454 currue

173 3473 219 3524 aed
240 3474 318 3522 etiam
336 3474 458 3541 reliquae
478 3488 590 3537 merces,
611 3490 786 3543 quaecunque
805 3490 889 3542 prope
909 3472 977 3525 illud
993 3474 1200 3540 proveniebant.
1219 3476 1272 3524 im-

174 3542 349 3609 pediebautur
369 3552 456 3594 autem
476 3553 503 3595 et
521 3544 628 3595 incolae
648 3547 793 3598 vicinitatis
812 3546 885 3598 illius
906 3553 933 3596 et
950 3546 1069 3597 Raideati
1081 3546 1180 3609 vicini,
1202 3561 1272 3614 quo-

174 3614 259 3663 minus
279 3614 426 3664 venderent
446 3614 536 3681 fruges
556 3629 616 3664 suas
634 3617 662 3664 iu
681 3616 736 3665 auia
767 3616 905 3666 domibus:
935 3622 962 3664 et
986 3616 1169 3666 adimebantur
1194 3619 1273 3667 etiam

175 3673 254 3734 mo'dii
277 3683 453 3746 frumentarii,
474 3694 500 3736 et
519 3683 605 3736 solum
627 3683 751 3734 horreum
770 3687 917 3736 modiorum
937 3692 995 3735 erat
1019 3687 1172 3751 particeps:
1202 3687 1272 3754 qnod

174 3769 307 3822 nunquam
328 3755 426 3805 factum
445 3764 502 3807 erat
520 3770 608 3822 neque
627 3754 668 3807 εοΙ
687 3755 791 3807 viderat
810 3754 891 3807 talem
904 3755 1034 3806 iniuriam.
1055 3758 1154 3807 etenim
1172 3758 1195 3808 ai
1214 3758 1272 3826 qnia

173 3824 376 3878 denuntiabatur
390 3827 542 3879 vendidiaoe
555 3826 623 3878 domi
643 3827 801 3889 frumentum
817 3843 851 3878 ex
867 3829 901 3878 iio
920 3840 1064 3895 quaeagro
1075 3827 1188 3880 colendo
1206 3845 1271 3896 pro.

175 3898 285 3961 iecerat,
305 3904 428 3965 tanquam
451 3900 609 3951 interfector
628 3899 673 3951 vei
691 3899 761 3951 iatro
781 3898 825 3950 vei
845 3900 922 3967 quari
940 3900 1055 3952 immane
1073 3900 1272 3969 quidperegic.

174 3977 223 4033 set,
243 3968 458 4038 proscribebatur
470 3978 496 4021 ct
514 3970 689 4037 diripiebatur
708 3988 723 4021 a
741 3971 865 4037 praeside
885 3970 984 4037 horrei,
1004 3970 1114 4022 aderant
1134 3973 1202 4022 enim
1222 3974 1272 4024 ad.

173 4041 345 4092 miniatratori
365 4041 455 4091 horrei
479 4058 512 4092 er
531 4044 601 4092 omui
620 4058 722 4110 genere
742 4041 919 4094 scelestorum
931 4057 1022 4114 ⁴usque
1041 4042 1073 4094 ad
1099 4052 1203 4122 centnpn
1223 4042 1301 4110 erp-¹

173 4114 314 4181 pariturae,
336 4113 448 4164 instituti
468 4113 500 4163 ab
527 4128 574 4179 ea,
594 4122 620 4164 et
638 4117 750 4166 miaeroa
779 4123 941 4166 mercatores
968 4124 994 4167 ot
1025 4115 1157 4181 agricolus
1183 4114 1273 4166 ruuitia

172 4183 304 4237 moiettiia
325 4184 534 4237 circumdabant:
557 4202 645 4255 neque
665 4189 804 4255 quiequam
824 4189 954 4254 σενι,ἠυί
974 4187 1102 4240 raaiatere
1121 4186 1163 4237 bia
1183 4192 1274 4252 puroet

176 4262 200 4309 et
217 4254 386 4309 multitudine
406 4256 630 4329 impugnabilibua
650 4266 676 4309 et
694 4259 846 4325 principatu
866 4257 1168 4328 logothetaeaudaciaru
1184 4257 1272 4325 impe.
