3017 4892
613 333 821 405 mauris.
1109 298 1111 307 ’
1149 350 1154 371 =
1188 330 1264 405 aar

156 496 192 563 οι
218 451 393 581 Ῥωμαῖοι,
423 498 659 582 προηγουμένου
695 499 750 563 καί
778 500 1017 583 μισθοφορικοῦ
1037 496 1100 562 acic
1120 496 1264 579 Σκυδῶν,
1329 550 1352 593 a

156 603 325 682 παρῆλθον
345 598 420 673 τοδς
445 596 658 681 μηνοειδτίς’
644 602 784 692 εκεινους
803 598 946 681 οἷγκιόνας
971 596 1027 663 καδ-
1046 594 1179 663 κατόπιν
1196 600 1267 681 tyt-

154 720 249 763 νονιο
261 694 388 782 ,λόχος
418 694 590 788 Τουρκικδς
627 680 852 780 καδημενος’
837 696 879 761 εν
902 696 1008 785 α’δὴλῳ
1038 700 1074 785 τῇ
1102 696 1266 783 Ῥωμαϊκῇ

157 800 346 886 παρεμβολῇ
372 802 622 882 προστπέλασεν,
659 800 692 862 έν
720 800 778 861 οδκ
808 798 924 881 δλέγοις
951 794 1087 883 οἷνδρδσι
1108 820 1268 881 παραμο-

129 899 353 983 5τρούμενος·
407 894 463 974 οδς
492 895 522 961 οἱ
553 904 827 984 παραληφθέντες
857 901 902 973 εἰς
929 896 1076 984 φυλακην
1104 899 1265 983 στρατινῖ·
1331 930 1336 935 ·

159 1024 217 1065 ται
249 1000 437 1083 δεξάμενοι,
470 997 532 1082 πρὸ
552 996 675 1065 πάντων
696 1002 724 1063 δ’
745 997 776 1064 οἱ
801 998 964 1085 Φροὶγγοι,
996 1002 1051 1065 κατ’
1072 998 1265 1085 οἷγχεμοὶχυνς

157 1103 393 1183 συμπλακέντες
420 1103 481 1187 κατ’Δ
496 1096 610 1175 ἱκανοῖς
643 1101 935 1185 οἷνθαμιλληθέντες
956 1104 1142 1185 ἐτρέψαντο,
1161 1102 1264 1186 μηδε-

156 1200 210 1278 νὸς
232 1205 295 1267 ταῖν
317 1199 495 1281 ἱσταμένων
514 1203 680 1285 ταγμάτων
697 1202 884 1283 Ῥωμαϊκῶν
905 1211 972 1276 τοῖς
990 1201 1149 1287 Φράγγοις
1164 1202 1263 1287 μέχρι

156 1302 214 1367 κατ’
236 1302 338 1386 δπλῆς
359 1302 460 1385 ὁρμῆς
482 1303 797 1389 παραβοηθησαντος.
843 1306 877 1368 έν
904 1299 1007 1391 τοδτιρ
1041 1304 1076 1367 δέ
1105 1297 1261 1386 ὑπέστρε-

112 1410 219 1487 lower
251 1404 440 1487 δβασιλτδς
471 1408 528 1490 τῆς
548 1402 704 1483 διώξεως·
757 1403 833 1488 πρὸς
862 1400 1002 1487 ἑσπέραν
1030 1402 1092 1487 γὰρ
1112 1394 1171 1486 ἦν,
1193 1404 1264 1468 tart

156 1510 213 1571 xci
233 1504 248 1571 6
270 1511 405 1588 πόλεμος
429 1511 504 1590 παρέ
516 1491 622 1591 diram
645 1506 745 1587 ὀψίαν
756 1505 934 1586 συνίστατο,
958 1505 1063 1588 η’ρέμα
1083 1509 1142 1569 τοῦ
1162 1529 1261 1587 στρα·
1296 1540 1300 1549 ·

154 1608 290 1671 τοπέδου
311 1607 498 1687 βαδίζοντος
520 1606 674 1689 πρότερον
687 1607 742 1669 κατ’
763 1608 963 1687 περιέποντος
978 1602 1052 1679 τούς
1073 1604 1260 1670 deserete·

157 1731 236 1792 ρους
257 1710 312 1771 κατ’
331 1706 448 1786 πεζοδς
472 1706 524 1768 διδ
550 1706 607 1789 την
627 1710 686 1769 τοῦ
708 1708 848 1786 πολέμου
871 1706 1081 1789 προσδοκίαν,
1108 1696 1150 1781 ὥς
1173 1701 1259 1790 παραὶ

156 1812 221 1871 τῶν
238 1810 364 1870 σκοποῦν
378 1806 601 1889 α’πηγγέλλειο.
656 1810 695 1894 τῇ
729 1808 759 1868 δ’
781 1802 934 1888 έπαδριον
960 1804 1095 1893 δημοσίᾳ
1125 1808 1398 1879 undetricenos.

115 1898 235 2021 161066
256 1901 436 1981 ἑαλωκότας
453 1909 516 1970 τῶν
535 1909 694 1987 πολεμίων
713 1903 906 1971 κατεῖδεκαί
923 1907 962 2023 τῇ
975 1911 1138 1996 τελευταίαν
1160 1904 1260 2023 ψηφηι

159 2001 293 2079 τούτους
314 2008 552 2134 πρραδοθῆναι
555 2010 737 2127 προσέταξε,
757 2005 896 2125 μηδενὸς
914 2002 948 2072 κδ
970 2004 1122 2091 παράπαν
1145 2001 1261 2093 φεισά-

157 2128 260 2225 μενος,
279 2102 351 2188 μήτ’
374 2110 477 2172 ου’τοδ
496 2109 552 2171 τοῦ
569 2106 625 2190 τήν
639 2103 825 2220 ἧγεμρνικὴν
847 2106 1021 2189 αδχοδντος
1041 2104 1259 2193 λαμπρότητα
1340 2184 1343 2189 ,

158 2200 194 2280 69
216 2205 272 2270 κατ’
284 2202 347 2269 α’πδ
370 2210 425 2290 τῆς
446 2210 580 2290 ἐσθῆτος
596 2192 855 2291 (λαμπρειμονων
868 2206 932 2293 γὰρ
948 2201 986 2291 66
1007 2212 1040 2275 έν
1064 2217 1130 2284 τοῖς
1153 2202 1262 2285 ὅπλοις

159 2304 214 2369 xci
234 2310 271 2394 τῇ
303 2300 393 2427 ιἄλλη
407 2313 524 2427 στερη)
557 2312 768 2391 ἐμαρτυρεῖτο
799 2314 958 2392 τοιοῦτος,
992 2310 1023 2375 εἰ
1053 2312 1108 2375 xci
1136 2310 1261 2373 πολλῶν

114 2400 313 2491 λολδτριονι
299 2407 414 2474 εαυτδν
438 2403 531 2474 ὤνιον
557 2410 755 2493 ποιήσασθαι
776 2409 1005 2497 ἐπηγγέλλετο,
1014 2412 1067 2477 κατ’
1083 2412 1262 2494 Ῥωμαίους

158 2505 418 2589 αἰχμαλώτους
405 2512 524 2574 εαυτοῦ
546 2509 728 2576 οἷντιδοδνιιι
744 2536 786 2599 τρι
773 2510 923 2595 πλήθει
942 2510 1084 2587 πολλούς.

219 2635 229 2651 ·
261 2608 501 2693 Τριημερεδσας
517 2613 546 2677 δ’
567 2614 602 2678 έν
619 2611 659 2699 τῇ
682 2616 871 2699 παρεμβολῇ
892 2612 909 2677 6
932 2611 1094 2695 βασιλεύς,
1113 2617 1158 2701 163
1179 2634 1261 2697 npe-
1359 2676 1363 2695 ,

158 2709 314 2795 τερὴματι
334 2710 435 2799 τοδτιρ
466 2710 561 2796 κόρον
593 2716 692 2798 δῆθεν
721 2712 829 2797 λαβών
850 2706 873 2799 6
893 2718 1116 2799 μεγαλαυχῶν,
1142 2712 1261 2801 πολλὴν

159 3016 225 3064 rum,
247 2995 451 3069 p'raeteriissent
469 2998 577 3054 lunares
596 2996 657 3053 illas
676 2995 764 3053 valles
784 3007 810 3051 et
830 3008 891 3069 post
910 3014 956 3053 eos
977 3001 1125 3066 venissent,
1141 2998 1258 3055 insidiae

160 3072 300 3124 lurcorum
320 3074 480 3125 constitutae
497 3076 525 3124 in
544 3072 659 3127 obscuro
680 3073 788 3125 Graecis
817 3073 910 3125 castris
930 3073 1184 3140 appropinquarunt,
1204 3084 1258 3125 non

159 3158 301 3209 pancorum
320 3143 455 3196 bominum
473 3160 601 3209 numero,
627 3159 693 3212 quos
718 3144 807 3196 relicti
826 3145 853 3195 in
869 3144 1001 3209 praesidio
1025 3144 1126 3196 milites
1153 3145 1259 3211 excipi

161 3223 249 3279 cntes‚
278 3223 340 3266 ante
375 3231 466 3267 omnes
498 3225 586 3269 antem
611 3216 706 3268 Franci
736 3224 763 3267 et
788 3216 907 3267 cominus
932 3216 964 3267 iis
993 3218 1110 3268 conserti
1139 3224 1166 3267 et
1194 3217 1258 3268 satis

160 3295 292 3338 certantes
317 3295 457 3340 verterunt
479 3290 506 3339 in
538 3290 642 3357 lugam,
668 3287 745 3339 nullo
770 3289 926 3339 adstantium
952 3287 1072 3339 ordinum
1097 3286 1258 3340 Graecorum

159 3356 265 3409 Francis
290 3374 325 3410 ne
361 3360 393 3410 ad
424 3360 571 3426 simplicem
603 3361 709 3427 quidem
740 3359 867 3441 impetum
897 3356 998 3410 auxilio
1027 3359 1163 3411 veniente.
1213 3360 1258 3409 in

157 3437 233 3479 terea
248 3438 336 3480 autern
354 3445 480 3482 reversus
500 3440 540 3482 est
558 3447 607 3482 rex
624 3448 640 3482 a
659 3432 864 3513 perseeutione3
884 3430 1085 3496 subvesperum
1099 3432 1169 3481 enim
1190 3438 1256 3483 erat.

160 3515 217 3550 cnm
236 3500 315 3549 etiam
333 3499 434 3550 bellum
455 3503 526 3552 circa
545 3516 687 3566 vesperum
703 3502 881 3558 consisteret·
910 3502 999 3569 quiete
1025 3503 1144 3553 exercitu
1163 3502 1257 3570 ingre-

159 3571 248 3620 diente
265 3576 343 3618 antea
361 3577 389 3618 et
407 3579 516 3620 curante
534 3571 694 3621 infirmiores
720 3580 748 3622 et
773 3572 877 3637 pedites
900 3580 1009 3637 propter
1027 3571 1094 3623 belli
1113 3580 1257 3638 exspecta-

160 3641 277 3701 tionem,
303 3646 332 3688 ut
355 3638 602 3705 aspeculatoribus
620 3640 797 3691 nuntiabatur.
841 3641 952 3692 Postero
980 3649 1068 3692 autern
1085 3643 1129 3693 die
1148 3641 1257 3707 publice

160 3709 322 3760 constituens
348 3718 440 3775 captos
462 3709 552 3761 hostes
581 3710 761 3760 consideravit
789 3719 816 3761 et
840 3710 949 3761 ultimae
974 3712 1122 3762 sententiae
1140 3711 1257 3763 iudicum

159 3781 225 3833 tradi
244 3780 331 3844 iussit,
349 3780 450 3831 nemini
470 3780 577 3830 omnino
596 3794 708 3846 parcens
726 3796 815 3849 neque
840 3780 891 3845 ipsi
910 3780 1109 3847 imperatorium
1126 3780 1257 3850 splendo-

158 3868 211 3904 rem
231 3853 355 3916 iactanti‚
380 3854 425 3919 qui
452 3853 557 3919 quidem
583 3852 662 3901 etiam
681 3853 780 3903 vestitu
809 3851 963 3920 (splendide
982 3852 1051 3902 enim
1071 3840 1127 3905 erit
1143 3854 1257 3908 vestitus

158 3926 184 3975 in
203 3924 282 3975 armis
307 3932 334 3974 et
351 3922 458 3990 reliquo
477 3928 619 3993 apparatu)
640 3922 806 3975 indicabatur
825 3922 897 3987 talis,
914 3954 950 3967 -
968 3922 1033 3973 licet
1050 3940 1079 3976 se
1096 3923 1186 3977 multis
1205 3924 1281 3992 pe.'

85 4044 89 4054 ,
159 3997 243 4046 cuniis
261 4011 292 4047 se
310 3997 489 4048 redemtorem
516 3996 684 4063 promitteret
708 4002 735 4046 et
754 3996 871 4049 Graecos
891 3995 1011 4061 captivos
1030 3997 1072 4047 sni
1094 3997 1257 4049 redditurum

157 4081 265 4119 numero
285 4066 391 4120 multos.

255 4154 318 4207 Tres
343 4164 432 4207 antem
449 4156 508 4208 dies
532 4162 653 4208 versatus
679 4156 707 4206 in
731 4155 826 4209 castris
852 4169 900 4207 rex
917 4156 1032 4207 victoria
1057 4154 1106 4207 bac
1126 4154 1256 4223 superbas

158 4226 214 4279 tire
235 4228 338 4280 iactans
356 4244 386 4280 se
404 4228 512 4302 multam
537 4229 706 4280 securitatem
723 4226 848 4296 praebuit
864 4226 984 4281 hostibus
1002 4228 1035 4281 ad
1053 4228 1153 4297 lugam,
1171 4226 1209 4279 ita
1226 4232 1257 4281 ut
