3017 4892
244 300 319 375 20⁰
545 285 765 369 chflfflais
794 282 1053 365 auduom

243 475 358 559 δάρων
385 471 443 558 τήν
476 470 591 539 τούτου
622 468 813 555 κατάσχεσιν
840 468 897 536 καό
914 466 1096 552 άπόληψιν,
1132 466 1166 529 ἐν
1198 462 1243 549 τῷ
1267 463 1370 549 μέσῳ
1389 524 1406 543 ‚

244 579 304 642 τοῦ
330 578 486 657 βασιλέως
515 575 658 654 οἰομένου
690 569 863 655 εἰρηνεύειν
897 567 938 633 τά
967 566 1160 650 πράγματα·
1213 560 1276 646 τὴν
1296 557 1368 645 γάρ

245 680 310 741 τεόν
326 674 473 761 Τούρκων
494 673 600 757 άπηνῆ
623 669 828 757 ἐπικράτειαν
850 671 895 745 εἰς
908 670 1003 733 oridia
1021 669 1177 750 ἐλογίζετο
1191 666 1232 728 δι’
1251 663 1369 728 άναλ-

229 781 358 863 ,γησόαν
382 776 437 841 καί
458 785 552 857 μῖσος
572 773 606 839 τό
629 770 708 857 πρός
728 772 917 853 Ῥωμαίους,
939 771 982 845 ὥς
1006 766 1117 833 ἔοικεν.
1199 809 1205 819 -

340 869 433 967 Ἐνῷ
460 881 515 943 καί
542 876 713 954 δικάζοντα
733 872 900 954 πολλάκις,
921 868 964 950 ι’ός
987 869 1116 950 εἴωθεν,
1143 867 1400 950 α’σόμβάτους5

156 978 159 983 ’
245 982 334 1056 δι’κας
368 979 422 1042 καί
450 979 623 1063 α’προσφυη
651 980 796 1058 βασιλεῖ,
817 973 871 1039 καί
901 970 1079 1054 α’νευλόγως
1101 966 1368 1049 καταδικάζοντα

242 1080 317 1157 τούς
341 1078 530 1163 α’νθράπους
550 1071 733 1161 όποθάκαις
758 1078 823 1139 τῶν
851 1071 1110 1158 συνηγορούντων
1128 1078 1195 1143 τοῖς
1215 1070 1367 1151 χείροσι,

245 1185 352 1269 φῆμαι
376 1176 688 1259 καταλαμβάνουσαν,
709 1173 783 1251 τούς
807 1170 968 1260 Τοόρκους
991 1176 1141 1256 λέγουσαι
1161 1169 1238 1251 περό
1257 1171 1368 1231 Χαλ-

242 1279 364 1365 κηδόνα
388 1281 442 1343 καί
454 1280 659 1361 Χρυσόπολιν
681 1281 898 1360 κατατρέχειν,
920 1266 1137 1359 ἄρτι-πρῶτον
1157 1272 1195 1358 τῇ
1217 1266 1368 1356 τοιαύτη

246 1376 465 1467 πλησιοχιόρηι,
479 1374 747 1464 ἐπιφοιτήσαντος
766 1367 816 1464 γῇ,
848 1376 1001 1455 ου’δεμίαν
1016 1369 1169 1458 ,ταραχὴν
1190 1370 1369 1433 όνεποιόυν
1380 1366 1439 1433 10”

164 1469 171 1475 ’
246 1478 301 1545 καό
320 1476 499 1563 σύγχυσιν,
527 1479 596 1542 αλλ’
625 1477 669 1553 οός
700 1476 871 1560 άλλοεριάς
899 1472 1009 1558 χώρας
1038 1470 1228 1556 πασχούσης
1252 1465 1366 1544 αότός

246 1570 400 1666 ἄφροντις
433 1576 552 1660 ἔμενεν.
604 1573 704 1653 οότως
737 1570 796 1641 oda
820 1576 922 1643 αότοό
946 1574 1096 1657 ἔχοντος,
1130 1572 1146 1635 ό
1177 1598 1215 1638 τα
1242 1574 1366 1653 πρῶτα

246 1686 323 1765 παρ’
345 1679 447 1744 αότοῦ
472 1682 585 1771 Ιφόρων
606 1676 790 1764 Νικηφόρος
819 1676 837 1741 ό
864 1679 1033 1761 λογαθέτης
1058 1676 1116 1739 τοό
1140 1668 1272 1759 δρόμου,
1297 1668 1364 1753 τὴν

137 1840 145 1854 ,
246 1784 292 1857 εἰς
313 1778 368 1844 τόν
386 1783 523 1863 βασιλέα
546 1772 672 1844 εόνοιαν
695 1775 896 1861 πολλαχόθεν
929 1770 1147 1857 έπίσεμνύνειν
1169 1768 1275 1857 ἑαυτῷ
1296 1793 1363 1835 σο-

246 1883 428 1967 φιζόμενος,
453 1879 586 1966 ἔπραττε
609 1883 668 1960 μὲν
691 1874 752 1945 ὅσα
770 1877 881 1967 ’τούτῳ
902 1880 1084 1965 βουλομένῳ
1106 1878 1199 1961 ε’νῆν,
1222 1875 1403 1941 ainerti-15

244 1982 316 2063 χιζε
340 1983 375 2045 δὲ
400 1983 456 2065 τῆς
486 1983 542 2046 rodi
564 1986 721 2061 βασιλέως
744 1974 866 2064 α’γάπης
892 1976 947 2061 τήν
969 2001 1003 2041 τε
1031 1980 1153 2062 μητέρα
1186 1974 1242 2041 κατ’
1273 1975 1358 2050 τούς

247 2079 422 2161 όμαιζιιονας
443 2086 498 2147 καί
515 2085 588 2157 τούς
609 2080 738 2156 λοιπούς
760 2086 918 2164 συγγενεῖς
939 2077 982 2153 οἷς
1002 2080 1228 2162 βασιλειῶντος
1251 2078 1359 2159 δῆθεν

246 2179 302 2246 καό
325 2178 359 2245 τό
385 2191 532 2247 συνοῖσον
563 2183 647 2271 αὐτῷ
668 2180 713 2266 μη
736 2184 913 2262 θέλοντας,
933 2178 988 2245 καί
1009 2176 1057 2245 ότι
1081 2178 1180 2253 αότός
1201 2176 1298 2258 μόνος
1321 2197 1365 2239 το

246 2285 415 2369 συμφόρου
437 2282 522 2372 αὐτῷ
542 2260 787 2361 διασπουδόζων
811 2287 994 2367 καθέστηκε.
1016 2271 1065 2346 διό
1088 2282 1129 2365 δὴ
1153 2282 1208 2345 καί
1227 2274 1359 2362 μεγάλα

248 2381 336 2468 παρὰ
361 2386 404 2471 τῷ
426 2389 557 2463 βασιλεῖ
580 2383 728 2468 δυνηθεὶς
752 2382 848 2459 αυίός
880 2374 918 2467 ἦν
940 2382 957 2448 ό
980 2381 1013 2450 τό
1039 2386 1101 2448 πάν
1122 2383 1274 2465 διεξάγων
1295 2383 1404 2462 τῆςηη

246 2484 423 2567 βασιλείας,
444 2478 499 2549 καί
518 2490 559 2570 τῷ
580 2489 713 2568 βασιλεῖ
736 2486 913 2567 ἐπιτρόπων
933 2482 966 2549 τό
1001 2482 1278 2569 αραχθησόμενον,
1300 2478 1359 2543 καὶ

248 2581 303 2659 τάς
327 2584 423 2666 τιμάς
456 2583 510 2649 κατ’
528 2588 678 2670 προνοίας
709 2578 757 2663 οἷς
785 2582 929 2667 ἐβούλετο
948 2585 1161 2670 χαριζόμενος
1190 2579 1244 2646 διά
1265 2588 1354 2663 λημ-

311 2762 346 2815 o.
375 2764 557 2891 δπρόοσφυελς
580 2763 729 2834 interpresa
764 2763 785 2819 (i
810 2763 976 2835 ἀπροσφυῆ.
1118 2759 1146 2812 8.
1166 2758 1350 2833 καταλαμβα-

319 2850 405 2891 vovtu
442 2874 449 2887 .
1232 2852 1240 2861 “

204 3012 207 3017 ’
249 3014 359 3069 praeses
380 3010 467 3053 autem
485 3002 597 3055 Alexius
616 3002 734 3071 agitabat
752 3002 829 3053 donis
854 3000 932 3053 huius
958 3002 1135 3053 retentionem
1160 3009 1187 3052 et
1205 2999 1352 3069 captivita-

248 3080 318 3137 tem,
343 3075 403 3125 dum
422 3090 470 3125 rex
490 3082 564 3141 putat
588 3090 631 3126 res
651 3089 710 3127 esse
729 3081 845 3141 pacatas.
883 3074 1023 3125 Tartarum
1048 3074 1118 3126 enim
1143 3070 1276 3123 crudelem
1298 3070 1353 3122 do.

249 3146 421 3196 minationem
438 3145 517 3196 nihili
538 3146 653 3197 iaciebat
670 3146 836 3212 impatientia
857 3154 884 3198 et
902 3146 964 3196 odio
976 3147 1146 3207 Graecorum,
1167 3152 1196 3194 ut
1215 3143 1330 3195 videtur.
1349 3192 1353 3209 ,

348 3216 420 3266 luter
447 3230 516 3282 quae
542 3231 600 3266 curn
632 3232 691 3267 eum
710 3217 898 3269 diiudicantem
917 3232 1015 3285 saepe,
1036 3225 1065 3268 ut
1083 3214 1196 3278 solebat,
1216 3214 1278 3265 lites
1296 3226 1353 3265 nou

250 3294 324 3353 aptas
342 3300 431 3353 neque
456 3287 760 3357 accommodatasregi,
793 3295 820 3339 et
837 3289 1019 3355 imprudenter
1046 3290 1212 3340 damnantem
1231 3286 1352 3336 homines

220 3410 228 3425 ,η
251 3354 365 3409 consilio
381 3356 517 3421 peioribus
530 3357 723 3423 auxiliantium,
740 3360 809 3411 lama
821 3368 1021 3428 assequeretur,
1043 3359 1144 3423 dicens,
1163 3358 1260 3409 Tureas
1280 3357 1353 3407 eirea

226 3426 238 3453 a
251 3425 449 3482 Chalcedonem
468 3427 686 3496 etGhrysopolin
706 3432 893 3497 percursiones
913 3432 1013 3496 lacere,
1032 3440 1086 3483 tum
1105 3431 1217 3498 primuni
1235 3438 1287 3479 tam
1308 3429 1353 3479 νί-

251 3501 329 3552 cinae
348 3498 482 3551 inhiantes
502 3501 926 3566 terrae,nullan1turbamhaec
946 3506 971 3554 ei
990 3503 1145 3554 inliciebant
1165 3509 1191 3553 et
1210 3500 1353 3553 conlusio.

249 3586 329 3623 nem:
358 3570 404 3635 sed
420 3572 495 3639 quasi
514 3572 602 3625 aliena
626 3582 699 3625 terra
717 3584 871 3640 vexaretur,
889 3577 948 3642 ipse
972 3576 1113 3642 impatiens
1137 3572 1268 3625 manebat.
1307 3571 1354 3637 qui

251 3644 357 3711 quidem
377 3659 436 3695 cum
454 3643 534 3695 talem
554 3660 584 3699 se
603 3646 755 3714 praeberet,
774 3646 952 3715 Nicephorus,
977 3648 1022 3713 qui
1041 3649 1138 3714 primas
1158 3646 1190 3697 ab
1211 3660 1243 3695 eo
1264 3644 1354 3696 reler-

248 3722 301 3781 ret,
321 3715 461 3783 logotheta
485 3718 579 3782 stadii,
604 3718 702 3769 bonurn
731 3734 795 3786 erga
819 3735 911 3787 regern
934 3719 1048 3769 animum
1073 3716 1232 3787 plerumque
1252 3720 1355 3769 iactare

251 3786 363 3852 callens,
384 3788 481 3857 agebat
499 3790 614 3856 quidem,
636 3806 811 3858 quaeeunque
832 3806 864 3842 ex
882 3790 957 3843 illius
976 3792 1063 3841 animo
1083 3797 1173 3842 erant:
1193 3788 1354 3841 excludebat

251 3866 339 3909 autem
358 3876 373 3910 a
391 3862 466 3927 regis
486 3876 576 3916 amore
596 3869 703 3913 matrem
724 3868 751 3913 et
770 3863 985 3929 consanguineos
1006 3870 1033 3913 et
1051 3872 1157 3915 eeteros
1176 3870 1306 3931 cognatos
1324 3869 1355 3911 ut

249 3944 364 3994 regnare
391 3931 497 3983 scilieet
524 3934 663 4001 cupientes
690 3949 779 4001 neque
798 3934 869 4002 quod
889 3934 913 3982 ei
941 3934 1108 4000 profuturum
1128 3943 1199 3987 esset
1217 3934 1369 3994 uolentes,=

247 4007 278 4050 ‚et
293 4000 369 4067 quasi
388 4003 446 4068 ipse
466 4003 539 4055 solus
558 4005 625 4057 utile
645 4007 670 4056 ei
688 4014 796 4073 pararet
815 4005 931 4057 exstitit:
952 4005 1123 4072 quamobrem
1144 4008 1223 4058 etiam
1241 4006 1355 4057 multum

250 4070 320 4139 apud
339 4084 429 4137 regem
449 4073 542 4128 valeus
561 4078 619 4144 ipse
640 4084 705 4140 erat,
725 4077 770 4145 qui
795 4077 883 4130 omnia
902 4076 1044 4142 perliceret
1073 4080 1150 4146 regni
1171 4086 1197 4130 et
1217 4079 1276 4147 regi
1295 4084 1354 4127 trt-

244 4142 327 4194 ,deret
345 4156 412 4209 quae
433 4153 523 4197 essent
541 4149 643 4215 agenda
662 4157 688 4199 et
707 4147 822 4199 honores
850 4154 876 4198 et
900 4148 1153 4213 administrationes,
1174 4151 1270 4217 quibus
1288 4144 1353 4199 vel-

250 4212 299 4281 let,
319 4214 418 4268 donans
438 4215 565 4285 reditibus
584 4235 638 4270 non
658 4222 766 4287 paruis:
788 4227 844 4272 erat
861 4222 931 4273 enim
950 4229 1057 4287 praeter
1076 4230 1167 4274 cetera
1186 4221 1252 4274 vitia
1272 4218 1355 4293 etiam
