3017 4892
608 344 825 408 menonis..
1181 347 1187 354 '
1219 336 1266 408 61

169 501 386 586 ἀπαραίτητον
410 502 630 583 λογισάμενος,
662 503 766 588 βαρὺς
789 497 982 586 ἐχρημάτισε
1010 499 1184 587 φορολόγσς
1203 512 1270 578 τοῖς

167 603 368 684 χρεωσιοῦσι
389 602 538 686 δημόσια.
583 595 648 668 εἶτα
665 603 719 668 καί
740 605 798 679 τάς
816 607 878 668 τοῦν
898 603 1059 688 άφφικίων
1082 601 1188 677 δόσεις
1208 602 1270 666 αῦ·

167 699 220 784 τάς
244 705 408 785 περιέτεμε
431 703 565 785 πρῶτος,
584 704 638 766 καί
653 705 856 787 πανταχόθεν
887 696 938 768 οἰά
962 727 1008 778 τις
1030 696 1187 786 άπλησιος
1205 707 1271 786 θη-

168 799 281 884 ρευτής
302 801 490 866 εἰσεποιεῖτο
512 801 552 866 τά
566 801 727 888 χρήματα.
750 807 884 889 ἐμέλησε
903 805 932 866 δ’
956 802 1043 889 stirpi
1064 800 1142 884 μετά
1168 805 1270 868 ταῦτα

143 905 223 987 5καί
246 901 419 985 φειδωλίας
441 904 496 966 καί
516 906 575 968 τοῦ
599 903 783 989 προσθήκην
816 906 923 988 ἀγρῦν
945 908 985 992 τῇ
1006 904 1154 992 βασιλείᾳ
1178 927 1270 986 περι.

169 998 377 1083 ποιήσασθαι.
430 998 479 1065 διά
508 1007 563 1067 καί
592 1001 693 1068 πολλοὶ
715 1009 773 1085 μὲν
795 1004 939 1068 ἰδιωτικὰ
970 1004 1125 1088 πρόσωπα
1149 1007 1272 1068 πολλοῦν

169 1100 361 1185 ἀπεστέρησε
376 1101 526 1186 κτήσεων,
544 1103 688 1188 παριδών
709 1102 767 1181 τάς
778 1103 1037 1188 χρυσοβοῦλλους
1054 1103 1173 1170 τοῦτων
1192 1129 1272 1188 γρα-

170 1195 245 1284 φάς,
267 1200 308 1265 διῖ
332 1193 376 1265 ἀν
397 1201 505 1279 αῦτοῖς
540 1203 578 1268 τά
599 1208 656 1288 τῆς
679 1205 861 1281 δεσποτείας
881 1207 1075 1290 ήδραίωντσ·
1118 1211 1272 1290 ἐνέσκηψε

170 1301 205 1364 δὲ
226 1302 284 1366 καί
293 1326 363 1390 ,τισι
398 1305 459 1368 νῦν
483 1295 754 1390 φροντιοτηρίων,
784 1305 925 1390 μεγάλας
945 1306 1000 1372 καί
1020 1311 1174 1382 πλουσίας
1194 1303 1272 1388 κτή·

127 1424 234 1486 wasto
255 1404 390 1484 ἐχόντων
411 1406 463 1468 καί
482 1409 545 1470 ταῖν
566 1415 630 1484 τοῖς
652 1412 830 1489 βασιλικοῖς
854 1412 1033 1492 θησαυροῖς
1055 1409 1270 1488 ἀνακειμένων

167 1500 367 1596 ἀποδεούσας
391 1506 460 1582 οὐδ’
487 1501 585 1583 ἕλκως’
618 1512 690 1572 .καί
712 1508 831 1584 πολλάς
852 1509 959 1573 αῦτοῦν
988 1502 1195 1592 ἀφελόμενος,
1218 1509 1273 1570 καί

171 1600 224 1665 διά
250 1608 427 1686 λογοποιίας
447 1604 482 1670 τῦ
507 1600 625 1690 ἀρκοῦν
647 1608 865 1692 ἐγκαταλιπών
881 1614 994 1686 μοναῖς
1018 1605 1072 1670 καί
1085 1603 1269 1686 μονάζουσι,

145 1709 232 1776 ,τοῖς
249 1706 425 1782 βασιλικοῖς
443 1704 477 1768 τά
497 1707 647 1789 περισσάν
666 1705 904 1792 προσαφιάρισε,
922 1706 1053 1788 πράγμα
1070 1705 1271 1786 παρανομίας
1294 1740 1297 1745 ,

169 1804 227 1878 μὲν
249 1800 343 1878 δόξαν
366 1799 386 1885 ή
407 1803 555 1887 ἀσεβείας
577 1807 720 1889 εἰσάγον,
750 1810 806 1869 καί
828 1805 907 1891 πρὸς
927 1802 1108 1890 ἱεροσυλίαν
1128 1813 1193 1880 τοῖς
1213 1800 1270 1868 εῦ.

128 1931 160 1982 15
171 1903 373 1982 λαβεστέροις
396 1905 429 1966 ἑκ
450 1909 508 1968 τοῦ
536 1909 710 1989 προχείρου
735 1905 988 1992 ἀναφερόμενον,
1012 1899 1212 1985 ἀποτέλεσμα
1234 1907 1283 1974 δὲ,

73 2080 76 2088 Ὺ
168 2001 270 2083 μηδὲν
289 1994 405 2067 ἇτοαον
429 2005 592 2090 ἀποφέροι
607 2004 684 2089 πρός
696 2031 732 2089 γε
752 2006 825 2081 τοῦς
847 2010 1010 2091 ἐμβριθοῦς
1034 2006 1074 2070 τά
1104 2010 1268 2088 πράγμετα

170 2103 400 2182 διακρίνοντας.
457 2098 652 2187 ἑκατέρωθεν
672 2103 734 2188 γάρ
764 2102 912 2189 ὀνήσιμον
932 2101 1012 2172 εἰναι
1042 2105 1269 2191 διεγινώσκετο,
1279 2113 1297 2167 f.
1320 2112 1370 2168 179
1385 2131 1409 2168 τ.

168 2200 242 2274 τοῦς
262 2225 294 2264 τε
315 2200 479 2284 μοναχοῦς
499 2203 676 2289 φροντίδων
696 2207 896 2272 ἀπαλλάττον
914 2207 1130 2293 ἀπροσφόρων
1149 2210 1188 2294 τῇ
1199 2209 1266 2272 κατ’

169 2290 286 2374 αῦτοῦς
302 2301 453 2390 πολιτεία,
474 2302 528 2368 καί
537 2310 766 2390 χρηματισμοῦ
779 2303 852 2383 τοῦς
865 2306 1086 2394 ἀκτημοσῦνην
1096 2309 1269 2371 πεπαιδευ.

124 2403 283 2490 ηημένους
297 2402 490 2482 οἰπανισεοῦν,
514 2409 568 2470 καί
579 2407 671 2472 οῦδὲν
692 2411 757 2473 τιῦν
772 2407 851 2493 πρὸς
875 2409 937 2490 τήν,
953 2415 1065 2491 χρείαν
1085 2411 1272 2492 ἐπιτηδείων

170 2501 377 2586 ἀποστεροῦν,
398 2504 452 2572 καί
471 2504 545 2581 τοῦς
565 2507 785 2591 άγρογείτονας
803 2511 994 2593 ἐλευθεροῦν
1006 2512 1062 2592 τῆς
1076 2509 1196 2575 τοάτων
1208 2514 1270 2590 βα.

169 2601 311 2688 ρῦτητος,
323 2602 371 2670 ὅτι
384 2611 429 2696 τῷ
439 2614 606 2674 πολυτελεῖ
614 2614 669 2676 καί
684 2612 908 2697 πολυταλάντῳ
920 2613 982 2674 νῦν
993 2611 1131 2694 κτήσεων
1141 2608 1176 2674 τά
1191 2614 1271 2695 σφε.

169 2728 244 2788 τερα
263 2716 446 2776 καταλιπεῖν
479 2712 597 2786 αῦεσῦς
621 2711 650 2776 οἰ
673 2713 812 2794 μοναχοί
830 2707 1074 2796 κατηνάγκαζον,
1096 2714 1272 2792 ἀπληστίαν
1360 2767 1365 2781 ,
1394 2737 1406 2750 ·
1479 2793 1486 2802 .

170 2799 232 2890 ἤδη
254 2804 443 2892 νοσήσαντες
463 2810 519 2876 καί
539 2814 585 2887 εἰς
606 2809 670 2888 ἕξιν
691 2813 748 2876 τοῦ
771 2808 894 2887 πάθους
912 2808 1081 2894 γινόμενοι,
1101 2813 1155 2875 καὶ
1178 2833 1269 2895 περι.
1415 2816 1418 2823 ’

241 2995 265 3048 7.
288 3003 408 3054 κτίσεων
426 2997 455 3054 G.
563 2999 605 3053 21.
626 3000 772 3073 ἀποστερεῖ
782 2997 810 3054 G.

170 3177 278 3220 exactor
306 3171 470 3225 debitoribus
491 3172 623 3240 publicis,
650 3174 746 3225 deinde
773 3173 853 3224 etiam
872 3173 1022 3224 officiorum
1041 3172 1116 3223 dotes
1136 3172 1194 3238 ipse
1213 3172 1268 3222 cir.

169 3243 315 3292 curnsecuit
334 3245 442 3308 primus,
465 3252 490 3295 et
509 3246 625 3314 undique
644 3247 719 3313 quasi
738 3245 899 3298 insatiabilis
924 3252 1036 3296 venator
1055 3244 1162 3295 adduxit
1181 3242 1269 3294 facul-

168 3318 245 3376 tates,
274 3330 353 3364 curae
373 3324 459 3366 autern
485 3318 510 3366 ei
531 3317 579 3368 fuit
596 3326 656 3383 post
673 3316 740 3368 haec
761 3317 839 3368 etiam
858 3317 1018 3383 parsimonia
1038 3323 1065 3367 et
1081 3322 1111 3367 ut
1131 3317 1268 3367 accessio-

74 3431 81 3442 ,
166 3396 227 3432 nem
249 3401 371 3452 agrorum
391 3402 474 3454 regno
495 3387 614 3440 iaceret:
635 3397 777 3454 propterea
797 3389 875 3439 etiam
894 3388 991 3439 inultos
1010 3389 1129 3454 privatos
1148 3386 1268 3437 homines

167 3453 256 3504 multis
275 3458 393 3520 privavit
411 3460 634 3524 possessionibus,
646 3459 790 3527 negligens
808 3458 999 3512 aureasbullas
1019 3467 1045 3509 et
1062 3458 1153 3509 harum
1171 3459 1270 3522 scripta

168 3524 263 3589 quibus
289 3527 322 3576 iis
343 3527 485 3578 dominium
514 3530 669 3580 iirnrarotur.
708 3532 803 3581 inuidit
820 3540 907 3582 autem
928 3531 1007 3581 etiarn
1024 3531 1052 3579 in
1072 3530 1198 3596 quaedam
1217 3529 1268 3578 tri-

166 3593 302 3643 bunalium
321 3595 501 3660 iuridicorurn,
521 3615 630 3666 magnas
650 3609 677 3649 et
695 3601 792 3651 divites
814 3602 999 3667 possessiones
1018 3600 1172 3650 habentium
1191 3599 1268 3648 otiis

168 3679 236 3730 quae
262 3665 289 3713 in
314 3666 396 3732 regiis
423 3666 554 3720 thesauris
579 3669 716 3731 depositae
743 3679 842 3733 essent,
861 3671 938 3720 nullo
957 3669 1034 3719 inodo
1053 3668 1216 3728 inferiores,
1242 3674 1269 3717 et
1360 3704 1367 3710 -

166 3732 261 3786 multas
282 3750 370 3786 aarum
391 3737 508 3803 eripiens
529 3746 555 3787 et
574 3739 683 3788 fictione
703 3739 773 3806 quod
791 3740 855 3788 satis
875 3747 946 3790 esset
954 3737 1111 3804 relinquens
1130 3745 1267 3788 monaste·
1382 3791 1386 3800 Δ

165 3806 212 3855 riis
234 3815 260 3856 et
280 3807 426 3870 monachis,
446 3810 529 3876 regiis
549 3808 681 3860 thesauris
700 3806 862 3874 superfluum
881 3808 1018 3870 definivit,
1031 3822 1099 3875 quae
1118 3824 1161 3860 res
1180 3809 1267 3860 inius.
1331 3803 1366 3860 ιδ’·

165 3877 243 3926 titiae
262 3880 379 3944 speciem
398 3889 444 3930 aut
463 3881 605 3946 impietatis
632 3879 757 3943 afferret,
785 3887 811 3929 et
830 3880 862 3931 ad
880 3879 1051 3947 sacrilegium
1069 3895 1085 3930 a
1104 3879 1266 3932 cautioribus

165 3949 191 3997 in
218 3958 340 4016 promptu
369 3951 534 4016 referretur,
560 3952 607 4004 sed
634 3961 758 4003 eventurn
778 3965 831 4002 non
850 3953 968 4017 ineptum
988 3950 1113 4003 redderet
1131 3953 1201 4018 apud
1219 3966 1266 4004 eos
1355 3961 1370 3969 “

165 4021 209 4085 qui
230 4023 374 4087 prudenter
394 4039 436 4076 res
450 4024 643 4076 diiudicarent:
663 4024 695 4074 ab
713 4031 825 4092 utraque
845 4023 1008 4089 enim'parte
1025 4021 1098 4074 utilis
1118 4039 1180 4075 essa
1198 4039 1266 4091 cog-

164 4093 342 4157 noscebatur,
369 4111 427 4146 cunr
448 4102 474 4146 et
493 4095 636 4148 monachos
664 4096 734 4146 curis
761 4095 889 4147 liberaret
913 4101 940 4146 et
958 4111 974 4146 a
992 4103 1103 4162 quaestu
1125 4110 1190 4158 eos,
1220 4095 1266 4162 qui

164 4162 195 4213 ad
215 4165 331 4230 inopiam
350 4167 464 4219 instituti
484 4175 567 4232 eraut,
588 4166 746 4232 abduceret,
774 4177 801 4220 et
819 4166 887 4218 nihil
907 4180 1013 4228 eorum,
1039 4181 1107 4233 quae
1129 4168 1163 4218 ad
1191 4181 1266 4217 usum

164 4238 316 4290 necessaria
334 4247 411 4308 sunt,
432 4239 565 4308 eriperet,
592 4247 618 4291 et
636 4240 764 4308 agrorum'
780 4240 885 4294 viciuos
904 4237 1032 4298 liberaret
1050 4239 1144 4292 horum
1162 4239 1265 4308 impos·-

613 4331 623 4357 b
