3017 4892
465 334 500 383 κ
580 317 821 413 marom.
949 257 954 265 ⁵
1193 313 1306 397 seu-

165 487 321 573 πρότερον
353 484 405 565 τὸν
434 487 589 553 Σκυθικὸν
612 490 800 573 ἐπιφέρουσι
820 493 901 571 βίον.
951 490 1029 571 παρ’
1051 480 1097 553 ῶν
1116 493 1272 573 καταληι-

166 590 313 670 ζόμεναι,
335 591 390 653 καί
407 587 463 663 τοὶς
486 589 520 651 ἐκ
542 591 603 653 τῶν
630 590 805 673 βασιλικῶν
833 588 974 670 ταμεέων
996 588 1269 669 ἀποστελλομένοις
1300 591 1303 604 ’
1355 586 1363 598 ’

166 691 297 775 ἐτησίοις
321 688 502 773 φιλοτιμίας
526 690 649 776 απουδῇ
667 691 726 755 τοῦ
740 688 927 775 Νικηφόρον
943 686 1190 773 περιεκόπτοντο.
1215 687 1270 753 κατ’

167 789 246 855 κατὰ
269 789 362 855 τοῦτό
384 814 465 863 τινες
487 792 548 853 τῶν
570 786 722 860 τοιούτων
753 789 872 855 πόλεων
901 792 945 866 εἷς
969 791 1165 856 ῶποστασέαν
1187 791 1270 853 ῶπέ-

86 914 94 927 ·
139 896 291 974 5βλεψοιν
308 888 364 954 καί
384 890 428 965 εἰς
447 892 482 954 τὸ
508 888 599 965 έέλνος
621 895 682 954 τῶν
708 888 923 970 Πατζινῶκων
944 891 1169 975 παρήγγελλον.
1193 913 1268 955 σκε-

164 989 303 1075 ψάμενοι
320 980 348 1054 d’
371 991 401 1056 οἱ
422 990 494 1072 περί
515 988 568 1055 τὸν
590 994 725 1073 βασιλέα
747 991 911 1077 σατράπην
926 1000 1051 1059 στεῖλαι
1072 996 1135 1057 τῶν
1156 992 1269 1059 οἰκειο-

165 1090 269 1157 τάτων
294 1094 405 1180 ου’τῷ,
435 1088 574 1173 ἔγνωσαν
596 1089 758 1156 κατεποὶυιο
791 1096 845 1177 τῆς
866 1094 1027 1176 Δρέοτρας
1045 1094 1269 1175 χειροτονῆσαι

165 1190 311 1277 Νέστορᾴ
332 1218 403 1279 τινα
425 1194 476 1280 τῷ
489 1195 553 1256 τῶν
573 1196 763 1275 βεσταρχῶν
789 1196 849 1274 μὲν
873 1192 1032 1275 ἐξιῶματι
1050 1196 1269 1278 τετιμημένον,

119 1386 280 1478 ῑθγουότα
303 1397 358 1460 τοῦ
379 1392 612 1476 βασιλεύοντος.
655 1388 692 1458 ἐν
714 1398 770 1459 καί
790 1399 829 1483 τῇ
851 1397 989 1483 τοσαύτη
1009 1393 1144 1479 τιμήσας
1169 1392 1186 1458 ὁ
1210 1420 1264 1475 τη.

158 1492 296 1561 ’νικαῶτα
317 1498 441 1579 κρατῶν
477 1495 580 1580 ῶρχῄ,
613 1496 810 1573 ἐξαπέστειλε
838 1494 917 1575 μετὰ
948 1502 1041 1560 τινῶν
1059 1497 1266 1583 Δριστρηνῶν

163 1595 429 1679 ὑπισχνουμένων
449 1598 491 1679 τῷ
510 1600 641 1673 βασιλεῖ
660 1592 715 1677 τὴν
736 1598 781 1673 εἰς
802 1598 911 1661 τοῦτον
932 1598 989 1659 τοῦ
1010 1593 1147 1679 κῶστρον
1166 1593 1266 1677 μετά-

164 1700 265 1761 θεσιν.
311 1693 459 1759 α’πελθῶν
480 1695 534 1773 δὲ,
558 1696 617 1757 ιιαέ
632 1718 703 1759 τινα
734 1692 851 1780 χρόνον
874 1690 1039 1780 διηνυκῶς,
1059 1673 1186 1779 ⁸ar‘t'preae
1208 1698 1267 1776 μὲν

164 1794 241 1868 τούς
262 1798 435 1877 ἐγχωρίους
452 1790 566 1878 μικρόν
581 1819 613 1858 τι
628 1788 650 1880 ἢ
667 1796 760 1859 οὐδὲν
777 1792 834 1879 τήν
847 1800 905 1861 ποῶ
924 1798 1082 1879 βασιλέως
1102 1799 1165 1860 τῶν
1184 1795 1266 1861 Ῥα-

122 1914 155 1969 15
164 1894 459 1978 μαέοονιιιυριόιητα
482 1898 781 1981 ἐπιστρεφομένους,
804 1898 896 1972 εέςέἐ
918 1893 973 1962 τὸν
989 1893 1165 1981 ἐξῶρχοντα
1187 1895 1265 1961 ταῶ-

165 2018 228 2058 acar
254 1992 397 2077 (Τατρύς
427 1995 514 2083 crispi
542 1993 561 2077 ἦ
594 1999 805 2083 προσηγορία)
834 1996 890 2082 την
919 2000 1066 2075 ἐξουσίαν
1085 1998 1142 2081 τῆς
1163 1992 1264 2083 ῶιιρας
1275 2011 1294 2067 l.
1306 2011 1357 2068 art
1369 2026 1393 2069 r.

166 2089 344 2177 ὁλοσχερῶς
371 2094 598 2178 α’ναφέροντας.
649 2094 710 2162 εἴτε
743 2100 778 2162 dd
808 2098 901 2188 φόβφ
930 2094 1051 2166 τούτων
1081 2088 1098 2163 ἐ
1132 2102 1264 2185 Νέστωρ

166 2198 402 2273 κατασεισβεές,
423 2193 486 2261 εἴτε
507 2199 548 2283 τῷ
570 2196 709 2287 ὄμοτίμφ
732 2202 791 2265 τοῦ
812 2203 922 2282 γένους
945 2203 998 2284 τῆς
1021 2198 1147 2265 ἐκείνων
1168 2195 1266 2285 ἐρασζ

164 2296 233 2371 θεῖς
254 2301 479 2385 προαιρέσεως,
500 2294 559 2361 εἴτ’
579 2302 613 2363 ἐκ
627 2302 682 2383 τῆς
703 2297 943 2386 καταλαβούσης
962 2298 1058 2365 αὐτὸν
1080 2296 1186 2388 φήμης
1207 2305 1269 2386 δη-

121 2402 256 2481 λθχθεές
276 2398 334 2481 την
349 2398 468 2485 ψυχήν,
491 2393 556 2485 ἥτις
577 2392 615 2483 ἦν
634 2396 677 2476 ῶς
696 2397 753 2484 τήν
765 2404 868 2467 αι’κιάν
887 2402 992 2467 ον’τοῶ
1007 2402 1063 2467 καὶ
1082 2401 1136 2486 τὴν
1155 2403 1267 2468 οὐσιάν

164 2502 209 2587 τῷ
219 2501 359 2589 ἐημοσέφ
373 2503 571 2587 ἐγγράφουσι
584 2502 745 2587 προφάσει
760 2507 819 2567 τοῦ
828 2499 872 2586 μη
887 2507 1110 2569 καταναλῶσαι
1122 2503 1156 2567 τὸ
1170 2506 1266 2569 δοθὲν

166 2602 252 2687 αὐτῷ
274 2598 407 2684 χρυσίον
427 2603 461 2665 ἐκ
484 2607 546 2667 τῶν
568 2600 741 2683 βασιλικῶν
760 2606 941 2688 θησαυρῶν
954 2602 1000 2678 εἰς
1022 2606 1092 2668 δέον
1114 2604 1184 2685 (καὶ
1203 2603 1265 2687 γοὶρ

167 2700 330 2781 δυσμενῶς
350 2696 432 2783 ἔχων
455 2704 535 2786 πρὸς
557 2699 655 2769 αὗτὸν
681 2700 696 2765 ὃ
720 2702 905 2789 Νικηφόρος
935 2701 1071 2788 ἔπραττε
1091 2707 1185 2770 τοῦτο
1208 2727 1267 2768 κα-

168 3011 344 3077 etiamdum,
371 3028 440 3080 quac
470 3028 504 3065 ex
531 3014 614 3083 regiis
639 3013 772 3067 thesauris
796 3015 937 3083 quotannis
961 3014 1151 3080 mittebantur,
1176 3016 1263 3069 studio

165 3082 309 3152 llicephcri
330 3085 634 3139 circumscribebantur:
657 3096 737 3156 atquc
756 3085 806 3137 bae
824 3089 928 3139 ratione
940 3086 1087 3138 nonnullae
1105 3086 1198 3138 barum
1216 3104 1264 3138 ur.

165 3154 236 3206 bium
256 3156 289 3207 ad
306 3157 464 3209 seditionem
483 3166 652 3224 spectarunt,
673 3168 700 3211 et
717 3159 749 3210 ad
778 3158 905 3226 populum
923 3158 1124 3211 Patainaccrum
1144 3160 1264 3209 nuntium

164 3227 309 3279 mittebant.
359 3228 492 3293 volentes,
512 3232 556 3297 qui
576 3231 646 3282 circa
670 3246 763 3299 regem
790 3238 879 3294 erant,
898 3238 1028 3297 satrapam
1053 3232 1159 3281 mittere
1179 3246 1213 3281 ex
1230 3230 1264 3301 iis

165 3300 209 3367 qui
228 3299 269 3350 illi
286 3301 398 3351 maxime
417 3310 493 3353 erant
507 3303 599 3366 dediti,
619 3310 768 3355 statuerunt
785 3303 950 3369 praefectum
959 3303 1079 3354 Dristrac
1098 3315 1191 3353 creare
1207 3300 1264 3354 lie.

165 3378 262 3422 aterem
285 3372 425 3438 quendam,
445 3374 630 3425 vestiariorum
644 3375 794 3441 principum
812 3375 941 3443 dignitate
962 3374 1129 3437 honoratum,
1149 3372 1181 3423 ab
1193 3371 1264 3437 llly-

135 3458 140 3468 ν
165 3440 212 3491 riis
232 3454 317 3507 genus
336 3442 476 3493 ducentem
498 3453 524 3495 ct
542 3459 647 3505 servum
662 3445 924 3511 paternum-lactum
943 3446 1034 3513 regis:
1061 3459 1139 3512 quem
1158 3444 1264 3511 quidem

167 3512 245 3561 ctiam
262 3518 335 3560 tanto
354 3507 492 3563 honorans'
507 3516 551 3580 qui
571 3522 624 3563 tum
650 3515 797 3582 imperabat
823 3516 955 3581 imperio,
976 3517 1050 3567 misit
1068 3531 1126 3567 cum
1144 3513 1264 3566 nonnul-

166 3577 199 3629 lis
218 3581 380 3645 Dristrenis‚
406 3583 451 3649 qui
477 3584 663 3648 promitterent
685 3587 744 3651 regi
771 3600 800 3635 se
827 3587 967 3637 castellum
991 3586 1054 3637 baie
1072 3585 1265 3636 conciliaturus

168 3665 235 3703 esse.
280 3667 338 3701 eum
360 3652 383 3703 is
409 3652 519 3703 abiisset
545 3661 571 3703 et
595 3660 697 3718 tempus
725 3652 833 3721 aliquod
858 3656 1011 3721 peregisset
1028 3657 1090 3717 iter,
1110 3653 1265 3706 inveniebat

166 3721 268 3775 incolas
296 3721 402 3789 paulum
430 3720 475 3773 vel
495 3722 563 3773 nihil
590 3726 663 3791 regis
684 3724 844 3774 Graecorum
872 3732 1031 3790 potestatem
1050 3727 1197 3790 respicere,
1216 3725 1264 3777 sed

167 3794 197 3844 ad
216 3796 363 3861 principem
391 3809 466 3845 suum
493 3793 598 3863 (Tatrys
624 3796 648 3845 ei
675 3802 731 3845 erat
755 3798 867 3863 nemen)
894 3796 1032 3862 imperinm
1059 3796 1129 3847 areis
1153 3810 1262 3863 prorsus
1315 3847 1321 3854 ,

166 3865 286 3917 deferre:
309 3865 369 3916 sive
394 3872 480 3916 autem
505 3875 576 3918 metu
602 3865 694 3917 borum
713 3864 810 3917 Nestor
836 3881 980 3917 concussus
1007 3868 1067 3920 sive
1084 3875 1194 3936 prepter
1212 3884 1261 3919 ae.

167 3952 242 4007 quam
267 3938 375 4005 generis
403 3937 556 4004 dignitatem
579 3937 686 3989 illorum
714 3945 804 4003 partes
822 3952 933 4001 amans,
958 3938 1017 3989 sive
1034 3947 1144 4005 prepter
1166 3939 1261 3990 lamam

166 4010 197 4061 ad
218 4024 277 4060 eum
297 4008 409 4060 delatam
430 4010 517 4060 anime
536 4017 659 4077 punctus,
686 4023 754 4076 quae
774 4008 878 4060 aiebat:
899 4008 1002 4059 domum
1022 4011 1080 4061 eius
1099 4019 1126 4062 ct
1143 4027 1198 4062 rem
1218 4010 1261 4063 la.

166 4080 295 4133 miliarem
315 4079 446 4148 publicari
465 4089 603 4147 praetexte
624 4082 699 4148 quasi
725 4094 794 4153 σου(
806 4080 979 4147 impendisset
997 4097 1065 4149 quae
1084 4082 1109 4132 ei
1125 4083 1185 4135 data
1205 4089 1263 4134 erat

170 4168 202 4205 ex
226 4152 309 4220 regiis
329 4152 461 4204 thesauris
480 4153 619 4218 pecuniam
638 4152 670 4203 ad
689 4167 732 4203 res
751 4151 932 4204 necessarias:
960 4154 1057 4203 etenim
1075 4153 1261 4221 inimice‚dis.

166 4226 268 4295 pesitus
291 4224 419 4279 adversus
449 4239 508 4275 eum
531 4222 698 4291 llicephcrus
730 4223 852 4291 patrabat
876 4223 1077 4292 boc,turpiter,
1107 4224 1209 4280 invidia
1233 4232 1261 4275 et

1028 4329 1035 4356 έ
