3017 4892
271 303 346 378 ιιι
540 301 780 406 Ιπισσιειιε
811 294 1072 371 ammonia

272 496 327 560 ρον
351 473 407 556 δέ,
435 467 516 555 μετὰ
538 466 573 536 τό
599 471 785 534 ἐπανελθεῖν
807 465 861 532 τόν
878 466 1078 556 Ῥαοσξλιον,
1101 469 1230 538 ποιναῖς
1250 463 1431 548 περιπί-

271 599 398 655 πτουσι,
417 573 476 655 τῆς
499 573 586 656 δίκης
605 567 820 652 μετελθούσης
847 566 977 642 ου’τοός.
1053 589 1058 601 ·

373 672 412 740 Οἱ
437 675 464 736 δ’
482 674 516 736 έν
535 665 799 758 τῇβασιλευοόση
821 666 970 755 φυλακὰς
986 666 1183 753 ἀμφοτέροις
1195 673 1267 741 ταῖς
1288 665 1418 730 ἄνακ-

271 775 373 862 τόροις
398 770 619 858 ἐπιστήσαντες
631 824 640 853 ,
668 769 711 845 ὦς
738 773 949 855 προείρηται,
978 761 1170 852 προσέμενον
1187 769 1234 857 τῷ
1252 767 1415 854 μεγάλην

271 881 416 956 τεμένει,
439 873 493 938 καί
514 873 680 946 έπιστολός
702 875 744 958 τῷ
767 869 962 962 Βοτρνειοὶτη
986 867 1134 953 δουλικὴν
1156 867 1309 952 ἑχούσοις
1335 864 1438 949 τῆνὸ

272 976 366 1063 ῥῆσιν
384 975 574 1057 ἀνέπεμπον,
596 970 726 1056 καῖτῆν
751 975 922 1057 ἐπιδημίαν
943 967 986 1047 ὥς
1007 975 1087 1035 θεοῦ
1107 974 1150 1059 τῷ
1171 963 1242 1036 όντι
1265 975 1409 1034 ποθει-

271 1081 332 1153 asic
353 1073 559 1159 έπετοίχυνον.
602 1077 658 1138 καί
679 1065 763 1158 ἦσαν
785 1075 838 1137 ε’πί
857 1075 961 1156 τρισίν
995 1071 1129 1157 ἡμέραις
1167 1071 1405 1154 ἀβασίλευτον

270 1181 436 1262 τηροῦντες
456 1173 513 1260 τὴν
529 1173 620 1240 πόλιν
642 1173 698 1238 καί
717 1166 847 1255 ἄσυλον,
870 1175 924 1237 καί
946 1174 1041 1236 τοῦτο
1056 1175 1230 1254 μονονουχί
1250 1169 1404 1258 ἐπιφαι-

204 1279 210 1286 “
274 1279 401 1350 νοῦντες
423 1268 648 1358 ουχνοῖςδπερ
681 1277 736 1338 καί
757 1270 811 1336 έπί
841 1276 900 1337 τοῦ
924 1274 1005 1356 έμοῦ
1029 1276 1171 1358 Χριστοῦ
1202 1273 1234 1337 οἱ
1265 1275 1401 1348 παῖδές

271 1399 343 1442 ποτε
369 1373 450 1458 μετό
481 1372 604 1439 κλάδων
636 1372 812 1460 εόφὴμουν,
845 1373 884 1438 τό
906 1372 1176 1459 “ευ’λογημένοςὸ
1206 1369 1439 1458 έρχόμενοςιθ

271 1480 305 1543 έν
326 1473 452 1559 ὀνόματι
475 1481 586 1560 κυριόυ
607 1474 762 1557 βασιλεός
783 1473 1035 1556 εδσεβέατατος”.
1080 1469 1097 1536 δ
1122 1477 1176 1538 καί
1196 1470 1397 1557 παραδοξό-

272 1600 366 1644 τατον
389 1587 454 1653 τοῖς
476 1572 562 1652 όλοις
585 1571 816 1660 διεγινοόσκετο,
840 1576 895 1640 καί
916 1575 1025 1640 ου’δενί
1057 1579 1119 1638 τῶν
1141 1573 1299 1639 ἁπάντων
1336 1574 1393 1648 εἰς

271 1681 386 1764 γνοῖσιν
406 1678 561 1763 ἐλήλυθεν
583 1677 603 1761 ἢ
626 1675 751 1760 ἱστορία
772 1678 1009 1761 παραδέδωκεν,
1030 1676 1082 1739 ἵνα
1105 1674 1297 1761 χηρεύουσα
1320 1679 1393 1756 βα-

272 1776 447 1845 σιλεόουσα
473 1775 563 1855 πόλις
584 1780 704 1861 μηδένα
717 1783 773 1862 τῆς
796 1779 900 1861 ἀρχῆς
921 1774 1081 1863 λογίσηται
1103 1770 1191 1854 ἄξιον
1211 1769 1234 1860 ἢ
1254 1774 1315 1840 τόν
1330 1779 1392 1860 έρ-

270 1879 404 1962 χόμενον
427 1877 544 1958 &desc
573 1881 626 1942 καί
655 1877 891 1962 προερχόμενον
919 1877 997 1960 μετὰ
1029 1883 1201 1961 βασιλικῆς
1225 1872 1430 1960 semodi-15

274 2004 365 2056 οεοις.
412 1975 487 2045 ὅθεν
505 1978 562 2060 ,καί
584 1978 598 2042 ὃ
621 1979 729 2057 στόλος
750 1975 845 2060 δέπας,
867 1974 944 2062 ἄχρι
968 1983 1156 2064 Πραινέτου
1187 1975 1271 2060 μετὰ
1303 2001 1389 2042 ουν-

274 2080 389 2158 τόξεως
411 2081 631 2161 οἷποπλεόσας,
654 2080 830 2167 εὐφημίαις
853 2084 962 2145 τοῦτον
985 2081 1241 2164 ου’ρονοβᾰμοσιν
1263 2079 1386 2164 ἐμεγά-

237 2247 240 2252 ,
275 2187 357 2245 λυνε.
401 2183 457 2245 καί
478 2183 592 2257 πολλοί
612 2184 675 2245 τοῖν
700 2184 733 2245 ἐν
754 2184 913 2260 ἐξουσίαις
934 2184 1080 2263 πολιτῶν,
1104 2172 1151 2256 οἷς
1174 2183 1205 2246 τό
1231 2181 1382 2262 βαδιζειν

277 2285 332 2346 καί
367 2278 512 2347 οίποοτόδ
532 2329 540 2346 .
562 2330 571 2345 .
593 2281 751 2368 αόόνηθες
777 2275 836 2366 η’ν,
873 2287 1100 2368 προτρέχοντες
1128 2273 1205 2367 όχρι
1238 2283 1381 2353 Νικαίας

277 2378 368 2460 πεζοί
396 2383 438 2469 τῷ
472 2385 601 2463 βασιλεῖ
628 2382 666 2446 τὰ
697 2384 867 2468 εὐαγγέλια
897 2387 1025 2469 θερμῶς
1055 2383 1138 2465 μετὰ
1174 2384 1293 2447 πολλοῦ
1321 2383 1419 2448 cosso

277 2475 442 2564 ἄσθματος
463 2483 686 2571 προηγόρευον,
706 2488 827 2571 μηδένα
850 2485 948 2572 φόβον
968 2489 1030 2551 τοῖν
1063 2480 1211 2569 Τοόρκοον
1232 2483 1278 2558 εἷς
1302 2484 1378 2546 νοῦν

276 2581 511 2666 λαμβάνοντες,
541 2585 572 2648 οδ
601 2581 657 2650 τόν
685 2583 719 2682 έν
749 2589 837 2674 μέσῳ
867 2591 974 2669 χοῖρον
994 2581 1148 2671 οἷγεληδόν
1168 2587 1376 2669 περιέτρεχον.

277 2685 310 2747 έν
332 2684 368 2748 δέ
387 2687 425 2770 τῇ
445 2689 614 2777 Πραινέτῳ
638 2689 938 2770 διαναπαυσόμενος
960 2683 977 2750 δ
999 2685 1152 2770 βασιλεὺς
1174 2682 1268 2783 (πρός
1281 2687 1374 2750 έοπέ-
1482 2726 1483 2763 ,

276 2910 408 2963 sidentem
426 2924 617 2980 processerunt
646 2918 832 2969 etinveniunt
850 2915 1003 2982 Ruselinm,
1024 2918 1069 2984 qui
1094 2914 1243 2968 Heracleae
1260 2917 1309 2967 iam
1324 2916 1369 2967 ri-
1481 2850 1482 2935 έ

277 2983 379 3034 ctoriae
398 2984 431 3035 de
449 2983 609 3041 adversariis
622 2997 775 3056 reportatae
791 2989 889 3056 gratias
900 2989 1078 3042 sacrificaret:
1096 2997 1269 3057 posteaquam
1287 2995 1368 3038 autem

269 3054 401 3109 mamlius
419 3057 507 3122 rediit,
524 3059 552 3108 in
571 3073 671 3126 poenas
690 3060 811 3111 incidunt
830 3061 950 3112 iustitiae
969 3075 1016 3112 eos
1035 3061 1230 3128 persequentis.
1480 3042 1481 3105 i

365 3144 433 3206 ·Qui
453 3151 539 3195 autem
557 3147 585 3196 in
604 3147 670 3198 urbe
690 3155 780 3212 erant,
799 3149 932 3213 praesidia
957 3149 1062 3215 utrique
1080 3150 1173 3217 regiae
1191 3148 1364 3213 imponentes,

275 3221 305 3264 ut
324 3213 421 3264 dictum
442 3222 482 3265 est
500 3223 590 3281 antea,
609 3217 750 3269 manebant
768 3219 838 3285 apud
857 3234 980 3287 magnum
999 3220 1087 3271 fanum
1115 3227 1141 3271 et
1166 3218 1289 3286 epistolas
1312 3217 1364 3268 Bo-

275 3284 392 3334 taniatae
410 3285 537 3336 servilem
556 3286 684 3339 babentes
705 3289 847 3340 dictionem
873 3291 1022 3353 mittebant,
1043 3297 1071 3340 et
1086 3291 1228 3343 adventum
1249 3299 1363 3355 tanquam

275 3354 320 3404 dei
338 3368 434 3405 revera
454 3356 550 3423 cupide
569 3359 771 3411 accelerabanta
803 3369 829 3411 et
846 3376 896 3427 per
914 3368 968 3412 tres
993 3363 1051 3412 dies
1070 3364 1129 3414 sine
1148 3377 1214 3428 rege
1232 3358 1362 3414 seruabant

230 3485 233 3489 .
263 3424 367 3498 ⁸urbem
387 3433 414 3475 et
431 3426 601 3494 incolumem,
622 3428 654 3481 et'
668 3429 719 3481 hoc
745 3446 833 3498 paene
851 3432 1058 3497 pronuntiabant
1076 3433 1187 3496 crebro,
1207 3431 1361 3498 quodetiam

274 3512 334 3548 meo
354 3504 474 3564 tempore
494 3497 593 3552 Christi
613 3502 662 3553 filii
682 3518 740 3553 cnm
758 3504 838 3554 ramis
865 3502 1050 3554 celebrabant:
1071 3504 1217 3569 „salutatus
1237 3504 1280 3570 qui
1296 3501 1361 3553 uenit

274 3568 382 3619 nomine
399 3568 499 3621 domini
522 3585 571 3624 rex
590 3574 757 3641 piissimum:
784 3574 811 3625 id
839 3576 908 3642 quod
929 3577 1008 3626 etiam
1033 3577 1144 3626 maxime
1163 3577 1359 3640 inexspectatum

275 3641 409 3698 universis
434 3644 646 3710 cognoscebatur
663 3661 751 3712 neque
772 3646 895 3713 cuiquam
919 3648 1034 3697 omnium
1053 3649 1081 3697 in
1099 3647 1219 3697 notitiam
1237 3645 1305 3696 venit
1320 3649 1360 3692 ant

198 3741 200 3744 -
275 3711 387 3764 historia
411 3714 532 3780 tradidit,
564 3711 654 3768 orbam
684 3716 776 3767 urbem
802 3731 951 3784 quenquam
973 3719 1085 3784 imperio
1115 3717 1240 3788 babuisse
1265 3716 1359 3782 dignum

275 3785 327 3838 nisi
357 3785 510 3837 venientem
539 3789 704 3840 extrinsecus
740 3795 767 3837 et
793 3788 980 3855 procedentem
1008 3804 1067 3843 cum
1090 3790 1166 3855 regia
1199 3785 1358 3838 confidentia:

238 3861 255 3893 ἰ
276 3871 358 3922 quare
378 3859 457 3910 etiam
477 3856 571 3911 classis
592 3861 676 3910 omnis
695 3873 780 3925 usque
803 3859 836 3909 ad
854 3858 1011 3910 Praenctum
1039 3860 1132 3910 ordine
1149 3860 1277 3926 navigans
1293 3855 1358 3907 salua

274 3927 420 3982 tutionibus
442 3929 513 3979 bunc
533 3929 695 3981 coelestibus
714 3927 827 3980 tollebat
846 3929 965 3980 etmulti
984 3931 1059 3981 cives
1078 3929 1273 3998 magistratibus
1290 3941 1356 3994 prae-

275 3996 334 4059 diti,
354 4001 400 4062 qui
418 4000 526 4068 longius
553 4000 627 4052 abire
649 4015 702 4051 non
721 3999 859 4065 solebant,
883 4009 1073 4066 procurrentes
1093 4017 1176 4070 usque
1201 4002 1233 4052 ad
1251 3998 1358 4051 Nicaeam

252 4066 256 4074 “
277 4068 380 4134 pedites
402 4073 461 4136 regi
479 4074 600 4124 nuntium
619 4072 717 4125 bonum
742 4070 828 4123 calide
853 4087 911 4121 cum
929 4072 1013 4124 multo
1039 4074 1135 4125 sudore
1160 4070 1357 4139 pronuntiabant,

276 4138 379 4189 nullum
400 4147 497 4190 metum
522 4142 664 4196 'furcarum
691 4144 777 4194 animo
803 4143 1005 4209 concipientes,
1031 4147 1076 4212 qui
1103 4145 1269 4196 interiectum
1283 4142 1357 4192 locum

278 4211 409 4282 gregatim
423 4213 622 4280 percursabant.
660 4215 786 4268 Praeneti
800 4223 889 4266 autem
901 4217 1044 4285 quiescens
1061 4231 1111 4269 rex
1121 4220 1195 4288 (uam
1210 4213 1357 4268 occidentem
