3017 4892
269 317 317 391 52
531 415 533 424 ‚
574 316 804 386 ulceribus
823 317 1084 383 A'l'l'llLIOTAE

267 478 345 564 πρὸς
364 477 487 564 μικρόν.
507 472 561 544 εἶτ’
582 481 795 564 ἀνενεγκούσα
811 484 873 545 τῶν
888 480 1059 562 ἐλλογίμων
1077 475 1175 561 οίνδρί
1185 499 1246 540 τινι
1271 473 1387 557 ἱερω-

267 583 351 668 μένῳ
371 603 404 644 τε
424 583 484 644 καί
500 585 655 656 συνέσεως
676 584 804 664 γέμοντι
826 583 882 644 καί
900 571 1107 660 πολυπειρίας
1129 577 1187 640 oria
1202 578 1384 641 ἀποδέοντι

269 683 379 763 (Λέων
403 683 598 766 προσηγορία
627 683 670 768 τῷ
700 680 809 765 α’νδρί)
830 677 889 764 τὴν
918 682 1070 764 διοίκησιν
1094 681 1156 742 τῶν
1176 675 1382 762 πραγματείαν

267 783 450 864 ἐπέτρεψεν.
492 783 635 856 ἐπιεικῶς
657 772 715 846 σύν
736 773 827 856 οὗτος
854 784 889 844 ίν
911 776 1030 844 ἅπασιν
1054 781 1190 862 ἐνεργῶν
1216 781 1271 843 καί
1289 773 1379 841 alorci

267 874 357 965 λόγον
380 889 445 957 τοῖς
459 885 728 964 παρεμπίπτουσι
750 879 1003 964 χρύμενος,εκαί
1023 880 1078 944 τὸν
1098 881 1194 960 νόμον
1214 877 1408 960 ποιούμε-5

267 1004 319 1058 νος
340 983 499 1067 βούλημα,
527 984 634 1046 πᾶσαν
662 983 814 1061 ου’ταξιάν
837 979 892 1046 καί
915 985 1067 1062 εύνομιάν
1101 984 1252 1063 πεποίηκε
1275 986 1374 1042 πολι.

267 1082 430 1148 σεύεσθαι.
486 1081 541 1146 καί
561 1084 774 1148 α’στασίαστον
788 1074 834 1167 ’ἦν
863 1083 903 1147 ου’
922 1082 1018 1163 μόνον
1038 1081 1071 1147 τύ
1092 1077 1270 1162 Ῥωμαίοις
1284 1081 1377 1163 riurj-

268 1208 337 1249 κοον
360 1183 440 1249 α’λλύ
465 1186 520 1250 καί
545 1183 622 1248 αύτὸ
643 1181 678 1247 τὸ
700 1182 897 1268 ἀλλόφυλον,
930 1186 988 1247 τού
1005 1186 1084 1247 θεού
1106 1181 1230 1257 πάντας
1252 1182 1381 1264 εὐαρε-

268 1287 441 1368 στουμίνου
461 1286 499 1370 τῇ
517 1285 712 1370 οίγαθοερμίρι
731 1289 793 1349 τοῖν
809 1274 953 1367 πράξεων
973 1289 1028 1349 καί
1049 1285 1086 1348 τύ
1108 1279 1218 1349 σκολιοὶ
1242 1284 1298 1356 εἰς·
1310 1283 1374 1344 εύ-

267 1391 362 1450 θεῖον
382 1386 629 1466 ἐξομαλιζοντος.
1204 1424 1206 1433 1
1326 1407 1330 1412 ·
1385 1392 1421 1444 10

373 1489 435 1566 Τῆς
458 1486 492 1549 δὲ
514 1481 664 1566 τοιαύτης
678 1487 865 1570 βασιλίσσης
885 1483 965 1569 πρὸς
986 1486 1045 1568 την
1058 1486 1181 1550 ἐκεῖθεν
1203 1487 1374 1564 βασιλειάν

208 1611 210 1616 ’
267 1583 443 1671 μελλούσης
464 1587 707 1676 μεταναστῆναι
741 1582 953 1670 (ἐμονάρχησε
983 1585 1045 1669 γὰρ
1076 1583 1193 1667 χρόνον
1228 1585 1282 1648 ἕνα
1318 1582 1376 1646 καί

266 1693 371 1773 μῆνας
404 1687 502 1771 iord)
531 1684 605 1768 περί
629 1690 787 1766 βασιλέως
821 1690 948 1772 φροντίς
976 1669 1100 1768 κατεῖχε
1133 1684 1206 1760 τούς
1240 1682 1274 1748 ἐν
1305 1691 1374 1756 τοῖς

268 1789 443 1871 βασιλείοις
464 1784 511 1850 τύ
532 1789 641 1872 προῖκα
673 1790 840 1873 φέροντας.
883 1789 937 1852 καί
956 1787 998 1862 ιύς
1028 1782 1061 1851 τύ
1086 1787 1285 1866 α’ποιίλεσμα
1306 1810 1373 1848 πα-

179 1960 186 1967 ,
270 1890 456 1972 ρεστήσατο,
478 1888 556 1968 ου’χί
576 1887 632 1952 τὸν
652 1893 801 1970 γενναίως
824 1889 1031 1969 ἅνθεξύμενον
1044 1891 1099 1971 τῆς
1121 1886 1224 1971 ἀρχῆς
1251 1887 1372 1968 α’ναμο-
1383 1897 1416 1947 15

268 1991 384 2071 ρεύσαι
399 1988 590 2072 προείλοντο,
617 1987 684 2051 ἀλλ’
706 1985 739 2063 dr
755 1983 793 2052 ἂν
806 1989 927 2070 μᾶλλον
946 1984 1054 2065 ύπιιος
1069 1985 1171 2053 ἔσοιτο
1189 1987 1244 2051 καί
1264 1985 1375 2059 αύτοῖς

270 2086 492 2168 ὑποκείμενος,
513 2089 569 2151 καί
589 2089 628 2174 τῇ
648 2087 783 2176 α’φελείη
804 2091 860 2153 καί
880 2089 1012 2176 α’μελείρι
1034 2087 1093 2171 την
1113 2090 1267 2172 διοίκησιν
1285 2089 1373 2168 μύλ-

269 2193 325 2253 λον
346 2187 453 2263 αύτοῖς
474 2186 705 2272 α’ναθεῖναιμη
729 2189 941 2272 ἰσχυρίσαιτο.
1411 2272 1420 2279 .

147 2319 173 2357 a.
194 2296 262 2355 1056
373 2284 619 2372 Ἀνανορεύουσι
638 2288 743 2353 τοίνυν
761 2289 939 2374 πρεσβύτην
960 2289 1032 2355 τινα
1061 2287 1294 2370 ὀνομαζόμενον
1313 2291 1372 2370 μὲν

79 2419 82 2424 ’
149 2373 422 2476 ιι]·Α“Ψ·1ίίίιχαη’λ,
435 2388 607 2464 πολιτικοῖς
622 2393 657 2454 dt
671 2394 951 2473 συντεθραμμένον
968 2382 1066 2474 ἧθεσί
1077 2415 1111 2454 τε
1125 2392 1180 2452 καί
1193 2387 1367 2473 πρύμμασι,
1378 2401 1413 2454 20

272 2491 328 2557 καί
347 2488 380 2556 τύ
404 2493 461 2556 τού
482 2494 710 2576 στρατιωτικοῦ
737 2492 907 2576 τηνικαῦτα
929 2496 1124 2580 διαφέροντα
1153 2515 1190 2556 σε
1212 2535 1343 2559 .....
1358 2536 1368 2570 ,

218 2669 219 2674 ¹
273 2593 395 2657 άπλοῦν
412 2595 472 2674 μὲν
507 2589 561 2656 καί
579 2593 684 2678 α’φελῆ
714 2593 794 2656 κατὰ
817 2591 851 2655 τύ
875 2589 971 2672 δόξαν
993 2587 1121 2675 αύτοῖς,
1142 2600 1250 2657 πλεῖον
1271 2593 1306 2656 δὲ
1325 2593 1368 2678 τῷ

271 2691 363 2780 γήρει
380 2692 587 2780 τρυχόμενον,
609 2691 664 2760 καί
684 2693 737 2762 θεοὶ
760 2697 854 2760 τούτο
875 2702 1031 2772 κοινωνοῖς
1065 2697 1175 2771 αύιοῖς
1196 2699 1254 2778 τῆς
1273 2697 1369 2775 βασι-

272 3001 332 3054 viro
363 3000 464 3052 cuidam
484 3003 565 3054 sacro
593 3009 619 3051 et
645 3001 801 3067 prudentiae
826 3000 908 3067 pleno
934 3016 1023 3070 neque
1051 3003 1217 3069 experientia
1244 3000 1367 3053 destituto

274 3071 363 3140 (Leon
381 3087 479 3123 nomen
499 3079 555 3123 erat
573 3071 648 3141 viro)
668 3073 922 3124 administrationem
942 3090 1029 3124 rerum
1057 3075 1172 3126 tradidit.
1210 3081 1271 3139 apte
1289 3071 1368 3139 igitur

273 3143 317 3194 hie
336 3145 364 3193 in
384 3143 505 3196 omnibus
526 3158 608 3210 agens
629 3152 655 3193 et
674 3159 732 3194 cum
751 3145 854 3195 ratione
880 3145 984 3196 casibus
1004 3160 1066 3196 usus
1095 3155 1122 3196 et
1146 3145 1234 3210 legem
1258 3142 1368 3194 reddens

272 3213 453 3277 voluntatem,
481 3214 585 3278 effecit,
611 3223 640 3264 ut
659 3216 742 3266 omnis
762 3215 863 3267 ordinis
883 3224 909 3267 et
927 3216 1017 3282 legum
1031 3217 1103 3266 ratio
1123 3217 1148 3265 in
1168 3213 1369 3266 administranda

273 3286 383 3336 civitate
402 3283 554 3336 haberetur.
581 3293 608 3336 et
626 3283 766 3339 seditionis
786 3295 910 3354 expertes
931 3293 1006 3336 erant
1018 3299 1071 3335 non
1091 3285 1176 3336 solum
1196 3287 1241 3350 qui
1262 3285 1368 3336 Graecis

272 3353 387 3408 subiecti
408 3363 496 3420 erant,
517 3357 563 3408 sed
583 3358 661 3408 etiam
681 3360 755 3424 ipsae
774 3357 844 3409 aliae
862 3365 967 3424 gentes,
989 3370 1046 3405 cum
1066 3355 1131 3406 deus
1150 3356 1257 3403 omniuo
1277 3355 1369 3406 delec-

272 3434 375 3478 taretur
393 3427 493 3479 virtute
512 3444 618 3493 rerum,
646 3436 673 3480 et
691 3428 800 3498 obliqua
817 3430 844 3478 in
863 3426 1048 3477 rectitudinem
1074 3433 1209 3492 aequaret.

373 3513 437 3568 Cum
463 3525 550 3567 autem
576 3516 642 3568 baec
669 3516 728 3568 talis
753 3516 847 3583 regina
865 3514 898 3564 ad
923 3527 1047 3579 superum
1066 3512 1133 3565 illud
1151 3529 1263 3582 regnum
1282 3522 1368 3568 trans.

273 3600 398 3654 gressura
426 3596 496 3650 esset
522 3591 697 3656 (regnaverat
722 3587 791 3639 enim
811 3601 906 3636 annum
931 3600 1012 3636 unum
1039 3595 1066 3637 et
1083 3602 1190 3638 menses
1216 3591 1311 3655 octo),
1337 3589 1376 3638 de

271 3672 337 3725 rege
363 3660 478 3711 creando
505 3675 568 3711 cura
587 3661 730 3726 occupavit
748 3673 805 3722 eos,
825 3658 871 3725 qui
889 3659 917 3710 in
935 3660 1012 3726 regia
1032 3660 1131 3723 primos
1151 3659 1267 3710 bonores
1287 3658 1367 3708 habe.

270 3727 349 3792 bant;
370 3739 396 3781 et
425 3747 483 3782 cum
512 3731 571 3784 linis
599 3732 714 3793 adesset,
738 3745 793 3782 non
819 3746 878 3781 eum
903 3731 948 3798 qui
972 3729 1100 3780 nobiliter
1125 3738 1281 3796 recepturus
1301 3736 1368 3780 esset

271 3799 411 3866 imperium
431 3819 523 3854 creare
543 3801 685 3864 volebant,
712 3802 760 3852 sed
779 3817 854 3864 eum,
874 3802 920 3866 qui
938 3801 1022 3865 magis
1041 3798 1154 3851 inferior
1175 3801 1279 3852 futurus
1301 3808 1368 3850 esset

270 3870 359 3937 iisque
378 3873 530 3936 subiectus,
551 3882 577 3924 ct
596 3872 767 3940 simplicitate
786 3879 813 3922 et
830 3871 998 3938 negligentia
1016 3871 1269 3924 administrationem
1287 3872 1366 3936 magis

239 3943 255 3987 1
272 3941 311 3991 eis
329 3943 435 3994 tradere
452 3957 506 3994 non
525 3953 671 3997 recusaret.

371 4013 469 4066 Creant
486 4015 569 4082 igitur
588 4031 678 4068 senem
698 4012 837 4081 quendam,
857 4011 964 4061 nomine
985 4011 1082 4064 dictum
1101 4012 1224 4076 dlichael,
1245 4011 1366 4064 civilibus

269 4085 426 4136 instructum
444 4086 562 4137 moribus
580 4096 606 4136 et
619 4086 698 4136 rebus
719 4091 746 4132 et
763 4084 790 4133 in
810 4099 839 4133 re
858 4079 968 4133 militari
988 4092 1042 4135 tum
1062 4083 1239 4135 excellentem
1260 4122 1266 4134 .
1290 4123 1296 4134 .
1318 4121 1324 4134 .
1345 4119 1366 4146 .‚

269 4156 403 4222 integrum
423 4165 450 4208 et
469 4157 616 4223 simplicem
636 4165 665 4207 ut
683 4153 738 4205 illis
759 4155 864 4221 quidem
886 4153 1044 4217 videbatur,
1064 4157 1147 4222 magis
1167 4163 1253 4206 autem
1273 4170 1366 4206 senec.

267 4233 326 4284 tute
354 4227 523 4296 confectum,
558 4234 584 4277 et
611 4233 755 4295 propterea
779 4227 860 4278 sociis
892 4225 925 4278 iis
951 4227 1059 4293 imperii
1085 4234 1112 4277 et
1142 4225 1366 4280 concertatoribus
