3017 4892
642 271 659 299 Q

592 326 817 474 'insubrum¹
1034 440 1042 455 ,
1173 367 1258 449 ult

454 449 465 482 λ

66 623 70 628 ,
146 575 224 635 ρων
248 553 303 616 καί
323 541 426 633 ύρκωυ
446 549 684 631 συστήσασθαι.
720 544 794 614 -ύτε
815 552 852 614 δὲ
878 549 913 616 τὸ
933 545 1023 635 έργον
1041 553 1098 635 τῆς
1115 574 1261 632 συνωμο-

147 657 231 728 σιάς
253 648 429 736 ἐπλήρωσε,
449 648 505 714 καί
527 651 571 724 εἰς
593 647 629 714 τύ
653 643 766 734 σύρων
786 652 1002 736 δυαγορεύσαι
1019 651 1073 717 τόν
1087 655 1261 736 Βρυένυιον

148 753 193 820 τά
217 753 283 816 ταῖν
300 754 531 834 συναραμένων
552 749 636 838 αύτῇ
660 751 866 833 διεσκέιμσντο
879 803 901 833 ,,
920 744 965 828 εἷς
987 751 1106 818 τούτων
1124 752 1261 837 χάριτας
1355 810 1358 813 ι

151 856 190 918 ἐκ
215 853 312 918 τιυιδν
333 852 598 935 προηγησαμένων
626 855 774 935 χρηστῶν
804 852 967 936 ὁμολογεῖν
997 850 1080 935 έχων
1102 877 1157 936 μοι
1178 874 1260 937 πρυ·
1319 861 1322 864 ’

122 955 279 1036 5σῆλθεν
311 951 395 1035 ἄωρί
427 953 490 1016 τοῖν
517 952 650 1032 νυκταῖν,
682 954 736 1015 καί
767 953 825 1036 τήν
845 954 1017 1038 ἐπιβουλήν
1046 953 1258 1039 ύπεσήμαυεν.
1332 981 1339 997 ·

154 1052 258 1128 αύτὸς
289 1054 324 1116 δέ
355 1050 454 1116 πολλά
475 1049 692 1137 δυσχεράνας,
723 1051 778 1117 καί
806 1051 905 1118 πολύν
937 1051 1260 1137 ύνειδισμὸντούτων

153 1157 215 1217 καί
239 1154 388 1236 μυκτῆρα
426 1153 659 1235 καταχεάμενος
690 1150 733 1230 ύς
762 1155 1025 1237 καταπροδόντων
1051 1154 1108 1240 τήν
1137 1148 1261 1220 lauret
1354 1153 1358 1158 ’

155 1259 319 1340 σωτηρίαν
350 1256 405 1319 κατ’
432 1252 466 1318 τύ
495 1257 550 1338 τής
583 1255 719 1332 πίστεως
749 1254 924 1338 σύμβολον,
954 1253 1175 1339 α’νυπονοήτως
1201 1257 1261 1336 μέν

154 1348 258 1420 αύτόν
272 1359 326 1422 καί
344 1363 412 1438 μετ’
427 1353 596 1430 ἐπιεικείας
611 1353 860 1442 ἀπεπεμψάμην,
882 1357 1057 1441 μελετήσας
1079 1358 1115 1421 δὲ
1135 1381 1262 1439 παραυ-

109 1462 228 1522 muta
261 1455 318 1542 τήν
340 1454 568 1548 πύλινμαύτην
590 1462 643 1522 καί
663 1455 719 1540 τήν
740 1457 913 1557 ἐπιβουλήν
942 1463 1100 1543 ἐκφυγεῖν,
1123 1453 1260 1541 ούρμησα
1292 1463 1295 1465 “

152 1565 224 1642 μέν,
250 1558 292 1636 ὥς
314 1553 400 1643 εἶχον
420 1559 560 1644 ἡμιόνων
576 1563 639 1640 ,καί
659 1559 841 1623 ἵππων-καί
859 1559 1037 1641 ἀνθρώπων
1052 1557 1107 1621 καί
1126 1560 1181 1641 τῆς
1205 1549 1261 1620 άλ-

154 1667 211 1746 λης
231 1664 451 1744 παρασκευῆς,
474 1659 508 1722 ἐκ
529 1660 648 1743 ταύτης
677 1659 894 1744 οἶπυφοιτήσαι
921 1660 1103 1732 σπουδαίως
1122 1655 1201 1721 κατά
1222 1654 1259 1719 τύ
1323 1717 1338 1732 ,

156 1759 310 1843 λεληθός,
338 1761 378 1822 ου’
396 1759 460 1843 μήν
487 1757 652 1844 ἠδυνήθην
682 1757 735 1823 διά
759 1757 792 1824 τά
818 1759 1184 1844 προκατασφαλισθήναι
1201 1755 1266 1846 τοὶς1

108 1919 112 1926 .
156 1859 261 1931 πύλας
289 1862 345 1942 τῆς
366 1855 488 1934 πόλεως
518 1865 650 1943 μοχλοῖς
682 1862 824 1946 σιδηροῖς
850 1860 906 1925 καί
932 1856 1073 1936 ὁπλίταις
1093 1855 1181 1942 παρά
1205 1861 1261 1942 τῆς

113 1962 215 2030 15τού
235 1957 383 2045 Βατάτζη
409 1959 575 2043 γυναικός,
610 1957 648 2043 ήυ
681 1957 696 2026 ὃ
722 1963 869 2045 α’νωτέρω
897 1957 1178 2045 λύγοςέδήλωσεν,
1200 1961 1288 2036 duci.
1304 1975 1393 2031 λλον.

95 2083 98 2089 ·
156 2062 198 2124 δι’
222 2059 360 2124 άπειλοῖυ
391 2063 515 2126 πολλῶν
545 2060 600 2127 καί
621 2063 817 2148 μηνυμάτων
847 2064 1038 2136 κατασείσας
1058 2059 1175 2143 αύτήυ,
1208 2061 1259 2158 ὅτι

156 2159 236 2246 πρὸς
256 2160 392 2243 πόλεμον
426 2164 505 2250 αύτή
524 2162 786 2249 συρραγήσομαι,
818 2150 875 2246 τῆς
894 2163 1016 2248 ἡμέρας
1046 2161 1258 2246 ἐπιφοιτύσης

156 2260 386 2347 συνεχωρήθην
412 2262 469 2346 τήν
503 2261 630 2346 ἔξοδον,
661 2261 696 2328 τά
721 2258 843 2350 Ιἄδηλον
875 2264 1071 2352 φοβηθείσης
1091 2259 1171 2342 μετά
1194 2263 1258 2326 τῶν

156 2360 272 2447 ταύτης
295 2360 391 2429 υἱέων
422 2367 478 2448 τῆς
506 2367 566 2427 τού
586 2367 728 2447 πολέμου
750 2365 919 2446 ἐκβάσεως.
972 2367 1106 2445 ἐξῆλθον
1130 2351 1187 2425 ούν
1206 2363 1256 2426 ἐκ·

114 2468 254 2544 nostem,
282 2468 339 2528 καί
365 2467 421 2550 τῆς
455 2467 500 2540 εἰς
523 2463 579 2550 τήν
605 2465 758 2548 βασιλίδα
783 2465 941 2551 φερούσης
965 2465 1131 2546 ἁψάμενος
1152 2461 1278 2530 πάντα·

156 2562 194 2632 τά
220 2563 399 2650 ἔμπροσθεν
429 2557 523 2650 εύρου
545 2567 681 2652 γαλήνης
707 2571 826 2648 μεστοί,
852 2569 908 2630 καί
926 2563 1002 2641 τούς
1022 2568 1081 2630 τοῦ
1101 2565 1257 2647 βασιλέως

157 2665 349 2746 στρατιώτας
376 2666 658 2747 διεοκεδασμένους
686 2670 730 2740 είς
760 2668 1033 2751 παραχειμασίαν
1053 2672 1123 2740 ταῖς
1145 2654 1257 2737 άλλαις

159 2764 266 2829 πόλεσι
287 2767 342 2830 καί
375 2768 496 2850 μηδένα
524 2765 676 2848 κυδοιμὸν
696 2764 940 2840 ύποπτεύοντας.
994 2767 1178 2840 σπουδαίως
1199 2753 1257 2828 σύν

626 2917 650 2958 Ι

161 3079 187 3125 et
204 3071 412 3124 coniurationem
440 3071 555 3140 propriis
584 3070 824 3139 subscriptionibus
844 3079 871 3124 et
898 3071 1118 3124 iuribusiurandis
1140 3063 1257 3123 coniun.'

160 3152 267 3212 gerent:
286 3144 390 3213 qnando
410 3152 496 3196 autem
519 3159 585 3212 opus
597 3145 788 3197 coniurationis
806 3143 931 3212 implevit
950 3144 1033 3212 etqui
1053 3142 1085 3194 ab
1105 3144 1162 3194 eius
1181 3152 1257 3209 parte

160 3215 258 3269 stabunt
286 3217 313 3266 iu
338 3224 473 3282 posterum
501 3217 570 3268 diem
588 3217 742 3268 renuntiare
771 3216 933 3282 Bryeunium
952 3223 1116 3281 statuerunt,
1136 3229 1204 3267 nnus
1224 3230 1257 3265 ex

161 3288 208 3352 bis,
227 3289 271 3356 qui
291 3289 389 3356 gratias
407 3303 456 3355 pro
476 3288 630 3357 quibusdam
647 3289 783 3356 prioribus
802 3289 905 3340 meritis
927 3287 1028 3340 babere
1049 3287 1114 3339 mibi
1133 3285 1256 3350 debebat,

160 3361 230 3411 venit
248 3360 280 3410 ad
305 3375 347 3409 me
376 3361 535 3427 intempesta
563 3370 643 3412 nocte
670 3369 696 3411 et
722 3359 863 3412 consilium
890 3359 1077 3428 significabat,
1096 3360 1155 3426 ipse
1176 3357 1257 3411 valde

153 3431 295 3497 'indignans
321 3439 348 3481 et
371 3429 454 3481 multa
482 3431 625 3498 o‘pprobria
655 3435 683 3483 in
703 3432 751 3483 bos
779 3440 805 3482 et
828 3433 1032 3499 despicientiam
1057 3433 1162 3483 iaciens
1180 3438 1210 3482 ut
1228 3431 1256 3480 in

161 3502 298 3568 prodentes
318 3499 430 3551 salutem
448 3517 520 3552 suam
541 3510 567 3552 et
585 3503 646 3554 iidei
666 3511 784 3568 pactum:
810 3505 869 3556 sine
897 3506 1051 3572 suspicione
1071 3519 1130 3554 eum
1152 3510 1178 3553 et
1197 3501 1256 3552 cle.
1328 3546 1332 3552 .

162 3578 257 3621 menter
276 3569 379 3631 dimisi3
398 3572 539 3622 meditatus
553 3580 642 3622 autem
660 3577 748 3625 statim
760 3574 851 3625 urbem
863 3575 932 3626 hanc
953 3586 979 3627 et
996 3576 1105 3628 insidias
1126 3574 1256 3642 effugere,

162 3641 292 3709 proiectus
311 3655 368 3692 sum
387 3641 424 3691 ita
441 3648 470 3692 nt
492 3657 562 3692 eram
581 3657 640 3692 cnm
659 3643 737 3695 mulis
759 3652 785 3694 et
803 3647 878 3711 equis
899 3654 925 3696 et
943 3646 1093 3697 bominibus
1113 3653 1140 3707 et
1158 3646 1257 3694 ceteris

162 3713 366 3780 impedimentis,
392 3721 421 3764 ut
447 3727 480 3763 ex
505 3712 555 3762 hac
574 3711 695 3766 venirem
714 3715 833 3765 studiose
861 3705 937 3767 clem.
982 3732 1069 3784 neque
1090 3730 1156 3768 vero
1176 3721 1258 3781 potc-

145 3800 220 3848 ·rem,
238 3785 301 3852 quia
319 3782 476 3851 praeclusae
497 3792 572 3835 erant
591 3792 683 3851 portae
708 3785 781 3836 urbis
807 3786 927 3838 obicibus
954 3787 1050 3840 ferreis
1073 3793 1100 3836 ct
1118 3801 1166 3863 per
1182 3784 1257 3835 mili.
1302 3813 1310 3830 .

162 3865 198 3908 tes
215 3856 304 3924 gravis
323 3864 471 3908 armaturae
496 3855 633 3908 aBatatzi
659 3872 760 3920 uxore,
789 3873 865 3925 quam
885 3862 1008 3925 superior
1031 3874 1117 3909 sermo
1138 3872 1255 3908 comme.

161 3929 284 3991 muravit,
305 3929 390 3980 donec
418 3928 496 3978 minis
521 3927 612 3980 multis
632 3937 659 3980 ct
688 3927 912 3996 declarationibus
928 3931 1088 3982 ‘concutiens
1108 3945 1174 3996 eam,
1196 3945 1256 3978 cum

162 4001 270 4052 dicerem
288 4015 330 4050 me
348 3998 449 4051 bellum
469 4016 527 4051 cnm
548 4015 579 4052 ea
598 4008 783 4052 conserturum
802 4017 877 4066 esse,
897 4003 939 4052 die
958 4001 1136 4052 illucescente
1156 4000 1254 4052 exilum

162 4072 307 4138 impetrari:
327 4087 385 4122 cum
404 4073 534 4123 incertum
555 4087 586 4123 ea
604 4073 711 4124 timeret
730 4089 788 4123 cum
809 4073 872 4124 liliis
892 4073 958 4123 belli
987 4081 1119 4124 eventum.
1157 4087 1254 4140 egres-

163 4159 201 4195 sus
219 4144 299 4212 igitur
318 4160 374 4196 sum
397 4144 458 4195 inde
479 4152 506 4195 et
524 4145 594 4195 viam
618 4159 686 4213 quae
706 4145 737 4196 ad
755 4144 847 4195 urbem
874 4144 925 4194 lert
944 4153 1038 4196 tenens
1058 4147 1146 4195 omnia
1163 4147 1255 4210 priora

164 4215 245 4266 inveni
271 4215 467 4283 tranquillitate
486 4215 583 4284 plena,
614 4224 640 4268 et
666 4218 739 4284 regis
764 4215 864 4269 milites
890 4216 1023 4282 dispersos
1042 4217 1069 4266 in
1090 4216 1202 4267 bibema
1221 4214 1255 4265 ad

165 4284 221 4338 alias
238 4287 336 4353 urbes,
356 4303 445 4356 neque
464 4287 545 4340 ullam
566 4287 668 4341 turbam
689 4289 869 4355 suspicantes:
894 4289 1012 4342 studiose
1033 4303 1098 4356 ergo
1116 4289 1254 4354 ingressus
