3017 4892
578 337 786 409 arenosis.
1157 327 1232 406 ott

106 503 177 569 ταῦ
203 504 346 589 στρατοῦ
380 505 488 570 odorio
511 502 696 588 (δμηρόδας
728 497 796 568 οἶδε
815 500 945 578 τούτους
976 507 1083 566 καλεῖν
1102 503 1159 566 καί
1177 523 1234 565 οε-

111 605 299 691 λαρίουςῆ
322 607 387 671 τοῖν
413 602 562 687 Τοόρκων
584 605 689 690 φωνὴ)
721 601 779 690 τήν
799 607 952 688 βασιλίδα
973 600 1234 684 καταλαμβάνω.

111 730 171 781 τες
201 708 236 770 ἐν
266 708 401 793 δουλικῷ
435 708 481 793 τῷ
510 703 653 788 σχήματι
678 709 734 770 καί
753 705 948 792 φρονήματι,
969 703 1027 780 τοὶς
1049 712 1160 787 χεῖρας
1178 706 1237 768 καί

113 806 202 882 τοτἰς
235 806 370 883 κόλπους
398 810 505 892 ἐξῆγον
536 810 757 890 πεπλησμένας
784 810 915 892 χρυσαῖν
945 811 1001 872 καί
1031 803 1235 892 δφασμότων

83 909 316 971 5πολυτελεδν.
359 905 415 971 καί
432 908 542 982 αὐτοῖς
562 913 627 980 τοῖς
650 909 945 987 Κουιοαλμουοίοις
968 903 1165 993 καθημερινὴ
1187 919 1263 980 root.
1278 919 1369 976 228v.

114 1005 138 1089 ἦ
171 1007 209 1069 ἐκ
242 1007 307 1070 τεόν
334 1008 507 1088 βασιλικῶν
540 1009 716 1090 θησαυρῶν
751 1006 807 1071 καί
835 1001 1054 1091 ἀναρίθμητος
1085 1004 1234 1090 ἐπίρροια

115 1107 303 1188 ἐπεγίνετο·
346 1105 402 1170 καί
423 1104 476 1170 διαὶ
497 1109 592 1170 τοῦτο
611 1102 784 1187 τυμποίνων
812 1108 877 1190 η’χη
903 1108 958 1171 καί
981 1108 1125 1193 εόφημιά
1145 1103 1233 1186 παρὰ

117 1208 185 1271 τοῦ
210 1206 372 1291 φασσότου
394 1209 456 1271 τεόν
482 1197 632 1291 Τοόρκων
653 1210 824 1290 πολυειδὴς
846 1209 881 1271 ἐκ
903 1206 1137 1291 Χρυσοπόλεως
1158 1205 1235 1268 αἰνε-

117 1309 277 1387 atonem.
331 1308 387 1370 καί
418 1303 620 1389 πανταχόθεν
651 1307 812 1393 νόφημίαι
842 1306 1057 1390 καί-,χάριτες
1085 1327 1235 1391 συνεκρο-

69 1414 110 1471 10
120 1408 241 1472 τοῦντο
260 1408 315 1470 καί
330 1404 387 1490 τη“ν
398 1403 495 1481 πόλιν
516 1408 713 1492 ἐστεφάνουν
727 1410 783 1472 καί
803 1411 861 1490 τῆς
881 1412 1038 1490 προτέρας
1059 1407 1235 1471 ἀνεκτῶντο

119 1502 344 1591 στυγνότητος,
365 1505 610 1582 ιδςοένόπλασιν
630 1513 803 1586 μιμεῖσθαι
820 1504 878 1589 τὴν
899 1509 955 1570 τοῦ
967 1507 1139 1571 θεοσδότου
1157 1527 1235 1570 του-

119 1609 199 1672 τουί
219 1609 375 1687 βασιλέως
399 1608 570 1689 ἐπιδημίαν
591 1605 647 1669 κατ’
667 1604 723 1690 την
745 1606 979 1688 μεγαλουργίαν
997 1609 1052 1689 τῆς
1075 1602 1230 1688 πράξεως.

121 1704 159 1770 τό
182 1709 225 1770 ,δέ
246 1703 373 1770 πάντων
401 1704 678 1789 θαυμασιώτερον,
700 1699 752 1769 ότι
771 1709 856 1789 μηδὲ
887 1704 922 1771 τό
948 1704 1104 1771 παλότιον
1127 1697 1232 1790 εὗρεν,

124 1803 143 1868 δ
167 1804 231 1888 πρό
254 1805 524 1887 osroenorum,
548 1797 666 1870 ἄσυλον
689 1808 746 1870 καί
759 1801 952 1892 α’πόρθηὶον,
974 1808 1044 1870 ott’
1067 1807 1234 1872 o'nooeoo-

79 1915 114 1966 15
124 1907 261 1989 λημένον
287 1908 342 1968 καί
360 1905 590 1994 περιῃρημένον
618 1914 681 1981 τοῖς
704 1901 788 1980 όλοις
810 1909 866 1970 κατ’
883 1904 1002 1981 παντός
1031 1910 1158 1990 χρυσοῦ
1178 1905 1236 1972 κατ’

125 2006 273 2091 α’ργόρου
295 2007 349 2072 κατ’
370 2004 564 2093 ἐρείσματος
584 2009 794 2089 ἐψιλωμένον,
817 2007 1020 2074 παντάπασιν
1039 2011 1073 2072 ἐν
1095 2011 1131 2097 τῇ
1154 2033 1234 2090 σογ-

125 2109 220 2192 χόσει
244 2110 300 2192 τῆς
320 2111 443 2173 ἐκείνου
466 2113 691 2194 καταστροφῆς
721 2111 963 2190 όπογυμνωθίν.
1008 2105 1068 2176 όσα
1091 2111 1127 2175 δὲ
1146 2114 1243 2191 troii-v

127 2213 182 2272 λον
198 2199 274 2293 εὗρε
293 2211 351 2272 τοῦ
373 2206 435 2272 α’πό
449 2210 513 2272 τεόν
528 2209 699 2293 ἐκκλησιῶν
712 2208 956 2295 ’ἀφαιρεθέντος
973 2209 1059 2294 παρὰ
1073 2213 1132 2274 rori
1153 2233 1234 2294 προ·

127 2302 378 2388 βασιλεύσαντος
392 2305 512 2387 κόσμου
526 2310 581 2372 καί
600 2312 663 2372 τεόν
676 2309 848 2391 κειμηλίων
861 2309 1113 2391 περισωζόμενα,
1129 2311 1233 2375 πάντα

84 2415 201 2483 otrodo
225 2411 403 2492 ἐκκλησίαις
424 2408 564 2485 καὶτοῖς
586 2412 687 2485 θείοις
707 2417 814 2494 σηκοῖς
850 2404 1074 2495 α’νταπῆνεγκε,
1097 2408 1141 2496 μη
1167 2412 1235 2478 δεί-

131 2533 188 2585 σας
218 2503 297 2585 iter
318 2511 477 2594 α’πορίαν,
509 2514 563 2575 καί
591 2514 634 2598 τῷ
662 2512 764 2598 καιρῷ
784 2508 822 2576 τό
853 2510 1024 2598 πρόσφορα
1046 2516 1102 2596 τῆς
1123 2517 1235 2596 χρείας

132 2611 359 2693 προσενεγκων·
409 2604 491 2676 όπου
513 2611 575 2695 γὰρ
602 2609 678 2685 θεός
700 2609 734 2675 τό
767 2611 1037 2696 θεραπευόμενον,
1057 2607 1145 2678 ἅπαν
1167 2614 1234 2678 ἓτε.

134 2728 187 2794 ρον
206 2709 240 2770 ἐν
261 2711 397 2799 δευτέρη
419 2712 550 2776 ἐτιθετο.

194 2799 203 2906 J
222 2803 352 2892 Ἕτερον
374 2811 430 2892 δέ,
453 2810 574 2878 τούτων
597 2812 654 2876 σόν
682 2809 811 2880 ἐλαττον
837 2816 882 2891 τίς
903 2810 1069 2899 ἐγκοόμιον.
1112 2815 1234 2893 ἐντοῖς

138 3165 215 3218 larios
234 3164 376 3217 Turoarum
400 3163 508 3234 lingua)
535 3161 627 3215 urbem
657 3162 811 3217 obtinentes
836 3164 931 3219 servili
962 3164 1054 3218 habitu
1083 3174 1111 3218 et
1135 3167 1234 3232 animo,

106 3263 109 3270 ,
136 3251 222 3290 manus
243 3244 269 3288 et
288 3237 361 3288 sinus
382 3235 528 3288 efferebant
546 3235 656 3302 impleta
674 3252 739 3289 auro
760 3245 787 3289 et
805 3240 885 3290 textis
904 3238 1047 3305 pretiosis:
1067 3245 1147 3306 atque
1168 3239 1234 3306 ipsis

138 3308 302 3363 cntulmusiis
320 3307 503 3374 quotidianae
523 3309 606 3376 regiis
626 3308 760 3362 thesauris
780 3308 1022 3362 etinnumerabilis
1041 3310 1162 3362 accessio
1182 3311 1235 3361 be.

137 3379 192 3431 bat:
212 3387 238 3429 et
256 3385 400 3446 propterea
418 3387 604 3445 tympanorum
623 3394 703 3432 sonus
724 3389 750 3432 et
769 3382 915 3434 celebratio
937 3398 952 3433 a
971 3382 1072 3433 fossato
1091 3381 1233 3433 Turoarum

139 3450 206 3500 varia
225 3447 386 3516 chrysopoli
403 3450 549 3500 edebatur:
570 3457 596 3500 et
614 3453 730 3520 undique
751 3452 946 3506 celebrationes
967 3461 993 3504 et
1011 3461 1099 3522 grates
1118 3452 1234 3519 plaude.

138 3520 227 3572 bantur
247 3526 274 3569 et
292 3518 384 3569 urbem
412 3519 585 3583 coronabant,
606 3529 633 3571 et
658 3537 672 3572 ε
701 3525 792 3588 priore
816 3525 993 3576 restituebant
1011 3525 1129 3588 tristitia,
1148 3525 1186 3574 ita
1203 3531 1234 3574 ut

142 3589 392 3642 transformationem
411 3597 539 3658 aequaret
557 3591 611 3641 dati
630 3606 646 3640 a
664 3593 715 3643 deo
741 3592 819 3646 huius
838 3595 911 3660 regis
931 3596 1061 3647 adventus
1081 3604 1108 3646 et
1126 3595 1233 3661 magni-

141 3661 240 3712 ficentia
259 3660 381 3712 aetionis.
423 3661 537 3711 maxime
562 3667 650 3710 autem
675 3663 789 3725 mirum,
816 3664 885 3732 quod
911 3679 946 3714 no
971 3664 1098 3731 palatium
1129 3665 1234 3732 quidem

141 3732 245 3796 invenit,
266 3731 336 3799 quod
354 3737 417 3796 ante
437 3746 497 3783 eum
516 3731 653 3782 obtinebat
667 3734 801 3801 integrum
821 3743 848 3785 et
866 3735 1003 3799 intactum,
1024 3736 1073 3787 sed
1091 3734 1234 3802 spoliatum

142 3812 166 3856 et
182 3802 310 3870 direptam
321 3802 453 3868 omnibus,
473 3812 501 3856 et
514 3803 585 3853 omni
597 3817 662 3854 auro
677 3811 704 3856 et
713 3814 827 3874 argento
842 3813 869 3856 et
882 3807 962 3859 tertis
977 3805 1096 3858 orbatum
1115 3808 1231 3870 omnino,

42 3875 47 3888 '
141 3875 336 3926 inconfusione
355 3873 438 3926 cladis
457 3874 531 3927 illius
547 3875 721 3927 denudatum:
741 3892 810 3945 quae
829 3882 916 3930 autern
936 3879 1040 3931 invenit
1059 3885 1232 3930 ornamento.
1299 3900 1307 3915 s

141 3961 190 3998 ran
214 3954 240 3996 et
267 3946 410 4013 insignium
440 3963 474 3998 ex
501 3947 625 3998 eeclesiis
650 3963 665 3998 a
690 3949 782 4014 priore
812 3963 878 4016 rege
913 3951 1090 4001 detractorum
1115 3958 1230 4013 servata,

142 4019 219 4068 omnia
233 4016 356 4068 eeclesiis
368 4025 394 4068 et
409 4018 508 4071 divinis
525 4017 633 4084 templis
652 4019 775 4082 reddidit,
794 4035 848 4072 non
860 4022 957 4072 timens
970 4022 1077 4072 omuino
1097 4023 1230 4089 inopiam:

143 4098 165 4139 et
180 4089 313 4141 occasioni
327 4085 421 4140 utilem
440 4104 514 4140 nsum
529 4089 637 4142 addens,
663 4089 714 4142 Ubi
734 4091 804 4141 enirn
823 4090 890 4143 dens
909 4091 1009 4143 cultum
1028 4107 1131 4145 omnem
1149 4093 1231 4142 alium

142 4161 246 4212 seeundo
265 4159 328 4212 looo
346 4157 471 4228 ponebat.
745 4171 751 4188 ¹

236 4255 326 4312 Alium
344 4269 399 4310 nou
418 4258 506 4314 miuus
524 4257 561 4335 'in
579 4258 748 4337 laoderus-in
767 4260 905 4316 maritimis
923 4261 1062 4331 litoribus,
1088 4277 1155 4332 quae
1183 4276 1230 4314 re.
