<?xml version="1.0" encoding="UTF-8"?>
<!DOCTYPE html PUBLIC "-//W3C//DTD XHTML 1.0 Transitional//EN"
    "http://www.w3.org/TR/xhtml1/DTD/xhtml1-transitional.dtd">
<html xmlns="http://www.w3.org/1999/xhtml" xml:lang="en" lang="en">
 <head>
  <title>
</title>
<meta http-equiv="Content-Type" content="text/html;charset=utf-8" />
  <meta name='ocr-system' content='tesseract 3.04.00' />
  <meta name='ocr-capabilities' content='ocr_page ocr_carea ocr_par ocr_line ocrx_word'/>
</head>
<body>
  <div class='ocr_page' id='page_1' title='image "./corpusscriptoru06theogoog/corpusscriptoru06theogoog_0205.png"; bbox 0 0 3017 4892; ppageno 0'>
   <div class='ocr_carea' id='block_1_1' title="bbox 598 340 1257 423">
    <p class='ocr_par' dir='ltr' id='par_1_1' title="bbox 598 340 1257 423">
     <span class='ocr_line' id='line_1_1' title="bbox 598 340 1257 423; baseline 0.002 -2"><span class='ocrx_word' id='word_1_1' title='bbox 598 349 808 423; x_wconf 72' lang='lat' dir='ltr'><strong>ursnoms.</strong></span> <span class='ocrx_word' id='word_1_2' title='bbox 1185 340 1257 422; x_wconf 70' lang='lat'><strong>187</strong></span> 
     </span>
    </p>
   </div>
   <div class='ocr_carea' id='block_1_2' title="bbox 12 509 1398 2926">
    <p class='ocr_par' dir='ltr' id='par_1_2' title="bbox 12 509 1398 2926">
     <span class='ocr_line' id='line_1_2' title="bbox 148 509 1259 607; baseline -0.013 -16"><span class='ocrx_word' id='word_1_3' title='bbox 148 523 294 607; x_wconf 78' lang='grc' dir='ltr'><strong><em>αοὶμονυς</em></strong></span> <span class='ocrx_word' id='word_1_4' title='bbox 314 520 515 604; x_wconf 66' lang='lat' dir='ltr'><strong>prepotens</strong></span> <span class='ocrx_word' id='word_1_5' title='bbox 539 523 660 585; x_wconf 72' lang='grc' dir='ltr'><strong><em>θανεῖν.</em></strong></span> <span class='ocrx_word' id='word_1_6' title='bbox 702 515 763 602; x_wconf 73' lang='grc' dir='ltr'><strong>ἐγώ</strong></span> <span class='ocrx_word' id='word_1_7' title='bbox 785 513 844 602; x_wconf 76' lang='grc' dir='ltr'><strong>γάρ</strong></span> <span class='ocrx_word' id='word_1_8' title='bbox 866 517 933 599; x_wconf 77' lang='grc' dir='ltr'><strong><em>εἰμι</em></strong></span> <span class='ocrx_word' id='word_1_9' title='bbox 966 512 1083 590; x_wconf 71' lang='grc' dir='ltr'><strong><em>ἐκεῖνος</em></strong></span> <span class='ocrx_word' id='word_1_10' title='bbox 1104 509 1121 576; x_wconf 86' lang='grc' dir='ltr'><strong><em>ό</em></strong></span> <span class='ocrx_word' id='word_1_11' title='bbox 1139 511 1259 587; x_wconf 80' lang='grc' dir='ltr'><strong><em>Ἰωνᾶς.</em></strong></span> 
     </span>
     <span class='ocr_line' id='line_1_3' title="bbox 150 612 1259 708; baseline -0.013 -17"><span class='ocrx_word' id='word_1_12' title='bbox 150 620 268 691; x_wconf 87' lang='grc' dir='ltr'><strong><em>λοιπόν</em></strong></span> <span class='ocrx_word' id='word_1_13' title='bbox 291 615 355 708; x_wconf 76' lang='grc' dir='ltr'><strong>ἄρα</strong></span> <span class='ocrx_word' id='word_1_14' title='bbox 377 621 411 687; x_wconf 76' lang='grc' dir='ltr'><strong><em>τό</em></strong></span> <span class='ocrx_word' id='word_1_15' title='bbox 432 644 472 703; x_wconf 75' lang='grc' dir='ltr'><strong><em>μυ</em></strong></span> <span class='ocrx_word' id='word_1_16' title='bbox 505 624 557 685; x_wconf 87' lang='grc' dir='ltr'><strong>καί</strong></span> <span class='ocrx_word' id='word_1_17' title='bbox 577 615 687 702; x_wconf 79' lang='grc' dir='ltr'><em>βάλετε</em></span> <span class='ocrx_word' id='word_1_18' title='bbox 717 622 763 696; x_wconf 81' lang='grc' dir='ltr'><strong>εἰς</strong></span> <span class='ocrx_word' id='word_1_19' title='bbox 784 618 842 701; x_wconf 73' lang='grc' dir='ltr'><strong><em>τὴν</em></strong></span> <span class='ocrx_word' id='word_1_20' title='bbox 870 616 1063 682; x_wconf 79' lang='grc' dir='ltr'><strong><em>θάλασσαν·</em></strong></span> <span class='ocrx_word' id='word_1_21' title='bbox 1112 612 1167 679; x_wconf 73' lang='grc' dir='ltr'><strong>διὰ</strong></span> <span class='ocrx_word' id='word_1_22' title='bbox 1197 612 1259 696; x_wconf 77' lang='grc' dir='ltr'><strong>γὰρ</strong></span> 
     </span>
     <span class='ocr_line' id='line_1_4' title="bbox 15 706 1261 811; baseline -0.012 -19"><span class='ocrx_word' id='word_1_23' title='bbox 15 718 18 727; x_wconf 51' lang='grc'><strong>’</strong></span> <span class='ocrx_word' id='word_1_24' title='bbox 117 732 122 737; x_wconf 88' lang='grc'><strong>’</strong></span> <span class='ocrx_word' id='word_1_25' title='bbox 150 723 215 800; x_wconf 80' lang='grc' dir='ltr'><strong><em>τοὶς</em></strong></span> <span class='ocrx_word' id='word_1_26' title='bbox 235 721 316 805; x_wconf 75' lang='grc' dir='ltr'><strong><em>ἐμός</em></strong></span> <span class='ocrx_word' id='word_1_27' title='bbox 339 720 469 811; x_wconf 77' lang='grc' dir='ltr'><strong><em>πράξεις</em></strong></span> <span class='ocrx_word' id='word_1_28' title='bbox 490 719 527 787; x_wconf 83' lang='grc' dir='ltr'><strong><em>τό</em></strong></span> <span class='ocrx_word' id='word_1_29' title='bbox 550 720 682 784; x_wconf 80' lang='grc' dir='ltr'><strong><em>τοιαῦτα</em></strong></span> <span class='ocrx_word' id='word_1_30' title='bbox 709 706 887 802; x_wconf 76' lang='grc' dir='ltr'><strong><em>σκυθρωπὰ</em></strong></span> <span class='ocrx_word' id='word_1_31' title='bbox 915 719 971 781; x_wconf 74' lang='grc' dir='ltr'><strong>ταί</strong></span> <span class='ocrx_word' id='word_1_32' title='bbox 989 712 1115 800; x_wconf 80' lang='grc' dir='ltr'><strong><em>χαλεπό</em></strong></span> <span class='ocrx_word' id='word_1_33' title='bbox 1142 736 1261 779; x_wconf 76' lang='grc' dir='ltr'><strong><em>συναν-</em></strong></span> 
     </span>
     <span class='ocr_line' id='line_1_5' title="bbox 150 814 1261 910; baseline -0.013 -19"><span class='ocrx_word' id='word_1_34' title='bbox 150 823 279 910; x_wconf 79' lang='grc' dir='ltr'><strong><em>τὴματα</em></strong></span> <span class='ocrx_word' id='word_1_35' title='bbox 312 828 378 900; x_wconf 77' lang='grc' dir='ltr'><strong><em>τοϊς</em></strong></span> <span class='ocrx_word' id='word_1_36' title='bbox 410 818 580 905; x_wconf 84' lang='grc' dir='ltr'><strong><em>Ῥωμαίοις</em></strong></span> <span class='ocrx_word' id='word_1_37' title='bbox 610 816 921 904; x_wconf 80' lang='grc' dir='ltr'><strong><em>τ’πτσυμβαίναυσιν.”</em></strong></span> <span class='ocrx_word' id='word_1_38' title='bbox 969 820 1025 883; x_wconf 79' lang='grc' dir='ltr'><strong><em>κατ’</em></strong></span> <span class='ocrx_word' id='word_1_39' title='bbox 1050 815 1067 881; x_wconf 83' lang='grc' dir='ltr'><strong><em>δ</em></strong></span> <span class='ocrx_word' id='word_1_40' title='bbox 1088 817 1147 897; x_wconf 77' lang='grc' dir='ltr'><strong><em>μὲν</em></strong></span> <span class='ocrx_word' id='word_1_41' title='bbox 1172 814 1261 899; x_wconf 81' lang='grc' dir='ltr'><strong><em>λόγος</em></strong></span> 
     </span>
     <span class='ocr_line' id='line_1_6' title="bbox 122 906 1261 1013; baseline -0.012 -22"><span class='ocrx_word' id='word_1_42' title='bbox 122 920 329 1007; x_wconf 79' lang='grc' dir='ltr'><strong><em>5μετόνοιαν</em></strong></span> <span class='ocrx_word' id='word_1_43' title='bbox 348 926 411 1013; x_wconf 67' lang='grc' dir='ltr'><strong><em>τόν</em></strong></span> <span class='ocrx_word' id='word_1_44' title='bbox 432 924 540 999; x_wconf 74' lang='grc' dir='ltr'><strong><em>κακῶς</em></strong></span> <span class='ocrx_word' id='word_1_45' title='bbox 555 920 779 1007; x_wconf 75' lang='grc' dir='ltr'><strong>πραττομένων</strong></span> <span class='ocrx_word' id='word_1_46' title='bbox 800 920 963 1007; x_wconf 75' lang='grc' dir='ltr'><strong><em>ᾐνίττετο,</em></strong></span> <span class='ocrx_word' id='word_1_47' title='bbox 983 918 1017 984; x_wconf 83' lang='grc' dir='ltr'><strong><em>τό</em></strong></span> <span class='ocrx_word' id='word_1_48' title='bbox 1042 920 1071 981; x_wconf 85' lang='grc' dir='ltr'><strong>δ’</strong></span> <span class='ocrx_word' id='word_1_49' title='bbox 1091 915 1182 998; x_wconf 81' lang='grc' dir='ltr'><strong><em>ἔργον</em></strong></span> <span class='ocrx_word' id='word_1_50' title='bbox 1196 906 1261 985; x_wconf 67' lang='lat' dir='ltr'><strong>‚cdx</strong></span> 
     </span>
     <span class='ocr_line' id='line_1_7' title="bbox 153 1010 1260 1112; baseline -0.013 -21"><span class='ocrx_word' id='word_1_51' title='bbox 153 1018 208 1112; x_wconf 80' lang='grc' dir='ltr'><strong>ἦν,</strong></span> <span class='ocrx_word' id='word_1_52' title='bbox 230 1025 321 1110; x_wconf 73' lang='grc' dir='ltr'><strong>καὶὴ</strong></span> <span class='ocrx_word' id='word_1_53' title='bbox 346 1022 520 1109; x_wconf 76' lang='grc' dir='ltr'><strong><em>διόρθωσις</em></strong></span> <span class='ocrx_word' id='word_1_54' title='bbox 539 1022 696 1089; x_wconf 70' lang='grc' dir='ltr'><strong><em>ἐδείκνυτο</em></strong></span> <span class='ocrx_word' id='word_1_55' title='bbox 719 1023 891 1104; x_wconf 84' lang='grc' dir='ltr'><strong><em>ου’δαμοό·</em></strong></span> <span class='ocrx_word' id='word_1_56' title='bbox 948 1014 988 1105; x_wconf 76' lang='grc' dir='ltr'><strong>ἢν</strong></span> <span class='ocrx_word' id='word_1_57' title='bbox 1014 1017 1075 1102; x_wconf 81' lang='grc' dir='ltr'><strong>γόρ</strong></span> <span class='ocrx_word' id='word_1_58' title='bbox 1098 1010 1260 1090; x_wconf 66' lang='lat' dir='ltr'><strong>⁴s’nsivocri</strong></span> 
     </span>
     <span class='ocr_line' id='line_1_8' title="bbox 154 1116 1263 1210; baseline -0.01 -19"><span class='ocrx_word' id='word_1_59' title='bbox 154 1135 230 1203; x_wconf 79' lang='grc' dir='ltr'><strong><em>ταῖς</em></strong></span> <span class='ocrx_word' id='word_1_60' title='bbox 248 1125 410 1203; x_wconf 75' lang='grc' dir='ltr'><strong><em>κακίσταις</em></strong></span> <span class='ocrx_word' id='word_1_61' title='bbox 440 1126 703 1210; x_wconf 79' lang='grc' dir='ltr'><strong><em>όποθημοσόναις</em></strong></span> <span class='ocrx_word' id='word_1_62' title='bbox 731 1118 788 1198; x_wconf 80' lang='grc' dir='ltr'><strong><em>τός,</em></strong></span> <span class='ocrx_word' id='word_1_63' title='bbox 805 1122 1020 1207; x_wconf 69' lang='grc' dir='ltr'><strong>ἀκυβέρνητος</strong></span> <span class='ocrx_word' id='word_1_64' title='bbox 1042 1116 1263 1184; x_wconf 76' lang='grc' dir='ltr'><strong><em>καταδουλού-</em></strong></span> 
     </span>
     <span class='ocr_line' id='line_1_9' title="bbox 70 1218 1264 1309; baseline -0.008 -18"><span class='ocrx_word' id='word_1_65' title='bbox 70 1296 71 1302; x_wconf 15' lang='lat'>1</span> <span class='ocrx_word' id='word_1_66' title='bbox 155 1250 253 1309; x_wconf 81' lang='grc' dir='ltr'><strong><em>μενος</em></strong></span> <span class='ocrx_word' id='word_1_67' title='bbox 275 1221 400 1292; x_wconf 74' lang='grc' dir='ltr'><strong><em>ἑαυτόν.</em></strong></span> <span class='ocrx_word' id='word_1_68' title='bbox 451 1229 528 1301; x_wconf 82' lang='grc' dir='ltr'><strong><em>τέως</em></strong></span> <span class='ocrx_word' id='word_1_69' title='bbox 561 1227 589 1289; x_wconf 88' lang='grc' dir='ltr'><strong>δ’</strong></span> <span class='ocrx_word' id='word_1_70' title='bbox 614 1218 670 1288; x_wconf 72' lang='grc' dir='ltr'><strong>οὖν</strong></span> <span class='ocrx_word' id='word_1_71' title='bbox 693 1226 854 1308; x_wconf 81' lang='grc' dir='ltr'><strong><em>προΐοντσς</em></strong></span> <span class='ocrx_word' id='word_1_72' title='bbox 886 1226 947 1286; x_wconf 82' lang='grc' dir='ltr'><strong><em>τὀὕ</em></strong></span> <span class='ocrx_word' id='word_1_73' title='bbox 962 1221 1145 1287; x_wconf 88' lang='grc' dir='ltr'><strong><em>Ῥουσελίου</em></strong></span> <span class='ocrx_word' id='word_1_74' title='bbox 1163 1240 1264 1299; x_wconf 83' lang='grc' dir='ltr'><strong><em>πρεσ-</em></strong></span> 
     </span>
     <span class='ocr_line' id='line_1_10' title="bbox 156 1319 1315 1414; baseline -0.007 -23"><span class='ocrx_word' id='word_1_75' title='bbox 156 1329 248 1409; x_wconf 72' lang='grc' dir='ltr'><strong><em>βεῖαί</em></strong></span> <span class='ocrx_word' id='word_1_76' title='bbox 258 1351 339 1403; x_wconf 82' lang='grc' dir='ltr'><strong><em>τινες</em></strong></span> <span class='ocrx_word' id='word_1_77' title='bbox 361 1330 395 1392; x_wconf 81' lang='grc' dir='ltr'><strong>ἐκ</strong></span> <span class='ocrx_word' id='word_1_78' title='bbox 408 1332 565 1409; x_wconf 78' lang='grc' dir='ltr'><strong><em>βασιλέως</em></strong></span> <span class='ocrx_word' id='word_1_79' title='bbox 585 1330 783 1412; x_wconf 75' lang='grc' dir='ltr'><strong><em>πεμφθεῖσαν</em></strong></span> <span class='ocrx_word' id='word_1_80' title='bbox 798 1324 898 1414; x_wconf 77' lang='grc' dir='ltr'><strong><em>τούτῳ</em></strong></span> <span class='ocrx_word' id='word_1_81' title='bbox 913 1321 1122 1409; x_wconf 67' lang='grc' dir='ltr'><strong><em>συνήντησαν,</em></strong></span> <span class='ocrx_word' id='word_1_82' title='bbox 1135 1319 1262 1400; x_wconf 82' lang='grc' dir='ltr'><strong><em>α’ξίωμα</em></strong></span> <span class='ocrx_word' id='word_1_83' title='bbox 1307 1384 1315 1394; x_wconf 80' lang='grc'><strong><em>,</em></strong></span> 
     </span>
     <span class='ocr_line' id='line_1_11' title="bbox 12 1414 1263 1517; baseline -0.011 -21"><span class='ocrx_word' id='word_1_84' title='bbox 12 1434 18 1467; x_wconf 72' lang='grc'><strong>’</strong></span> <span class='ocrx_word' id='word_1_85' title='bbox 110 1442 147 1499; x_wconf 84' lang='grc'><strong>10</strong></span> <span class='ocrx_word' id='word_1_86' title='bbox 157 1428 427 1517; x_wconf 81' lang='grc' dir='ltr'><strong><em>κουροπαλατικὸν</em></strong></span> <span class='ocrx_word' id='word_1_87' title='bbox 449 1426 701 1511; x_wconf 84' lang='grc' dir='ltr'><strong><em>όπισχνοόμεναι</em></strong></span> <span class='ocrx_word' id='word_1_88' title='bbox 716 1428 772 1490; x_wconf 84' lang='grc' dir='ltr'><strong>καί</strong></span> <span class='ocrx_word' id='word_1_89' title='bbox 794 1425 917 1507; x_wconf 83' lang='grc' dir='ltr'><strong><em>δωρεὰς</em></strong></span> <span class='ocrx_word' id='word_1_90' title='bbox 931 1428 1130 1511; x_wconf 78' lang='grc' dir='ltr'><strong><em>φιλοτίμους,</em></strong></span> <span class='ocrx_word' id='word_1_91' title='bbox 1155 1423 1186 1485; x_wconf 83' lang='grc' dir='ltr'><strong>εἰ</strong></span> <span class='ocrx_word' id='word_1_92' title='bbox 1206 1414 1263 1501; x_wconf 70' lang='grc' dir='ltr'><strong><em>την</em></strong></span> 
     </span>
     <span class='ocr_line' id='line_1_12' title="bbox 158 1520 1263 1614; baseline -0.01 -23"><span class='ocrx_word' id='word_1_93' title='bbox 158 1528 356 1594; x_wconf 76' lang='grc' dir='ltr'><strong><em>ἀποστασίαν</em></strong></span> <span class='ocrx_word' id='word_1_94' title='bbox 380 1529 474 1614; x_wconf 84' lang='grc' dir='ltr'><strong><em>α’φείς</em></strong></span> <span class='ocrx_word' id='word_1_95' title='bbox 496 1528 696 1602; x_wconf 78' lang='grc' dir='ltr'><strong><em>ὑπόσπονδος</em></strong></span> <span class='ocrx_word' id='word_1_96' title='bbox 715 1529 758 1613; x_wconf 80' lang='grc' dir='ltr'><strong><em>τῷ</em></strong></span> <span class='ocrx_word' id='word_1_97' title='bbox 781 1531 910 1608; x_wconf 75' lang='grc' dir='ltr'><strong><em>βασιλεῖ</em></strong></span> <span class='ocrx_word' id='word_1_98' title='bbox 925 1527 1063 1609; x_wconf 77' lang='grc' dir='ltr'><strong><em>γένηται.</em></strong></span> <span class='ocrx_word' id='word_1_99' title='bbox 1107 1520 1178 1583; x_wconf 76' lang='lat' dir='ltr'><strong>ddi</strong></span> <span class='ocrx_word' id='word_1_100' title='bbox 1198 1544 1263 1604; x_wconf 78' lang='grc' dir='ltr'><strong><em>μη·</em></strong></span> 
     </span>
     <span class='ocr_line' id='line_1_13' title="bbox 159 1619 1265 1714; baseline -0.009 -21"><span class='ocrx_word' id='word_1_101' title='bbox 159 1630 252 1704; x_wconf 81' lang='grc' dir='ltr'><strong><em>δενὸς</em></strong></span> <span class='ocrx_word' id='word_1_102' title='bbox 273 1631 334 1695; x_wconf 66' lang='grc' dir='ltr'><strong><em>τοῖν</em></strong></span> <span class='ocrx_word' id='word_1_103' title='bbox 358 1630 533 1714; x_wconf 83' lang='grc' dir='ltr'><strong><em>λεγομένων</em></strong></span> <span class='ocrx_word' id='word_1_104' title='bbox 565 1627 696 1710; x_wconf 70' lang='grc' dir='ltr'><strong><em>ἀνήκοος</em></strong></span> <span class='ocrx_word' id='word_1_105' title='bbox 719 1626 875 1709; x_wconf 80' lang='grc' dir='ltr'><strong><em>γεγονώς,</em></strong></span> <span class='ocrx_word' id='word_1_106' title='bbox 897 1621 956 1708; x_wconf 70' lang='grc' dir='ltr'><strong>τῆς</strong></span> <span class='ocrx_word' id='word_1_107' title='bbox 977 1621 1062 1705; x_wconf 46' lang='grc' dir='ltr'><strong><em>’,πρὸς</em></strong></span> <span class='ocrx_word' id='word_1_108' title='bbox 1091 1619 1147 1705; x_wconf 77' lang='grc' dir='ltr'><strong><em>την</em></strong></span> <span class='ocrx_word' id='word_1_109' title='bbox 1168 1624 1265 1702; x_wconf 79' lang='grc' dir='ltr'><strong><em>βασι-</em></strong></span> 
     </span>
     <span class='ocr_line' id='line_1_14' title="bbox 158 1715 1398 1811; baseline -0.006 -19"><span class='ocrx_word' id='word_1_110' title='bbox 158 1728 316 1793; x_wconf 77' lang='grc' dir='ltr'><strong><em>λεύουσαν</em></strong></span> <span class='ocrx_word' id='word_1_111' title='bbox 337 1731 466 1809; x_wconf 82' lang='grc' dir='ltr'><strong><em>πορείας</em></strong></span> <span class='ocrx_word' id='word_1_112' title='bbox 491 1724 738 1810; x_wconf 80' lang='grc' dir='ltr'><strong><em>σπουδαιότερον</em></strong></span> <span class='ocrx_word' id='word_1_113' title='bbox 760 1724 874 1808; x_wconf 82' lang='grc' dir='ltr'><strong><em>εἴχετο.</em></strong></span> <span class='ocrx_word' id='word_1_114' title='bbox 918 1717 984 1807; x_wconf 81' lang='grc' dir='ltr'><strong><em>εἶχε</em></strong></span> <span class='ocrx_word' id='word_1_115' title='bbox 1006 1722 1069 1807; x_wconf 79' lang='grc' dir='ltr'><strong>γὰρ</strong></span> <span class='ocrx_word' id='word_1_116' title='bbox 1088 1724 1160 1804; x_wconf 87' lang='grc' dir='ltr'><strong><em>μεθ’</em></strong></span> <span class='ocrx_word' id='word_1_117' title='bbox 1185 1715 1293 1789; x_wconf 66' lang='lat' dir='ltr'><strong>dno-i·</strong></span> <span class='ocrx_word' id='word_1_118' title='bbox 1308 1730 1398 1811; x_wconf 68' lang='grc' dir='ltr'><strong><em>λθδτ,</em></strong></span> 
     </span>
     <span class='ocr_line' id='line_1_15' title="bbox 160 1812 1266 1914; baseline -0.005 -22"><span class='ocrx_word' id='word_1_119' title='bbox 160 1830 220 1892; x_wconf 78' lang='grc' dir='ltr'><strong><em>τοῦ</em></strong></span> <span class='ocrx_word' id='word_1_120' title='bbox 240 1827 460 1910; x_wconf 80' lang='grc' dir='ltr'><strong><em>αἰχμάλωτον,</em></strong></span> <span class='ocrx_word' id='word_1_121' title='bbox 489 1828 522 1891; x_wconf 80' lang='grc' dir='ltr'><strong>ἐν</strong></span> <span class='ocrx_word' id='word_1_122' title='bbox 544 1825 581 1914; x_wconf 74' lang='grc' dir='ltr'><strong><em>τῇ</em></strong></span> <span class='ocrx_word' id='word_1_123' title='bbox 606 1828 662 1891; x_wconf 81' lang='grc' dir='ltr'><strong><em>τοῦ</em></strong></span> <span class='ocrx_word' id='word_1_124' title='bbox 684 1822 859 1908; x_wconf 74' lang='grc' dir='ltr'><strong><em>Καίσαρος</em></strong></span> <span class='ocrx_word' id='word_1_125' title='bbox 881 1826 981 1913; x_wconf 75' lang='grc' dir='ltr'><strong><em>τροπῇ</em></strong></span> <span class='ocrx_word' id='word_1_126' title='bbox 1005 1827 1114 1889; x_wconf 80' lang='grc' dir='ltr'><strong><em>τοῦτον</em></strong></span> <span class='ocrx_word' id='word_1_127' title='bbox 1134 1812 1266 1906; x_wconf 72' lang='grc' dir='ltr'><strong><em>προσόν·</em></strong></span> 
     </span>
     <span class='ocr_line' id='line_1_16' title="bbox 14 1924 1265 2015; baseline -0.005 -21"><span class='ocrx_word' id='word_1_128' title='bbox 14 1964 17 1983; x_wconf 78' lang='lat'><em>=</em></span> <span class='ocrx_word' id='word_1_129' title='bbox 117 1926 280 2015; x_wconf 71' lang='lat' dir='ltr'><strong>15iqpcdc,</strong></span> <span class='ocrx_word' id='word_1_130' title='bbox 304 1930 473 1993; x_wconf 74' lang='grc' dir='ltr'><strong><em>Βασίλειον</em></strong></span> <span class='ocrx_word' id='word_1_131' title='bbox 494 1931 628 2012; x_wconf 76' lang='grc' dir='ltr'><strong><em>σβέστην</em></strong></span> <span class='ocrx_word' id='word_1_132' title='bbox 645 1924 698 1991; x_wconf 90' lang='grc' dir='ltr'><strong><em>τόν</em></strong></span> <span class='ocrx_word' id='word_1_133' title='bbox 722 1930 891 2013; x_wconf 80' lang='grc' dir='ltr'><strong><em>Μαλέσην,</em></strong></span> <span class='ocrx_word' id='word_1_134' title='bbox 911 1928 945 1989; x_wconf 84' lang='grc' dir='ltr'><strong><em>τίτ</em></strong></span> <span class='ocrx_word' id='word_1_135' title='bbox 965 1928 1019 2011; x_wconf 70' lang='grc' dir='ltr'><strong><em>τῆς</em></strong></span> <span class='ocrx_word' id='word_1_136' title='bbox 1040 1925 1103 1988; x_wconf 74' lang='grc' dir='ltr'><strong><em>τοῖν</em></strong></span> <span class='ocrx_word' id='word_1_137' title='bbox 1123 1925 1265 2007; x_wconf 76' lang='grc' dir='ltr'><strong><em>Περσῶν</em></strong></span> 
     </span>
     <span class='ocr_line' id='line_1_17' title="bbox 163 2024 1266 2117; baseline -0.006 -22"><span class='ocrx_word' id='word_1_138' title='bbox 163 2027 387 2113; x_wconf 78' lang='grc' dir='ltr'><strong><em>αἰχμαλωσίας</em></strong></span> <span class='ocrx_word' id='word_1_139' title='bbox 410 2030 467 2093; x_wconf 80' lang='grc' dir='ltr'><strong><em>οιίκ</em></strong></span> <span class='ocrx_word' id='word_1_140' title='bbox 488 2031 522 2093; x_wconf 81' lang='grc' dir='ltr'><strong>ἐκ</strong></span> <span class='ocrx_word' id='word_1_141' title='bbox 539 2032 657 2094; x_wconf 83' lang='grc' dir='ltr'><strong><em>πολλοῦ</em></strong></span> <span class='ocrx_word' id='word_1_142' title='bbox 677 2024 865 2110; x_wconf 81' lang='grc' dir='ltr'><strong><em>ἐπανιόντα,</em></strong></span> <span class='ocrx_word' id='word_1_143' title='bbox 888 2030 933 2117; x_wconf 74' lang='grc' dir='ltr'><strong><em>τῷ</em></strong></span> <span class='ocrx_word' id='word_1_144' title='bbox 943 2030 1087 2110; x_wconf 85' lang='grc' dir='ltr'><strong><em>Καίσαρι</em></strong></span> <span class='ocrx_word' id='word_1_145' title='bbox 1109 2028 1146 2091; x_wconf 74' lang='grc' dir='ltr'><strong>δὲ</strong></span> <span class='ocrx_word' id='word_1_146' title='bbox 1165 2046 1266 2109; x_wconf 78' lang='grc' dir='ltr'><strong><em>προσ·</em></strong></span> 
     </span>
     <span class='ocr_line' id='line_1_18' title="bbox 162 2123 1265 2217; baseline -0.008 -22"><span class='ocrx_word' id='word_1_147' title='bbox 162 2123 328 2217; x_wconf 79' lang='grc' dir='ltr'><strong><em>ληφθέντα</em></strong></span> <span class='ocrx_word' id='word_1_148' title='bbox 352 2130 406 2195; x_wconf 87' lang='grc' dir='ltr'><strong><em>καί</em></strong></span> <span class='ocrx_word' id='word_1_149' title='bbox 427 2132 628 2196; x_wconf 82' lang='grc' dir='ltr'><strong><em>οίκειωθέντα</em></strong></span> <span class='ocrx_word' id='word_1_150' title='bbox 642 2127 696 2195; x_wconf 81' lang='grc' dir='ltr'><strong>διό</strong></span> <span class='ocrx_word' id='word_1_151' title='bbox 719 2128 757 2194; x_wconf 88' lang='grc' dir='ltr'><strong><em>τό</em></strong></span> <span class='ocrx_word' id='word_1_152' title='bbox 772 2132 947 2216; x_wconf 78' lang='grc' dir='ltr'><strong><em>περιφανὲς</em></strong></span> <span class='ocrx_word' id='word_1_153' title='bbox 967 2124 1160 2213; x_wconf 70' lang='grc' dir='ltr'><strong><em>τῆςτοότου</em></strong></span> <span class='ocrx_word' id='word_1_154' title='bbox 1183 2150 1265 2212; x_wconf 84' lang='grc' dir='ltr'><strong><em>φρα.</em></strong></span> 
     </span>
     <span class='ocr_line' id='line_1_19' title="bbox 162 2220 1266 2316; baseline -0.003 -19"><span class='ocrx_word' id='word_1_155' title='bbox 162 2232 282 2315; x_wconf 82' lang='grc' dir='ltr'><strong><em>νήσεως</em></strong></span> <span class='ocrx_word' id='word_1_156' title='bbox 303 2236 357 2297; x_wconf 87' lang='grc' dir='ltr'><strong><em>καί</em></strong></span> <span class='ocrx_word' id='word_1_157' title='bbox 376 2229 529 2316; x_wconf 73' lang='grc' dir='ltr'><strong><em>γνώσεως.</em></strong></span> <span class='ocrx_word' id='word_1_158' title='bbox 574 2230 642 2295; x_wconf 74' lang='grc' dir='ltr'><strong><em>ἀλλ’</em></strong></span> <span class='ocrx_word' id='word_1_159' title='bbox 665 2234 697 2296; x_wconf 80' lang='grc' dir='ltr'><strong>εἰ</strong></span> <span class='ocrx_word' id='word_1_160' title='bbox 708 2234 763 2296; x_wconf 83' lang='grc' dir='ltr'><strong><em>κατ’</em></strong></span> <span class='ocrx_word' id='word_1_161' title='bbox 782 2220 983 2315; x_wconf 80' lang='grc' dir='ltr'><strong><em>δορυόλοοτον</em></strong></span> <span class='ocrx_word' id='word_1_162' title='bbox 1006 2236 1116 2294; x_wconf 83' lang='grc' dir='ltr'><strong><em>τοῦτον</em></strong></span> <span class='ocrx_word' id='word_1_163' title='bbox 1136 2224 1153 2292; x_wconf 85' lang='grc' dir='ltr'><strong><em>ό</em></strong></span> <span class='ocrx_word' id='word_1_164' title='bbox 1171 2225 1266 2295; x_wconf 84' lang='lat' dir='ltr'><strong>‘Pon-</strong></span> 
     </span>
     <span class='ocr_line' id='line_1_20' title="bbox 156 2328 1300 2423; baseline -0.003 -24"><span class='ocrx_word' id='word_1_165' title='bbox 156 2337 267 2410; x_wconf 75' lang='grc' dir='ltr'><strong><em>σέλιος</em></strong></span> <span class='ocrx_word' id='word_1_166' title='bbox 287 2330 409 2417; x_wconf 77' lang='grc' dir='ltr'><strong><em>ἔλαβεν,</em></strong></span> <span class='ocrx_word' id='word_1_167' title='bbox 431 2329 517 2415; x_wconf 80' lang='grc' dir='ltr'><strong><em>ὅμως</em></strong></span> <span class='ocrx_word' id='word_1_168' title='bbox 540 2336 574 2400; x_wconf 77' lang='grc' dir='ltr'><strong>ἐν</strong></span> <span class='ocrx_word' id='word_1_169' title='bbox 593 2338 672 2421; x_wconf 75' lang='grc' dir='ltr'><strong><em>τιμῇ</em></strong></span> <span class='ocrx_word' id='word_1_170' title='bbox 693 2330 825 2423; x_wconf 80' lang='grc' dir='ltr'><strong><em>μεγίστη</em></strong></span> <span class='ocrx_word' id='word_1_171' title='bbox 847 2329 923 2416; x_wconf 85' lang='grc' dir='ltr'><strong><em>εἶχε,</em></strong></span> <span class='ocrx_word' id='word_1_172' title='bbox 946 2334 1003 2396; x_wconf 74' lang='grc' dir='ltr'><strong><em>κατ’</em></strong></span> <span class='ocrx_word' id='word_1_173' title='bbox 1023 2331 1065 2407; x_wconf 77' lang='grc' dir='ltr'><strong>ὥς</strong></span> <span class='ocrx_word' id='word_1_174' title='bbox 1087 2328 1266 2414; x_wconf 80' lang='grc' dir='ltr'><strong><em>ἔμπρακτον</em></strong></span> <span class='ocrx_word' id='word_1_175' title='bbox 1296 2379 1300 2386; x_wconf 69' lang='lat'><em>·</em></span> 
     </span>
     <span class='ocr_line' id='line_1_21' title="bbox 119 2426 1265 2519; baseline 0 -22"><span class='ocrx_word' id='word_1_176' title='bbox 119 2426 263 2518; x_wconf 68' lang='lat' dir='ltr'><strong>perisdem</strong></span> <span class='ocrx_word' id='word_1_177' title='bbox 291 2434 345 2499; x_wconf 85' lang='grc' dir='ltr'><strong><em>καί</em></strong></span> <span class='ocrx_word' id='word_1_178' title='bbox 366 2429 582 2519; x_wconf 87' lang='grc' dir='ltr'><strong><em>λυγικοότατον,</em></strong></span> <span class='ocrx_word' id='word_1_179' title='bbox 606 2437 661 2499; x_wconf 85' lang='grc' dir='ltr'><strong>καί</strong></span> <span class='ocrx_word' id='word_1_180' title='bbox 681 2442 794 2519; x_wconf 79' lang='grc' dir='ltr'><strong><em>πεῖραν</em></strong></span> <span class='ocrx_word' id='word_1_181' title='bbox 824 2430 925 2499; x_wconf 76' lang='grc' dir='ltr'><strong><em>αὑτοῦ</em></strong></span> <span class='ocrx_word' id='word_1_182' title='bbox 946 2431 1105 2499; x_wconf 81' lang='grc' dir='ltr'><strong><em>δεδωκότα</em></strong></span> <span class='ocrx_word' id='word_1_183' title='bbox 1128 2432 1265 2509; x_wconf 80' lang='grc' dir='ltr'><strong><em>διότῶκ</em></strong></span> 
     </span>
     <span class='ocr_line' id='line_1_22' title="bbox 163 2533 1266 2625; baseline -0.001 -27"><span class='ocrx_word' id='word_1_184' title='bbox 163 2538 322 2619; x_wconf 82' lang='grc' dir='ltr'><strong><em>προτέρων</em></strong></span> <span class='ocrx_word' id='word_1_185' title='bbox 343 2533 635 2618; x_wconf 77' lang='grc' dir='ltr'><strong><em>ἐπιστρατεόσεων,</em></strong></span> <span class='ocrx_word' id='word_1_186' title='bbox 658 2540 693 2601; x_wconf 85' lang='grc' dir='ltr'><strong>ἐν</strong></span> <span class='ocrx_word' id='word_1_187' title='bbox 717 2536 815 2625; x_wconf 80' lang='grc' dir='ltr'><strong><em>μοίρρ</em></strong></span> <span class='ocrx_word' id='word_1_188' title='bbox 837 2539 900 2599; x_wconf 78' lang='grc' dir='ltr'><strong><em>ταῖν</em></strong></span> <span class='ocrx_word' id='word_1_189' title='bbox 922 2534 1113 2618; x_wconf 74' lang='grc' dir='ltr'><strong><em>συμβούλων</em></strong></span> <span class='ocrx_word' id='word_1_190' title='bbox 1134 2536 1266 2616; x_wconf 79' lang='grc' dir='ltr'><strong><em>ἐτίθετο,</em></strong></span> 
     </span>
     <span class='ocr_line' id='line_1_23' title="bbox 163 2631 1267 2723; baseline -0.003 -24"><span class='ocrx_word' id='word_1_191' title='bbox 163 2639 284 2716; x_wconf 79' lang='grc' dir='ltr'><strong><em>μᾶλλον</em></strong></span> <span class='ocrx_word' id='word_1_192' title='bbox 307 2638 341 2700; x_wconf 81' lang='grc' dir='ltr'><strong>δὲ</strong></span> <span class='ocrx_word' id='word_1_193' title='bbox 363 2634 539 2721; x_wconf 78' lang='grc' dir='ltr'><strong><em>πρώτιστον</em></strong></span> <span class='ocrx_word' id='word_1_194' title='bbox 562 2631 639 2720; x_wconf 83' lang='grc' dir='ltr'><strong><em>εἶχε,</em></strong></span> <span class='ocrx_word' id='word_1_195' title='bbox 663 2640 718 2703; x_wconf 83' lang='grc' dir='ltr'><strong>καί</strong></span> <span class='ocrx_word' id='word_1_196' title='bbox 736 2638 780 2714; x_wconf 72' lang='grc' dir='ltr'><strong>ὥς</strong></span> <span class='ocrx_word' id='word_1_197' title='bbox 806 2636 932 2721; x_wconf 78' lang='grc' dir='ltr'><strong><em>γλωσση</em></strong></span> <span class='ocrx_word' id='word_1_198' title='bbox 952 2635 1008 2701; x_wconf 79' lang='grc' dir='ltr'><strong>καὶ</strong></span> <span class='ocrx_word' id='word_1_199' title='bbox 1027 2634 1118 2719; x_wconf 83' lang='grc' dir='ltr'><strong><em>χειρί</em></strong></span> <span class='ocrx_word' id='word_1_200' title='bbox 1138 2640 1180 2723; x_wconf 74' lang='lat' dir='ltr'><strong>spi</strong></span> <span class='ocrx_word' id='word_1_201' title='bbox 1199 2657 1267 2698; x_wconf 87' lang='grc' dir='ltr'><strong><em>τοι-</em></strong></span> 
     </span>
     <span class='ocr_line' id='line_1_24' title="bbox 166 2726 1266 2825; baseline 0.003 -29"><span class='ocrx_word' id='word_1_202' title='bbox 166 2732 246 2823; x_wconf 78' lang='grc' dir='ltr'><strong><em>αότῳ</em></strong></span> <span class='ocrx_word' id='word_1_203' title='bbox 269 2738 303 2801; x_wconf 76' lang='grc' dir='ltr'><strong>ἐν</strong></span> <span class='ocrx_word' id='word_1_204' title='bbox 326 2744 392 2811; x_wconf 83' lang='grc' dir='ltr'><strong><em>τοῖς</em></strong></span> <span class='ocrx_word' id='word_1_205' title='bbox 407 2744 576 2812; x_wconf 78' lang='grc' dir='ltr'><strong><em>πολιτικοῖς</em></strong></span> <span class='ocrx_word' id='word_1_206' title='bbox 589 2740 748 2822; x_wconf 81' lang='grc' dir='ltr'><strong><em>-ἐκέχρητο</em></strong></span> <span class='ocrx_word' id='word_1_207' title='bbox 774 2736 969 2822; x_wconf 79' lang='grc' dir='ltr'><strong><em>πράγμασιν.</em></strong></span> <span class='ocrx_word' id='word_1_208' title='bbox 994 2726 1085 2810; x_wconf 77' lang='grc' dir='ltr'><strong><em>οὗτος</em></strong></span> <span class='ocrx_word' id='word_1_209' title='bbox 1106 2733 1144 2825; x_wconf 82' lang='grc' dir='ltr'><strong><em>τὰ</em></strong></span> <span class='ocrx_word' id='word_1_210' title='bbox 1165 2731 1266 2799; x_wconf 84' lang='grc' dir='ltr'><strong><em>παλλό</em></strong></span> 
     </span>
     <span class='ocr_line' id='line_1_25' title="bbox 167 2826 1342 2926; baseline 0.002 -27"><span class='ocrx_word' id='word_1_211' title='bbox 167 2836 225 2917; x_wconf 79' lang='grc' dir='ltr'><strong><em>μὲν</em></strong></span> <span class='ocrx_word' id='word_1_212' title='bbox 245 2830 377 2901; x_wconf 73' lang='grc' dir='ltr'><strong><em>ἑλέσθαι</em></strong></span> <span class='ocrx_word' id='word_1_213' title='bbox 407 2834 465 2921; x_wconf 74' lang='grc' dir='ltr'><strong><em>τὴν</em></strong></span> <span class='ocrx_word' id='word_1_214' title='bbox 491 2837 616 2923; x_wconf 78' lang='grc' dir='ltr'><strong><em>εἰρήνην</em></strong></span> <span class='ocrx_word' id='word_1_215' title='bbox 637 2842 679 2926; x_wconf 74' lang='grc' dir='ltr'><strong><em>τῷ</em></strong></span> <span class='ocrx_word' id='word_1_216' title='bbox 696 2838 866 2926; x_wconf 80' lang='grc' dir='ltr'><strong><em>Ῥουσελίῳ</em></strong></span> <span class='ocrx_word' id='word_1_217' title='bbox 888 2836 1053 2903; x_wconf 72' lang='grc' dir='ltr'><strong><em>ὑπετίθει·</em></strong></span> <span class='ocrx_word' id='word_1_218' title='bbox 1107 2835 1138 2902; x_wconf 86' lang='lat' dir='ltr'><strong>et&#39;</strong></span> <span class='ocrx_word' id='word_1_219' title='bbox 1159 2836 1194 2901; x_wconf 75' lang='grc' dir='ltr'><strong>δὲ</strong></span> <span class='ocrx_word' id='word_1_220' title='bbox 1213 2834 1270 2901; x_wconf 78' lang='grc' dir='ltr'><strong><em>κατ’</em></strong></span> <span class='ocrx_word' id='word_1_221' title='bbox 1337 2826 1342 2833; x_wconf 55' lang='grc'><strong>’</strong></span> 
     </span>
    </p>
   </div>
   <div class='ocr_carea' id='block_1_3' title="bbox 237 3024 810 3113">
    <p class='ocr_par' dir='ltr' id='par_1_3' title="bbox 237 3024 810 3113">
     <span class='ocr_line' id='line_1_26' title="bbox 237 3024 810 3113; baseline 0 -35"><span class='ocrx_word' id='word_1_222' title='bbox 237 3026 263 3079; x_wconf 75' lang='lat'><strong>2.</strong></span> <span class='ocrx_word' id='word_1_223' title='bbox 282 3024 393 3097; x_wconf 73' lang='grc' dir='ltr'><strong><em>βάλλετε</em></strong></span> <span class='ocrx_word' id='word_1_224' title='bbox 413 3024 444 3113; x_wconf 69' lang='lat'><strong>⁰⁸,</strong></span> <span class='ocrx_word' id='word_1_225' title='bbox 485 3028 504 3049; x_wconf 27' lang='grc' dir='ltr'><strong>Χ</strong></span> <span class='ocrx_word' id='word_1_226' title='bbox 543 3026 586 3081; x_wconf 74' lang='lat'><strong>20.</strong></span> <span class='ocrx_word' id='word_1_227' title='bbox 608 3025 763 3089; x_wconf 79' lang='grc' dir='ltr'><strong><em>δεδοικότος</em></strong></span> <span class='ocrx_word' id='word_1_228' title='bbox 780 3024 810 3081; x_wconf 84' lang='lat' dir='ltr'><strong>G.</strong></span> 
     </span>
    </p>
   </div>
   <div class='ocr_carea' id='block_1_4' title="bbox 168 3176 1322 4330">
    <p class='ocr_par' dir='ltr' id='par_1_4' title="bbox 168 3176 1322 4330">
     <span class='ocr_line' id='line_1_27' title="bbox 169 3176 1269 3261; baseline 0 -20"><span class='ocrx_word' id='word_1_229' title='bbox 169 3188 218 3241; x_wconf 85' lang='lat' dir='ltr'><strong>ism</strong></span> <span class='ocrx_word' id='word_1_230' title='bbox 237 3188 326 3241; x_wconf 89' lang='lat' dir='ltr'><strong>tollite</strong></span> <span class='ocrx_word' id='word_1_231' title='bbox 352 3204 394 3241; x_wconf 94' lang='lat' dir='ltr'><strong>me</strong></span> <span class='ocrx_word' id='word_1_232' title='bbox 415 3200 441 3243; x_wconf 92' lang='lat' dir='ltr'><strong>et</strong></span> <span class='ocrx_word' id='word_1_233' title='bbox 459 3191 540 3244; x_wconf 83' lang='lat' dir='ltr'><strong>iacite</strong></span> <span class='ocrx_word' id='word_1_234' title='bbox 565 3194 592 3245; x_wconf 93' lang='lat' dir='ltr'><strong>in</strong></span> <span class='ocrx_word' id='word_1_235' title='bbox 611 3208 682 3245; x_wconf 80' lang='lat' dir='ltr'><strong>mare</strong></span> <span class='ocrx_word' id='word_1_236' title='bbox 694 3176 839 3261; x_wconf 57' lang='lat' dir='ltr'><strong>:*propter</strong></span> <span class='ocrx_word' id='word_1_237' title='bbox 859 3206 919 3243; x_wconf 86' lang='lat' dir='ltr'><strong>mea</strong></span> <span class='ocrx_word' id='word_1_238' title='bbox 946 3189 1016 3242; x_wconf 88' lang='lat' dir='ltr'><strong>eninr</strong></span> <span class='ocrx_word' id='word_1_239' title='bbox 1035 3189 1106 3242; x_wconf 79' lang='lat' dir='ltr'><strong>iacta</strong></span> <span class='ocrx_word' id='word_1_240' title='bbox 1123 3186 1192 3243; x_wconf 77' lang='lat' dir='ltr'><strong>tales</strong></span> <span class='ocrx_word' id='word_1_241' title='bbox 1210 3188 1269 3243; x_wconf 91' lang='lat' dir='ltr'><strong>duri</strong></span> 
     </span>
     <span class='ocr_line' id='line_1_28' title="bbox 170 3259 1269 3333; baseline -0.002 -20"><span class='ocrx_word' id='word_1_242' title='bbox 170 3268 195 3313; x_wconf 90' lang='lat' dir='ltr'><strong>et</strong></span> <span class='ocrx_word' id='word_1_243' title='bbox 213 3259 337 3313; x_wconf 82' lang='lat' dir='ltr'><strong>difficiles</strong></span> <span class='ocrx_word' id='word_1_244' title='bbox 365 3278 441 3317; x_wconf 82' lang='lat' dir='ltr'><strong>casus</strong></span> <span class='ocrx_word' id='word_1_245' title='bbox 462 3262 570 3318; x_wconf 79' lang='lat' dir='ltr'><strong>Graecis</strong></span> <span class='ocrx_word' id='word_1_246' title='bbox 590 3266 740 3318; x_wconf 81' lang='lat' dir='ltr'><strong>accidunt.“</strong></span> <span class='ocrx_word' id='word_1_247' title='bbox 787 3274 866 3333; x_wconf 84' lang='lat' dir='ltr'><strong>atque</strong></span> <span class='ocrx_word' id='word_1_248' title='bbox 899 3262 982 3316; x_wconf 87' lang='lat' dir='ltr'><strong>verba</strong></span> <span class='ocrx_word' id='word_1_249' title='bbox 1001 3263 1105 3332; x_wconf 89' lang='lat' dir='ltr'><strong>quidem</strong></span> <span class='ocrx_word' id='word_1_250' title='bbox 1124 3264 1269 3330; x_wconf 90' lang='lat' dir='ltr'><strong>poeniten.</strong></span> 
     </span>
     <span class='ocr_line' id='line_1_29' title="bbox 168 3332 1322 3406; baseline -0.002 -22"><span class='ocrx_word' id='word_1_251' title='bbox 168 3334 227 3385; x_wconf 81' lang='lat' dir='ltr'><strong>tiam</strong></span> <span class='ocrx_word' id='word_1_252' title='bbox 246 3332 316 3385; x_wconf 82' lang='lat' dir='ltr'><strong>mule</strong></span> <span class='ocrx_word' id='word_1_253' title='bbox 336 3333 466 3387; x_wconf 84' lang='lat' dir='ltr'><strong>factorum</strong></span> <span class='ocrx_word' id='word_1_254' title='bbox 485 3338 689 3406; x_wconf 80' lang='lat' dir='ltr'><strong>significabunt:</strong></span> <span class='ocrx_word' id='word_1_255' title='bbox 715 3345 866 3399; x_wconf 78' lang='lat' dir='ltr'><strong>rosentem</strong></span> <span class='ocrx_word' id='word_1_256' title='bbox 884 3351 939 3388; x_wconf 87' lang='lat' dir='ltr'><strong>non</strong></span> <span class='ocrx_word' id='word_1_257' title='bbox 963 3335 1000 3386; x_wconf 87' lang='lat' dir='ltr'><strong>itn</strong></span> <span class='ocrx_word' id='word_1_258' title='bbox 1019 3351 1049 3387; x_wconf 93' lang='lat' dir='ltr'><strong>se</strong></span> <span class='ocrx_word' id='word_1_259' title='bbox 1068 3333 1197 3386; x_wconf 86' lang='lat' dir='ltr'><strong>habebnt:</strong></span> <span class='ocrx_word' id='word_1_260' title='bbox 1216 3350 1268 3385; x_wconf 90' lang='lat' dir='ltr'><strong>ne.</strong></span> <span class='ocrx_word' id='word_1_261' title='bbox 1319 3347 1322 3352; x_wconf 83' lang='grc'>’</span> 
     </span>
     <span class='ocr_line' id='line_1_30' title="bbox 168 3405 1269 3477; baseline 0.003 -23"><span class='ocrx_word' id='word_1_262' title='bbox 168 3420 218 3472; x_wconf 89' lang='lat' dir='ltr'><strong>que</strong></span> <span class='ocrx_word' id='word_1_263' title='bbox 239 3420 347 3473; x_wconf 87' lang='lat' dir='ltr'><strong>usqunm</strong></span> <span class='ocrx_word' id='word_1_264' title='bbox 375 3407 523 3459; x_wconf 70' lang='lat' dir='ltr'><strong>emendatio</strong></span> <span class='ocrx_word' id='word_1_265' title='bbox 551 3411 705 3477; x_wconf 81' lang='lat' dir='ltr'><strong>apparebat.</strong></span> <span class='ocrx_word' id='word_1_266' title='bbox 753 3410 905 3463; x_wconf 81' lang='lat' dir='ltr'><strong>subiecerat</strong></span> <span class='ocrx_word' id='word_1_267' title='bbox 935 3408 1005 3459; x_wconf 89' lang='lat' dir='ltr'><strong>enim</strong></span> <span class='ocrx_word' id='word_1_268' title='bbox 1030 3422 1060 3459; x_wconf 92' lang='lat' dir='ltr'><strong>se</strong></span> <span class='ocrx_word' id='word_1_269' title='bbox 1079 3405 1127 3458; x_wconf 90' lang='lat' dir='ltr'><strong>ille</strong></span> <span class='ocrx_word' id='word_1_270' title='bbox 1146 3406 1269 3473; x_wconf 77' lang='lat' dir='ltr'>pessimis</span> 
     </span>
     <span class='ocr_line' id='line_1_31' title="bbox 169 3473 1269 3549; baseline 0.004 -24"><span class='ocrx_word' id='word_1_271' title='bbox 169 3473 288 3526; x_wconf 88' lang='lat' dir='ltr'><strong>consiliis</strong></span> <span class='ocrx_word' id='word_1_272' title='bbox 308 3478 382 3541; x_wconf 84' lang='lat' dir='ltr'><strong>quusi</strong></span> <span class='ocrx_word' id='word_1_273' title='bbox 401 3492 456 3529; x_wconf 87' lang='lat' dir='ltr'><strong>non</strong></span> <span class='ocrx_word' id='word_1_274' title='bbox 475 3479 646 3547; x_wconf 84' lang='lat' dir='ltr'><strong>gubernatus.</strong></span> <span class='ocrx_word' id='word_1_275' title='bbox 683 3482 787 3534; x_wconf 85' lang='lat' dir='ltr'><strong>interea</strong></span> <span class='ocrx_word' id='word_1_276' title='bbox 806 3480 888 3549; x_wconf 82' lang='lat' dir='ltr'><strong>igitur</strong></span> <span class='ocrx_word' id='word_1_277' title='bbox 908 3495 966 3530; x_wconf 89' lang='lat' dir='ltr'><strong>oum</strong></span> <span class='ocrx_word' id='word_1_278' title='bbox 985 3478 1192 3546; x_wconf 73' lang='lat' dir='ltr'><strong>progrederetur</strong></span> <span class='ocrx_word' id='word_1_279' title='bbox 1211 3474 1269 3529; x_wconf 84' lang='lat' dir='ltr'><strong>Ru-</strong></span> 
     </span>
     <span class='ocr_line' id='line_1_32' title="bbox 169 3544 1269 3618; baseline -0.001 -19"><span class='ocrx_word' id='word_1_280' title='bbox 169 3546 268 3608; x_wconf 82' lang='lat' dir='ltr'><strong>telius,</strong></span> <span class='ocrx_word' id='word_1_281' title='bbox 294 3544 446 3612; x_wconf 68' lang='lat' dir='ltr'><strong>legationes</strong></span> <span class='ocrx_word' id='word_1_282' title='bbox 471 3564 486 3598; x_wconf 87' lang='lat' dir='ltr'><strong>s</strong></span> <span class='ocrx_word' id='word_1_283' title='bbox 512 3566 579 3618; x_wconf 84' lang='lat' dir='ltr'><strong>rege</strong></span> <span class='ocrx_word' id='word_1_284' title='bbox 603 3554 701 3603; x_wconf 86' lang='lat' dir='ltr'><strong>missae</strong></span> <span class='ocrx_word' id='word_1_285' title='bbox 726 3552 789 3603; x_wconf 91' lang='lat' dir='ltr'><strong>huic</strong></span> <span class='ocrx_word' id='word_1_286' title='bbox 815 3552 921 3603; x_wconf 82' lang='lat' dir='ltr'><strong>obviam</strong></span> <span class='ocrx_word' id='word_1_287' title='bbox 939 3558 1094 3613; x_wconf 89' lang='lat' dir='ltr'><strong>venerunt,</strong></span> <span class='ocrx_word' id='word_1_288' title='bbox 1113 3550 1269 3616; x_wconf 81' lang='lat' dir='ltr'><strong>dignitatern</strong></span> 
     </span>
     <span class='ocr_line' id='line_1_33' title="bbox 170 3614 1269 3688; baseline 0.001 -23"><span class='ocrx_word' id='word_1_289' title='bbox 170 3614 376 3681; x_wconf 79' lang='lat' dir='ltr'><strong>curopalaticam</strong></span> <span class='ocrx_word' id='word_1_290' title='bbox 392 3620 588 3683; x_wconf 89' lang='lat' dir='ltr'><strong>promittentes,</strong></span> <span class='ocrx_word' id='word_1_291' title='bbox 609 3630 636 3671; x_wconf 90' lang='lat' dir='ltr'><strong>et</strong></span> <span class='ocrx_word' id='word_1_292' title='bbox 657 3622 725 3673; x_wconf 81' lang='lat' dir='ltr'><strong>dona</strong></span> <span class='ocrx_word' id='word_1_293' title='bbox 744 3622 842 3688; x_wconf 75' lang='lat' dir='ltr'><strong>amplo,</strong></span> <span class='ocrx_word' id='word_1_294' title='bbox 861 3623 883 3673; x_wconf 93' lang='lat' dir='ltr'><strong>si</strong></span> <span class='ocrx_word' id='word_1_295' title='bbox 903 3622 1062 3673; x_wconf 76' lang='lat' dir='ltr'><strong>seditionem</strong></span> <span class='ocrx_word' id='word_1_296' title='bbox 1081 3622 1189 3671; x_wconf 90' lang='lat' dir='ltr'><strong>mittens</strong></span> <span class='ocrx_word' id='word_1_297' title='bbox 1209 3619 1269 3685; x_wconf 83' lang='lat' dir='ltr'><strong>regi</strong></span> 
     </span>
     <span class='ocr_line' id='line_1_34' title="bbox 170 3686 1269 3756; baseline 0.001 -19"><span class='ocrx_word' id='word_1_298' title='bbox 170 3694 276 3754; x_wconf 78' lang='lat' dir='ltr'><strong>pacatus</strong></span> <span class='ocrx_word' id='word_1_299' title='bbox 303 3687 388 3737; x_wconf 81' lang='lat' dir='ltr'><strong>[ieret.</strong></span> <span class='ocrx_word' id='word_1_300' title='bbox 434 3686 483 3739; x_wconf 92' lang='lat' dir='ltr'><strong>ille</strong></span> <span class='ocrx_word' id='word_1_301' title='bbox 510 3699 597 3741; x_wconf 85' lang='lat' dir='ltr'><strong>cutem</strong></span> <span class='ocrx_word' id='word_1_302' title='bbox 623 3690 693 3741; x_wconf 91' lang='lat' dir='ltr'><strong>nihil</strong></span> <span class='ocrx_word' id='word_1_303' title='bbox 711 3692 841 3743; x_wconf 90' lang='lat' dir='ltr'><strong>dictorum</strong></span> <span class='ocrx_word' id='word_1_304' title='bbox 865 3692 1013 3756; x_wconf 78' lang='lat' dir='ltr'><strong>respiciens</strong></span> <span class='ocrx_word' id='word_1_305' title='bbox 1038 3691 1090 3740; x_wconf 91' lang='lat' dir='ltr'><strong>iter</strong></span> <span class='ocrx_word' id='word_1_306' title='bbox 1119 3690 1151 3740; x_wconf 86' lang='lat' dir='ltr'><strong>ad</strong></span> <span class='ocrx_word' id='word_1_307' title='bbox 1178 3688 1269 3739; x_wconf 87' lang='lat' dir='ltr'><strong>urbem</strong></span> 
     </span>
     <span class='ocr_line' id='line_1_35' title="bbox 170 3753 1292 3827; baseline 0.002 -16"><span class='ocrx_word' id='word_1_308' title='bbox 170 3753 311 3813; x_wconf 79' lang='lat' dir='ltr'><strong>studiosius</strong></span> <span class='ocrx_word' id='word_1_309' title='bbox 340 3760 434 3810; x_wconf 89' lang='lat' dir='ltr'><strong>tenuit.</strong></span> <span class='ocrx_word' id='word_1_310' title='bbox 482 3759 596 3812; x_wconf 83' lang='lat' dir='ltr'><strong>habebat</strong></span> <span class='ocrx_word' id='word_1_311' title='bbox 621 3762 689 3812; x_wconf 91' lang='lat' dir='ltr'><strong>enim</strong></span> <span class='ocrx_word' id='word_1_312' title='bbox 716 3776 791 3812; x_wconf 86' lang='lat' dir='ltr'><strong>suum</strong></span> <span class='ocrx_word' id='word_1_313' title='bbox 818 3762 970 3827; x_wconf 81' lang='lat' dir='ltr'><strong>captivum,</strong></span> <span class='ocrx_word' id='word_1_314' title='bbox 999 3776 1077 3827; x_wconf 89' lang='lat' dir='ltr'><strong>quem</strong></span> <span class='ocrx_word' id='word_1_315' title='bbox 1101 3760 1128 3810; x_wconf 89' lang='lat' dir='ltr'><strong>in</strong></span> <span class='ocrx_word' id='word_1_316' title='bbox 1148 3760 1292 3813; x_wconf 58' lang='lat' dir='ltr'><strong>Gesseris*</strong></span> 
     </span>
     <span class='ocr_line' id='line_1_36' title="bbox 170 3830 1267 3899; baseline -0.002 -18"><span class='ocrx_word' id='word_1_317' title='bbox 170 3830 232 3897; x_wconf 75' lang='lat' dir='ltr'><strong>iugc</strong></span> <span class='ocrx_word' id='word_1_318' title='bbox 249 3837 390 3895; x_wconf 77' lang='lat' dir='ltr'><strong>praeterea</strong></span> <span class='ocrx_word' id='word_1_319' title='bbox 408 3839 525 3898; x_wconf 75' lang='lat' dir='ltr'><strong>ceperat,</strong></span> <span class='ocrx_word' id='word_1_320' title='bbox 546 3831 676 3885; x_wconf 78' lang='lat' dir='ltr'><strong>Basilium</strong></span> <span class='ocrx_word' id='word_1_321' title='bbox 695 3832 798 3884; x_wconf 83' lang='lat' dir='ltr'><strong>bestnm</strong></span> <span class='ocrx_word' id='word_1_322' title='bbox 815 3832 951 3897; x_wconf 80' lang='lat' dir='ltr'><strong>iinlesen,</strong></span> <span class='ocrx_word' id='word_1_323' title='bbox 971 3846 1004 3883; x_wconf 83' lang='lat' dir='ltr'><strong>ex</strong></span> <span class='ocrx_word' id='word_1_324' title='bbox 1022 3830 1162 3883; x_wconf 76' lang='lat' dir='ltr'><strong>Persarum</strong></span> <span class='ocrx_word' id='word_1_325' title='bbox 1182 3831 1267 3899; x_wconf 78' lang='lat' dir='ltr'><strong>capti.</strong></span> 
     </span>
     <span class='ocr_line' id='line_1_37' title="bbox 170 3899 1268 3968; baseline 0.001 -15"><span class='ocrx_word' id='word_1_326' title='bbox 170 3902 251 3953; x_wconf 76' lang='lat' dir='ltr'><strong>vitate</strong></span> <span class='ocrx_word' id='word_1_327' title='bbox 277 3916 331 3953; x_wconf 90' lang='lat' dir='ltr'><strong>non</strong></span> <span class='ocrx_word' id='word_1_328' title='bbox 356 3902 401 3953; x_wconf 94' lang='lat' dir='ltr'><strong>diu</strong></span> <span class='ocrx_word' id='word_1_329' title='bbox 426 3918 581 3968; x_wconf 82' lang='lat' dir='ltr'><strong>reversum,</strong></span> <span class='ocrx_word' id='word_1_330' title='bbox 606 3918 622 3954; x_wconf 84' lang='lat' dir='ltr'><strong>u</strong></span> <span class='ocrx_word' id='word_1_331' title='bbox 647 3904 762 3957; x_wconf 79' lang='lat' dir='ltr'><strong>Caesare</strong></span> <span class='ocrx_word' id='word_1_332' title='bbox 788 3913 875 3957; x_wconf 88' lang='lat' dir='ltr'><strong>sutem</strong></span> <span class='ocrx_word' id='word_1_333' title='bbox 893 3899 1038 3955; x_wconf 80' lang='lat' dir='ltr'><strong>adhibitum</strong></span> <span class='ocrx_word' id='word_1_334' title='bbox 1067 3911 1094 3954; x_wconf 90' lang='lat' dir='ltr'><strong>et</strong></span> <span class='ocrx_word' id='word_1_335' title='bbox 1112 3910 1268 3956; x_wconf 86' lang='lat' dir='ltr'><strong>consuetum</strong></span> 
     </span>
     <span class='ocr_line' id='line_1_38' title="bbox 169 3973 1266 4044; baseline 0.002 -21"><span class='ocrx_word' id='word_1_336' title='bbox 169 3980 278 4041; x_wconf 88' lang='lat' dir='ltr'><strong>propter</strong></span> <span class='ocrx_word' id='word_1_337' title='bbox 297 3973 414 4025; x_wconf 88' lang='lat' dir='ltr'><strong>nobilem</strong></span> <span class='ocrx_word' id='word_1_338' title='bbox 439 3976 496 4027; x_wconf 93' lang='lat' dir='ltr'><strong>eius</strong></span> <span class='ocrx_word' id='word_1_339' title='bbox 524 3977 714 4044; x_wconf 80' lang='lat' dir='ltr'><strong>cogitationem</strong></span> <span class='ocrx_word' id='word_1_340' title='bbox 744 3985 772 4029; x_wconf 91' lang='lat' dir='ltr'><strong>ct</strong></span> <span class='ocrx_word' id='word_1_341' title='bbox 788 3976 1004 4043; x_wconf 77' lang='lat' dir='ltr'><strong>intelligentiam.</strong></span> <span class='ocrx_word' id='word_1_342' title='bbox 1043 3974 1090 4028; x_wconf 90' lang='lat' dir='ltr'><strong>sed</strong></span> <span class='ocrx_word' id='word_1_343' title='bbox 1109 3975 1175 4026; x_wconf 87' lang='lat' dir='ltr'><strong>iicet</strong></span> <span class='ocrx_word' id='word_1_344' title='bbox 1192 3973 1266 4025; x_wconf 88' lang='lat' dir='ltr'><strong>belio</strong></span> 
     </span>
     <span class='ocr_line' id='line_1_39' title="bbox 170 4044 1268 4115; baseline 0 -19"><span class='ocrx_word' id='word_1_345' title='bbox 170 4052 271 4111; x_wconf 80' lang='lat' dir='ltr'><strong>ceptum</strong></span> <span class='ocrx_word' id='word_1_346' title='bbox 291 4044 360 4097; x_wconf 89' lang='lat' dir='ltr'><strong>hunc</strong></span> <span class='ocrx_word' id='word_1_347' title='bbox 379 4046 504 4098; x_wconf 82' lang='lat' dir='ltr'><strong>Ruselius</strong></span> <span class='ocrx_word' id='word_1_348' title='bbox 528 4050 688 4115; x_wconf 76' lang='lat' dir='ltr'><strong>accepisset,</strong></span> <span class='ocrx_word' id='word_1_349' title='bbox 715 4056 801 4100; x_wconf 82' lang='lat' dir='ltr'><strong>temen</strong></span> <span class='ocrx_word' id='word_1_350' title='bbox 821 4050 924 4099; x_wconf 87' lang='lat' dir='ltr'><strong>honore</strong></span> <span class='ocrx_word' id='word_1_351' title='bbox 942 4050 1055 4099; x_wconf 76' lang='lat' dir='ltr'><strong>maximo</strong></span> <span class='ocrx_word' id='word_1_352' title='bbox 1075 4062 1133 4097; x_wconf 89' lang='lat' dir='ltr'><strong>eum</strong></span> <span class='ocrx_word' id='word_1_353' title='bbox 1154 4046 1268 4097; x_wconf 74' lang='lat' dir='ltr'><strong>habebat</strong></span> 
     </span>
     <span class='ocr_line' id='line_1_40' title="bbox 170 4119 1268 4189; baseline -0.001 -21"><span class='ocrx_word' id='word_1_354' title='bbox 170 4125 196 4168; x_wconf 91' lang='lat' dir='ltr'><strong>et</strong></span> <span class='ocrx_word' id='word_1_355' title='bbox 213 4124 242 4167; x_wconf 93' lang='lat' dir='ltr'><strong>ut</strong></span> <span class='ocrx_word' id='word_1_356' title='bbox 263 4123 399 4169; x_wconf 91' lang='lat' dir='ltr'><strong>strenuum</strong></span> <span class='ocrx_word' id='word_1_357' title='bbox 419 4120 503 4171; x_wconf 91' lang='lat' dir='ltr'><strong>virum</strong></span> <span class='ocrx_word' id='word_1_358' title='bbox 521 4120 816 4189; x_wconf 84' lang='lat' dir='ltr'><strong>prudentissimumque,</strong></span> <span class='ocrx_word' id='word_1_359' title='bbox 836 4121 880 4188; x_wconf 90' lang='lat' dir='ltr'><strong>qui</strong></span> <span class='ocrx_word' id='word_1_360' title='bbox 900 4122 978 4172; x_wconf 84' lang='lat' dir='ltr'><strong>etiem</strong></span> <span class='ocrx_word' id='word_1_361' title='bbox 996 4121 1131 4187; x_wconf 85' lang='lat' dir='ltr'><strong>specimen</strong></span> <span class='ocrx_word' id='word_1_362' title='bbox 1150 4119 1268 4171; x_wconf 87' lang='lat' dir='ltr'><strong>dodisset</strong></span> 
     </span>
     <span class='ocr_line' id='line_1_41' title="bbox 170 4172 1266 4259; baseline -0.001 -20"><span class='ocrx_word' id='word_1_363' title='bbox 170 4188 302 4255; x_wconf 89' lang='lat' dir='ltr'><strong>prioribus</strong></span> <span class='ocrx_word' id='word_1_364' title='bbox 321 4190 553 4257; x_wconf 87' lang='lat' dir='ltr'><strong>expeditionibus,</strong></span> <span class='ocrx_word' id='word_1_365' title='bbox 581 4191 641 4243; x_wconf 76' lang='lat' dir='ltr'><strong>loeo</strong></span> <span class='ocrx_word' id='word_1_366' title='bbox 662 4192 876 4247; x_wconf 85' lang='lat' dir='ltr'><strong>consiliariorum</strong></span> <span class='ocrx_word' id='word_1_367' title='bbox 906 4207 964 4243; x_wconf 91' lang='lat' dir='ltr'><strong>cum</strong></span> <span class='ocrx_word' id='word_1_368' title='bbox 983 4191 1117 4259; x_wconf 75' lang='lat' dir='ltr'><strong>ponebat,</strong></span> <span class='ocrx_word' id='word_1_369' title='bbox 1135 4191 1195 4244; x_wconf 81' lang='lat' dir='ltr'><strong>sive</strong></span> <span class='ocrx_word' id='word_1_370' title='bbox 1214 4172 1266 4255; x_wconf 60' lang='lat' dir='ltr'><strong>fio-</strong></span> 
     </span>
     <span class='ocr_line' id='line_1_42' title="bbox 170 4259 1266 4330; baseline -0.001 -19"><span class='ocrx_word' id='word_1_371' title='bbox 170 4260 219 4313; x_wconf 86' lang='lat' dir='ltr'><strong>tins</strong></span> <span class='ocrx_word' id='word_1_372' title='bbox 240 4262 354 4314; x_wconf 88' lang='lat' dir='ltr'><strong>omnium</strong></span> <span class='ocrx_word' id='word_1_373' title='bbox 374 4263 485 4330; x_wconf 87' lang='lat' dir='ltr'><strong>primum</strong></span> <span class='ocrx_word' id='word_1_374' title='bbox 499 4262 614 4316; x_wconf 75' lang='lat' dir='ltr'><strong>habebnt</strong></span> <span class='ocrx_word' id='word_1_375' title='bbox 627 4273 654 4315; x_wconf 92' lang='lat' dir='ltr'><strong>et</strong></span> <span class='ocrx_word' id='word_1_376' title='bbox 672 4266 793 4316; x_wconf 82' lang='lat' dir='ltr'><strong>oratione</strong></span> <span class='ocrx_word' id='word_1_377' title='bbox 813 4272 840 4317; x_wconf 90' lang='lat' dir='ltr'><strong>et</strong></span> <span class='ocrx_word' id='word_1_378' title='bbox 852 4278 930 4315; x_wconf 86' lang='lat' dir='ltr'><strong>msnu</strong></span> <span class='ocrx_word' id='word_1_379' title='bbox 948 4263 995 4316; x_wconf 84' lang='lat' dir='ltr'><strong>tnli</strong></span> <span class='ocrx_word' id='word_1_380' title='bbox 1014 4264 1073 4316; x_wconf 78' lang='lat' dir='ltr'><strong>viro</strong></span> <span class='ocrx_word' id='word_1_381' title='bbox 1093 4264 1121 4314; x_wconf 86' lang='lat' dir='ltr'><strong>is</strong></span> <span class='ocrx_word' id='word_1_382' title='bbox 1141 4259 1266 4316; x_wconf 78' lang='lat' dir='ltr'><strong>civilibus</strong></span> 
     </span>
    </p>
   </div>
   <div class='ocr_carea' id='block_1_5' title="bbox 0 0 1522 4892">
    <p class='ocr_par' dir='ltr' id='par_1_5' title="bbox 0 0 1522 4892">
     <span class='ocr_line' id='line_1_43' title="bbox 0 0 1522 4892; baseline 0 0"><span class='ocrx_word' id='word_1_383' title='bbox 0 0 1522 4892; x_wconf 95' lang='lat' dir='ltr'><strong> </strong></span> 
     </span>
    </p>
   </div>
  </div>
 </body>
</html>
