3017 4892
268 299 336 388 64,
576 227 798 385 umulmrs
824 313 1084 385 urrmroulu
1146 312 1151 322 ·

269 482 445 569 στρατηγὸς
464 483 528 551 caia
551 483 786 552 Καππαδοκῶν.
799 479 1050 561 καθιστάμενος,
1071 481 1388 558 aeternamm

207 580 209 588 ’
269 578 292 667 ἢ
313 587 434 665 μᾶλλον
455 583 731 668 adseveratione
751 580 851 651 τύνέκ
871 583 1028 666 βασιλέως
1050 581 1270 649 ἀποσταλέντα
1291 582 1387 666 πρὸς

271 689 458 768 διανέμησιν
487 686 550 758 τοῖν
577 687 814 766 στρατιωτικιύν
848 683 1014 771 ὀψωνίων,
1046 686 1241 770 ἐχειρώσατο
1261 687 1386 750 τούτου

270 791 326 857 καί
347 788 473 866 δεσμούς
492 789 710 868 καθυνιίβαλε.
735 786 977 852 διαναστάντων
1002 787 1039 849 δὲ
1057 786 1102 865 εἷς
1124 781 1283 870 ἔνδιλτησιν
1302 779 1386 851 {ak-

273 909 336 970 ρων
357 889 562 970 στρατιωτῶν
593 890 657 954 τοῖιν
674 909 708 953 τε
738 883 865 966 δεσμῶν
892 886 1007 971 α’νείθη
1029 876 1144 967 οὗτος,
1166 885 1223 950 καί
1241 883 1299 950 τύν
1317 889 1412 956 ‹ie-5

271 989 449 1074 δεσμηκύτα
467 990 737 1072 κατεργασάμενος
762 987 825 1052 caia
846 987 1028 1071 ὀφθαλμοῖν
1062 987 1268 1070 incertoque.
1311 988 1383 1073 φύ-

185 1142 189 1164 ,
270 1090 327 1166 βας
348 1075 405 1147 σύν
425 1083 594 1165 κατασχούν
614 1084 689 1159 τούς
710 1088 767 1168 τῆς
789 1087 887 1168 αὐτῆς
908 1089 952 1174 τῷ
973 1089 1155 1172 πηρωθέντι
1189 1087 1383 1150 κετοινωκύ-

271 1208 329 1260 τας
349 1187 482 1268 μιλίτης
503 1183 679 1268 η’νύγκασεν
699 1179 844 1270 οἱρπύσαι
864 1185 904 1252 τύ
928 1183 1011 1251 ὅπλα
1033 1187 1088 1250 καί
1108 1188 1382 1271 προκινδυνεῦσαι

271 1285 406 1367 ταχίους,
426 1287 481 1349 καί
499 1283 544 1367 μη
568 1283 733 1368 σποράδας
757 1289 923 1371 ληφθῆναι
943 1285 998 1351 καί
1017 1291 1134 1352 παθεῖν
1149 1284 1188 1351 τὰ
1209 1283 1379 1370 οίνητεστιν.

275 1390 444 1469 γενομένης
465 1385 571 1452 τοίνυν
606 1389 662 1470 τῆς
683 1387 897 1472 συγκινηστας
920 1390 994 1473 περί
1022 1387 1080 1462 uic
1101 1385 1233 1470 ἐαρινὸς
1254 1387 1425 1470 τροπᾶςιθ

139 1495 158 1550 l.
173 1493 222 1549 ill
236 1510 263 1550 v.
274 1490 465 1570 προσέθεντο
486 1483 607 1563 τούτοις
627 1490 746 1568 πολλοί,
769 1489 825 1563 καί
838 1485 1059 1573 καθημερινην
1076 1483 1300 1570 λαμβανούσης
1319 1491 1380 1570 τῆς

124 1573 126 1584 ’
275 1586 472 1663 αἰίοστασίας
491 1586 664 1673 ἐπαύξησιν
685 1589 732 1664 είς
749 1592 832 1672 μίγα
844 1590 967 1672 πλῆθος
987 1587 1007 1672 ἦ
1027 1586 1237 1670 συνύθροισις
1258 1589 1378 1671 γέγονε.

275 1691 333 1754 καί
351 1675 582 1772 ἀναγορεύουσι
604 1687 783 1773 στρατηγὸν
796 1683 1016 1774 αύτοκρύτορα
1039 1686 1095 1752 τόν
1116 1683 1379 1771 α’ρχισύμβοολον
1435 1710 1440 1720 ’

273 1789 426 1858 Ἰουύκιον
451 1789 506 1854 τύν
532 1775 707 1875 Κομνηνύν.
766 1793 991 1871 μετατίθενται
1013 1791 1049 1852 di
1084 1783 1164 1871 πρὸς
1195 1785 1250 1852 τὸν
1276 1789 1309 1851 ίν
1338 1791 1387 1876 τῇ,

276 1889 440 1968 Βύζαντος
462 1893 596 1972 βασιλέα
612 1889 727 1972 συχνοί
745 1894 808 1958 τῶν
829 1894 864 1956 is
886 1892 941 1974 τῆς
959 1884 1041 1964 ἓυύας
1063 1889 1279 1972 στρατιωτῶν.
1322 1890 1379 1953 κατ’
1388 1909 1422 1960 15

276 1987 383 2071 ὃμὲν,
408 1987 424 2052 ὁ
453 1991 629 2074 Κομνηνός,
651 1993 726 2065 τούς
759 1997 794 2055 ἐκ
820 1990 934 2074 ταύτης
962 1985 1029 2073 εἶχε
1050 1989 1167 2071 μύνοος
1187 1983 1388 2070 συντιθεμί-’

275 2115 348 2166 νους
370 2093 470 2179 αύτῷ,
492 2086 507 2155 ὃ
531 2093 565 2156 δὲ
586 2091 641 2156 καί
660 2093 735 2166 τούς
749 2096 963 2174 προσρυέντος
984 2093 1105 2156 ίκεΐθεν
1127 2094 1181 2156 καί
1193 2093 1300 2156 πᾶσαν
1321 2088 1378 2173 την

276 2186 428 2274 ἓσιτιρίαν
452 2188 599 2272 δύναμιν.
645 2195 832 2275 ου’τροντίσας
851 2194 887 2256 di
909 2189 964 2256 διύ
987 2188 1112 2256 τύνταν
1131 2187 1287 2275 στρατιὰν
1305 2188 1378 2254 ias-

277 2292 344 2378 υην,
365 2297 399 2358 εἰι
421 2297 476 2378 τῆς
498 2294 653 2379 Εύρύπης
676 2296 720 2370 εἰς
736 2295 846 2358 Ἀσίαν
866 2290 941 2367 τούς
962 2288 1158 2376 στρατιώτας
1181 2295 1378 2376 διαπεραιω-

278 2397 377 2478 θῆναι
400 2395 559 2479 πεποίηκε.
617 2398 672 2459 κατ’
698 2397 796 2477 μέχρι
817 2395 871 2476 τῆς
892 2394 1109 2476 Νινομηδειύς
1132 2389 1304 2477 γενόμενοι,
1326 2390 1421 2457 solid

277 2492 333 2569 uic
353 2491 468 2578 σκηνὰς
489 2491 590 2559 iactor
601 2491 784 2578 πηξάμενοι,
795 2492 861 2583 την
881 2495 945 2559 ταῖν
960 2494 1107 2558 ύναντίυον
1122 2492 1277 2574 ύπίμτνον
1298 2489 1379 2576 ἔφα·

280 2593 348 2659 δον·
392 2588 435 2669 ὥς
457 2595 486 2658 d’
508 2590 637 2676 ἔμελλεν
658 2590 758 2679 αύτη,
788 2597 824 2660 ἐκ
853 2590 1094 2678 προσίύγματος
1124 2593 1293 2675 βασιλικοῦ
1313 2596 1379 2665 τοῖς

279 2697 334 2779 τῆς
362 2698 502 2771 Νικαίας
531 2693 630 2780 ὁρίοις
663 2686 973 2783 προσεμπελύζουσι.
1028 2688 1276 2778 προκαταλαβιίν
1305 2690 1378 2759 dio‘

352 2887 377 2941 7.
396 2891 453 2949 wir
468 2885 659 2964 appodiantur
677 2892 708 2948 G·
817 2895 861 2949 22.
881 2893 912 2948 ia
929 2907 972 2944 om
991 2891 1021 2946 0.

262 3074 264 3082 '
284 3079 470 3147 Cappadocum
491 3079 575 3132 iactus
594 3081 705 3132 vincens
724 3079 784 3133 sire
802 3081 892 3146 potius
911 3080 1010 3132 fallens
1029 3071 1108 3142 eam,
1135 3081 1180 3149 qui
1199 3095 1215 3131 a
1232 3094 1298 3201 τερα
1315 3079 1379 3132 mis.

284 3167 329 3203 sus
358 3158 415 3200 crat
433 3150 465 3200 ad
484 3151 738 3220 administrationem
762 3150 915 3201 militarium
942 3151 1151 3217 stipendiorum,
1177 3153 1248 3222 cppit
1285 3165 1337 3201 unc
1355 3157 1380 3200 et

283 3223 311 3272 in
331 3219 439 3270 vincula
458 3221 531 3270 iecit.
571 3237 629 3272 cum
654 3227 740 3270 autem
767 3221 947 3272 surrexissent
970 3221 1003 3272 ad
1020 3220 1150 3271 ultionem
1170 3223 1254 3272 cotcri
1272 3219 1378 3284 milites,

283 3288 399 3342 vinculis
428 3289 555 3342 liberatus
582 3299 623 3340 est
647 3291 690 3341 hie
719 3299 745 3340 et
773 3307 851 3355 eum,
880 3291 925 3359 qui
950 3306 980 3341 sc
1006 3291 1146 3353 vinxerat,
1173 3299 1277 3355 captum
1296 3291 1379 3344 oculis

283 3360 409 3426 privavit,
447 3367 532 3412 metus
551 3361 633 3427 igitur
653 3375 787 3426 occupans
801 3375 857 3424 eos,
877 3361 922 3430 qui
942 3361 1059 3411 eiusdem
1079 3375 1137 3411 cum
1158 3363 1297 3425 expunctis
1315 3378 1379 3414 ocu.

284 3431 325 3480 los
345 3429 489 3494 participes
509 3430 615 3481 lucrant
633 3431 828 3495 meditationis,
854 3433 944 3498 coegit
962 3445 1058 3498 rapere
1077 3445 1148 3481 armo
1169 3437 1197 3481 et
1214 3438 1293 3480 antea
1312 3447 1379 3500 pug.

283 3515 344 3550 nam
364 3500 480 3563 experiri
500 3501 641 3565 celeriter,
662 3510 688 3552 et
707 3518 822 3567 cavere,
841 3520 875 3555 ue
895 3503 1007 3568 dispersi
1026 3509 1186 3569 caperentur
1205 3509 1232 3552 et
1249 3503 1379 3554 intolera.

282 3568 349 3620 bilia
367 3577 531 3636 paterentur.
570 3572 640 3623 lacta
659 3573 741 3642 igitur
762 3575 960 3642 conspiratione
980 3575 1051 3625 circa
1069 3573 1142 3625 veris
1162 3582 1264 3642 tempus
1289 3573 1378 3626 solati.

283 3640 357 3705 tiale‚
379 3642 514 3694 coniuncti
534 3651 594 3695 sunt
614 3660 672 3695 cum
691 3644 732 3696 iris
751 3645 837 3710 multi,
858 3656 885 3698 et
904 3661 962 3698 cum
981 3646 1100 3714 quotidie
1120 3648 1256 3713 acciperet
1265 3645 1377 3696 delectio

284 3707 484 3778 aeclissicnem,
513 3715 546 3768 ad
565 3730 685 3790 magnam
704 3717 899 3770 multitudinem
918 3720 1093 3787 congregatio
1114 3719 1218 3769 crevit:
1238 3724 1265 3766 et
1290 3721 1378 3766 creant

284 3787 377 3836 ducem
403 3793 430 3836 et
455 3787 588 3838 dominum
613 3789 761 3855 principem
787 3789 919 3841 lsaalium
945 3789 1125 3852 comnenum3
1151 3788 1378 3855 transgrediuntur

285 3864 372 3906 autem
392 3857 423 3906 ad
442 3873 533 3925 regem
552 3859 675 3924 Byzantii
696 3870 847 3913 versantem
866 3861 942 3912 multi
961 3860 1131 3912 orientalium
1150 3860 1282 3921 militum;
1302 3865 1377 3925 atque

286 3925 437 3978 Gomnenus
466 3929 571 3994 quidem
601 3946 636 3980 ex
664 3929 714 3982 lrac
739 3941 810 3982 terra
838 3932 911 3982 solos
937 3933 1095 3982 coniunctos
1115 3932 1165 3982 sibi
1186 3929 1308 3991 habehat,
1336 3928 1376 3978 hic

285 4003 372 4045 autem
392 3999 470 4046 etiam
490 4000 534 4065 qui
554 3999 629 4050 illinc
650 4001 813 4052 adduxerant
832 4010 859 4051 et
877 4017 981 4052 omnem
1001 4003 1193 4054 occidentalem
1205 4002 1267 4052 vim.
1307 4015 1377 4049 com.

282 4081 380 4130 parans
405 4075 492 4118 autem
518 4073 624 4121 omnino
651 4075 796 4122 exercitum
821 4080 908 4138 aptum
934 4088 967 4122 ex
991 4073 1098 4140 Europa
1122 4074 1149 4122 in
1175 4073 1266 4124 Asiam
1284 4070 1377 4122 milites

260 4136 416 4205 ,traduxitz
446 4147 525 4206 atque
553 4156 612 4191 cum
637 4158 722 4212 usque
750 4142 781 4194 ad
808 4141 986 4195 Nicomediam
1015 4145 1153 4196 venissent
1180 4152 1207 4193 et
1235 4149 1320 4194 castra
1344 4141 1376 4192 ilri

267 4208 414 4272 „fixissent
434 4205 547 4264 hostiuni
568 4214 757 4279 exspectabant
775 4216 915 4280 impetum:
936 4216 981 4284 qni
1000 4231 1058 4267 cum
1076 4216 1188 4266 instaret
1206 4215 1279 4266 iussu
1299 4213 1375 4282 regis,
