3017 4892
200 333 223 364 ‘⁶
330 323 431 455 'J
450 371 462 434 ς.
560 261 780 422 nisronm
1148 313 1221 423 ἐτι

106 502 228 595 ἄλλος,
250 535 303 578 και
298 505 420 596 λόγλυ
440 469 552 597 καιρὸν
574 518 628 598 κρί
646 510 995 600 σιωπῆςέπιστώμενος.
1037 535 1091 576 και
1112 512 1225 577 τοσοῦ·
1277 525 1279 529 ’

107 634 170 673 τον
195 603 243 674 ὅτι
263 636 315 675 και
311 609 481 732 &stigmau
493 639 543 677 και
540 609 764 695 έιώγνωσιν’
748 616 919 698 επιφεριον,
931 638 983 677 και
1004 617 1065 676 τών
1086 615 1225 694 α’ντικρι-

48 749 54 756 -
108 713 262 790 νομένων
284 713 395 798 φωνὰς
419 711 575 810 ἀτάκτους
608 713 767 798 ἀφιέντων
797 715 946 788 πολλάκις
966 712 1046 794 πρὸς
1070 707 1225 791 ἀλλήλους

111 811 174 874 καὶ
202 807 390 895 πληκτικώς,
404 812 683 936 &16966161629v‘
704 813 810 896 ἐτήρει
837 811 894 895 τὴν
924 816 986 876 τών
1017 810 1115 894 λόγων
1141 811 1225 893 ἠχὴν
1271 876 1273 878 ,

79 911 249 994 δέμμελῆ
270 935 302 976 τε
324 917 379 976 καί
398 911 567 995 έμμσυσον,
588 914 643 976 καὶ
662 913 758 1000 α’ρλῆς
778 911 864 994 ἴχνος
886 907 906 996 ἢ
929 915 1005 995 βοῆς
1027 912 1208 992 μειλζονος’
1193 934 1226 974 εν

116 1011 215 1098 αώτρῖ
232 1013 294 1076 ὀυ’κ
319 1011 535 1078 έπσλιτευετο
580 1007 687 1106 ὕβρεις
710 1017 759 1078 66
775 1017 816 1075 ου’
835 1015 931 1093 μόνον
954 1037 1035 1077 τισιν
1062 1013 1120 1074 osia
1153 1013 1227 1074 έπέο

115 1115 233 1193 τριβεν
255 1112 336 1178 α’λλά
351 1116 405 1178 καί
424 1112 496 1188 τούς
517 1112 707 1196 ὖβριστὰς’
692 1117 806 1195 εμίσει.
830 1105 868 1197 ἦν
886 1111 947 1196 γὰρ
970 1113 1228 1194 ε’πιτιμῆσοιμέν

118 1213 238 1295 πρᾶος,
261 1216 427 1283 ἐπαινέσαι
447 1217 482 1280 δὲ
504 1211 714 1289 παιέευτικός.

228 1316 272 1378 Εἰ
291 1316 326 1378 66
347 1318 402 1378 καί
423 1315 451 1380 οῖ
474 1314 528 1380 έισὶ
551 1321 674 1378 πολλῶν
695 1319 755 1390 τών
776 1316 928 1380 ἐνιαυτοῖν
950 1310 1051 1400 κου’τρι
1074 1316 1229 1396 ἐξυπηρε-

67 1431 110 1486 10
120 1411 300 1498 τησώμενσι
322 1415 400 1534 πρὸς
422 1415 457 1480 τὸ
482 1409 559 1500 ἦθος
581 1415 681 1480 αὐτοῦ
703 1420 759 1480 καὶ
781 1413 837 1497 τὴν
862 1412 1098 1494 καλοκαγαθίαν
1114 1434 1230 1528 μετερ-

123 1509 294 1630 ρώθμισρν
315 1515 375 1592 ταὶς
393 1517 521 1598 γνώμας
545 1512 650 1577 αὑτων
672 1539 723 1578 και
720 1514 992 1606 πεπριέεομένοι
1015 1510 1093 1576 κατὰ
1115 1513 1229 1577 τοσοῦ.
1240 1521 1360 1579 6239!-

123 1637 180 1678 ταν
202 1615 361 1697 γεγόνασι,
382 1613 479 1734 χώρις
502 1611 625 1678 πάντων
647 1638 689 1710 τρρ
676 1617 836 1690 βασιλεῖ
851 1615 895 1698 τῷ
916 1608 1014 1685 οὕτως
1035 1612 1151 1688 αι’τούς
1172 1639 1231 1676 κα-

123 1716 324 1796 ταρτέσαντι.
368 1739 418 1776 και
436 1711 496 1797 γὰρ
517 1711 546 1776 οἱ
569 1709 683 1776 τούτου
703 1714 887 1779 οἰκειότατοι
904 1738 955 1789 και
968 1713 1144 1795 ε’γγώτιιτσι,
1163 1707 1231 1778 ὅσοι

125 1813 188 1890 μέν
207 1813 320 1892 γνώσει
342 1817 396 1876 καί
417 1808 497 1901 λόγῳ
519 1813 581 1880 τών
603 1804 706 1878 αλλων
729 1802 904 1898 διέφερον,
934 1813 1076 1898 α’τυφέαν
1104 1814 1231 1880 ἐπεδεί-

79 1925 118 1980 15
129 1916 243 1972 κνυντο
264 1911 319 1974 καί
341 1914 514 1998 δημοτικὴν
534 1909 616 1996 πρὸς
639 1914 757 1988 πάντας
778 1911 1003 1997 ἀναστροφήν,
1035 1914 1089 1976 καί
1109 1914 1232 1990 dlaco-

129 2007 217 2084 νειάς
239 2007 385 2130 ὑπῆρχον
410 2013 581 2096 αἰώτεροι,
612 2014 651 2098 τῇ
671 2012 778 2101 γνώμῃ
808 2011 854 2094 μὴ
882 2011 1102 2095 ἐπαιρόμενοι·
1146 2008 1232 2087 ὅσοις

130 2113 166 2174 66
191 2110 269 2194 πρὸς
291 2111 324 2177 τὰ
345 2108 651 2196 στρατιωτικώτερον
672 2112 690 2197 ἡ
714 2112 851 2196 διαγωγὴ
872 2109 1137 2193 έπεπαέέευτο,
1116 2139 1233 2236 ρώμα-

131 2210 283 2277 λεώτατσι
302 2215 361 2294 μὲν
382 2210 462 2277 κατὰ
492 2222 603 2295 χειρας
625 2210 820 2297 έτώγγανον,
852 2213 885 2278 τέ
908 2217 943 2277 66
975 2206 1055 2296 ἦθος
1085 2215 1124 2278 ov’
1148 2211 1232 2279 κατὰ

77 2341 89 2356 t
131 2313 328 2396 στρατιώτας
352 2309 438 2396 ειχσν
461 2312 598 2398 σκληρὸν
628 2340 679 2378 και
677 2314 901 2399 αἴτι’θασσον,
931 2315 1003 2377 ἀλλ’
1035 2306 1150 2398 ἥμερον
1182 2340 1235 2379 και

88 2409 326 2496 λθεώπρόσιτον.
371 2418 481 2490 κοινώς
511 2417 546 2478 66
572 2418 684 2491 πάντες
710 2425 778 2491 ταῖς
802 2415 994 2499 ευεργεσιάις
1016 2417 1080 2479 τών
1104 2416 1236 2497 α’νθρώ-

135 2538 200 2578 πων
222 2513 523 2600 έπευφροινόμενοι,
547 2515 700 2580 olosma
721 2514 777 2579 τὸν
797 2518 933 2596 βασιλέα
955 2520 1018 2580 τών
1047 2514 1236 2596 εὐεργεσιῶν

138 2614 317 2693 ἀπέχεσθαι
338 2617 603 2694 συνεβούλευσαν,
626 2615 707 2678 α’λλά
733 2615 788 2678 καί
808 2619 928 2695 μᾶλλον
952 2614 1045 2678 αὐτοὶ
1061 2617 1236 2692 μεσιτεέαις

70 2712 76 2718 ’
138 2718 292 2794 χρησταῖς
310 2712 365 2775 καί
387 2709 527 2787 ἐπαίνοις
547 2717 601 2779 καὶ
622 2720 686 2788 τοῖς
721 2705 828 2792 ἄλλοις
857 2715 1030 2799 ἐπαγωγοῖς
1057 2711 1137 2800 πρὸς
1162 2712 1236 2795 μετ’·

142 3001 302 3072 ulianam,
329 3013 355 3060 et
373 3007 526 3061 mitissimus
556 3007 578 3061 si
600 3005 658 3076 quis
678 3005 746 3062 aliua
766 3001 936 3078 et'loqaendi
966 3018 1072 3078 tempus
1092 3018 1119 3063 et
1136 3007 1238 3063 silentii

143 3081 243 3132 sciens:
270 3088 350 3148 atque
374 3087 490 3146 tantum,
517 3086 546 3131 ut
572 3082 691 3133 iudicans
712 3088 739 3133 et
758 3082 921 3134 decisionem
946 3082 1060 3134 afferens
1079 3089 1159 3149 atque
1179 3098 1255 3146 eum⁴

142 3151 284 3204 adversarii
312 3165 394 3204 voees
420 3151 586 3218 perturbatas
613 3154 765 3204 emitterent
792 3168 873 3220 saepe
899 3155 969 3204 inter
993 3168 1024 3205 se
1050 3161 1077 3204 et
1101 3153 1239 3204 iracundas

143 3222 224 3290 ipsum
242 3223 318 3275 illum
338 3223 497 3277 observaret
514 3240 664 3276 sermonum
685 3239 779 3277 senum
800 3226 960 3276 concinnum
980 3231 1169 3288 mertuorum,
1187 3239 1240 3276 ne.

144 3309 193 3362 que
209 3296 265 3347 irae
285 3297 429 3364 vestigium
449 3296 494 3348 vel
514 3295 638 3349 clamoris
656 3297 765 3350 maioris
785 3297 812 3347 in
833 3311 866 3348 ea
885 3305 1025 3364 ageretur:
1045 3294 1169 3363 superbia
1188 3311 1248 3347 au-·

143 3371 193 3416 tem
209 3381 264 3416 non
296 3365 381 3418 solum
409 3370 540 3419 neminem
567 3367 711 3433 afficiebat,
740 3369 788 3421 sed
808 3370 886 3421 etiam
905 3368 1035 3434 superbos
1055 3369 1163 3419 oderat:
1181 3370 1241 3416 erat

148 3436 211 3484 enim
230 3436 257 3485 in
276 3436 461 3520 vituperanda
473 3439 543 3489 mitis
568 3448 595 3489 et
622 3441 649 3490 in
668 3438 800 3492 laudando
828 3441 956 3492 excitans.

211 3505 310 3567 Quodsi
329 3507 407 3558 etiam
418 3507 463 3574 qui
476 3522 524 3573 per
535 3509 632 3559 multos
647 3523 730 3560 annos
742 3511 804 3560 huie
821 3513 981 3574 servierant,
994 3511 1027 3563 ad
1042 3512 1101 3561 eins
1116 3521 1204 3560 mores
1214 3516 1241 3558 et

145 3574 265 3626 virtulem
277 3584 446 3629 mutaverunt
458 3591 519 3628 suas
529 3580 675 3629 sententias
693 3587 720 3629 et
730 3581 834 3630 edueati
848 3581 915 3631 adeo
932 3589 1006 3643 sunt,
1023 3582 1109 3647 gratia
1125 3581 1242 3630 omnium

145 3645 207 3712 regi,
220 3646 264 3713 qui
283 3647 320 3697 ita
336 3663 382 3701 eas
398 3648 593 3699 ellormaverat.
613 3650 711 3700 etenim
727 3652 772 3717 qui
788 3649 850 3700 huie
865 3650 1065 3701 familiarissimi
1084 3659 1110 3701 et
1128 3649 1243 3717 proximi

147 3725 224 3781 erant,
243 3726 374 3786 quotquot
395 3719 576 3787 intelligentia
598 3727 625 3770 et
640 3721 745 3772 ratione
763 3722 861 3772 ceteris
885 3720 1068 3785 excellebant,
1086 3721 1242 3771 modestiam

147 3787 314 3841 ostendebant
339 3798 365 3841 et
391 3790 547 3857 popularem
572 3806 630 3841 curn
660 3791 781 3842 omnibus
809 3792 1038 3854 consuetudinem,
1059 3800 1086 3843 et
1114 3790 1242 3842 iaetantia

148 3866 216 3910 erant
230 3862 394 3926 superiores,
412 3861 544 3912 sententia
558 3877 611 3912 noa
631 3861 708 3913 elati.
721 3863 816 3930 quibua
836 3871 922 3913 autem
936 3863 968 3913 ad
982 3862 1102 3913 militiam
1122 3861 1241 3913 conditio

149 3930 252 3981 educata
271 3940 336 3996 erat,
356 3932 515 3984 validissimi
541 3934 646 4000 quidem
666 3933 788 3986 manibus
808 3941 897 3997 erant,
927 3947 1016 3984 morea
1034 3941 1122 3984 autem
1139 3948 1193 3984 non
1212 3939 1242 3984 nt

149 4000 240 4052 milites
257 4002 390 4054 habebant
409 4004 489 4054 duros
510 4011 537 4054 et
555 4002 636 4066 leros,
657 4004 703 4055 sed
722 4013 874 4057 mansuetos
893 4011 920 4054 et
938 4018 1047 4056 eomes·
1054 4005 1242 4055 communiter

150 4080 228 4124 autem
255 4086 346 4127 omnes
366 4074 504 4126 beneficiis
524 4074 657 4126 hominum
683 4075 811 4128 delectati
840 4090 974 4142 nunquam
993 4089 1083 4144 regem
1101 4075 1241 4127 benefieiis

151 4143 276 4196 abstinere
294 4146 466 4210 studuerunt,
492 4146 635 4198 sedetiam
656 4147 741 4215 magis
766 4148 819 4215 ipsi
837 4147 966 4198 modestia
985 4145 1054 4198 bona
1073 4155 1100 4198 et
1118 4144 1240 4198 laudibus

151 4223 174 4268 et
189 4211 285 4269 eer‘eris
304 4215 529 4270 oblectationibus
547 4216 581 4271 ad
597 4217 698 4270 maiora
716 4218 848 4272 beneficia
870 4231 962 4287 regem
978 4218 1156 4286 precabantur
1174 4228 1240 4286 pra-

217 4312 300 4368 Ιέιλ.
321 4311 403 4368 astat.
423 4313 489 4368 ltus.
1023 4315 1058 4370 21
