3017 4892
239 289 311 361 ινο
527 242 752 357 meamus
780 280 1040 375 srrnnorm

234 457 291 519 καί
309 454 400 519 σίτου
431 450 547 515 σπάνιν
568 450 722 536 ἐκέκτητο,
745 452 854 525 δειλτας
882 444 898 511 ό
918 446 1071 530 βασιλεῦς
1091 445 1135 531 μη
1159 448 1351 533 παραγενό-

235 556 440 637 μενος-ἐκεῖσε
459 551 672 638 καινοτομὴση
690 555 731 639 τῇ
743 550 834 617 πόλει
854 547 911 625 τός
925 548 1008 625 ἰδίας
1028 547 1163 636 τροφός,
1177 572 1349 635 καταφρο-

236 656 401 741 νήσαςζέπί
414 653 612 737 συμφέροντι
627 654 741 738 ταύτης
755 656 812 735 τῆς
828 650 912 725 ι’όίας
925 651 1058 735 τρυφῆς,
1073 646 1126 713 διό
1142 649 1248 715 τόπων
1263 647 1348 715 τ’λοὶ-

195 738 222 777 >
235 781 295 833 σας
317 752 443 839 όρημων
467 751 607 837 ὑπερέβη
628 754 702 829 τούς
720 752 1017 827 ου’λῶναςόκείνους
1037 754 1093 815 καί
1115 746 1174 825 τοὶς
1194 749 1347 815 κλεισοιί-

235 879 295 940 ρας
312 855 354 918 δι’
376 843 420 920 ὧν
442 852 461 936 ἦ
487 852 590 938 Κοιλη
608 856 710 938 Συρία
731 854 787 935 τῆς
811 847 959 924 Κιλικίας
978 849 1163 933 χωρίζεται.
1207 852 1264 915 καί
1284 872 1379 922 scu-5

236 953 361 1021 τελθοὶν
382 951 537 1029 ἐπιπόνως
570 953 615 1028 εἰς
635 951 728 1017 πόλιν
747 954 805 1036 τῆς
826 954 977 1027 Κιλικίας
1000 955 1167 1035 λεγομένην
1186 948 1344 1029 Ἀλέξαν-

238 1058 315 1141 δρον
338 1054 482 1140 (μεγίστη
501 1051 562 1137 γὰρ
585 1050 734 1135 ἔνθλιψις
754 1056 789 1118 ἐν
810 1060 877 1129 τοῖς
897 1048 1006 1126 τόποις
1029 1052 1156 1127 ε’κείνοις
1173 1054 1216 1139 sq]
1239 1076 1347 1135 στρα-

238 1158 360 1244 τοπέόφ
384 1160 490 1238 γέγονε
512 1153 566 1219 διὰ
596 1152 632 1219 τό
655 1153 847 1239 στενόπορον
875 1154 931 1217 καί
954 1149 989 1216 τό
1011 1147 1170 1233 όπότομον
1194 1155 1256 1216 τῶν
1285 1176 1346 1217 πε.

238 1261 320 1340 τριόν
352 1258 407 1320 καί
426 1253 462 1319 τό
491 1257 623 1338 συνεχὲς
646 1258 710 1319 τῶν
729 1254 911 1341 κρημνῶν),
931 1254 1031 1317 ἐκεῖσε
1058 1252 1117 1335 τήν
1137 1251 1347 1337 παρεμβολὴν

239 1360 295 1422 καί
314 1354 368 1423 ’τόν
386 1355 516 1439 χάρακα
542 1355 688 1439 πήγνυσι.
712 1358 768 1420 καί
787 1348 871 1419 οὕτω
893 1351 1029 1419 όιτλθιόν
1050 1354 1108 1435 τὴν
1130 1350 1240 1437 χεόραν
1259 1356 1345 1417 ε’κεί-
1361 1366 1400 1420 10

213 1513 217 1538 ·.
240 1480 306 1542 νην,
328 1455 383 1520 καί
404 1453 457 1519 τόν
483 1458 607 1544 Ταῦρον
630 1455 665 1519 τό
689 1451 762 1539 όρος
785 1456 984 1542 πανστρατιᾷ
1005 1452 1158 1536 ὑπερβάς,
1180 1450 1348 1535 εἰσβάλλει

183 1571 184 1578 ’
210 1539 281 1643 lapi
307 1556 483 1638 Ῥωμαίων.
542 1554 726 1639 ε’ντυχόντες
759 1558 788 1619 δ’
817 1555 939 1639 ἀθρόον
971 1550 1002 1617 οἱ
1030 1542 1274 1637 στρατευόμενοι
1303 1557 1348 1641 τρῖ

158 1676 175 1691 ·
242 1659 371 1745 κρυμνρῖ
404 1659 458 1720 καί
479 1659 517 1743 τῇ
545 1658 709 1743 συστροφῇ
737 1662 792 1739 τῆς
820 1650 899 1738 όγαν
928 1655 1148 1739 ψυχρότητος,
1181 1649 1215 1717 ἐκ
1241 1649 1347 1717 τόπων

199 1760 373 1840 θερμιόν
394 1756 593 1840 ,ἀναγόμενοι
624 1760 711 1842 (περί
741 1754 775 1821 τό
808 1759 896 1830 τέλος
923 1748 961 1839 ἧν
991 1753 1006 1819 ό
1038 1756 1223 1839 όεκίμβριος
1250 1754 1346 1838 μην),

242 1866 358 1946 πολλῆς
377 1853 515 1950 ᾔσθοντο
536 1862 591 1945 τῆς
606 1860 812 1945 δριμύτητος,
832 1854 928 1921 όπότε
942 1859 1064 1943 ,συνέβη
1088 1854 1143 1920 καί
1162 1855 1350 1955 inaccessus*
1358 1876 1395 1928 15

179 2017 182 2023 .
244 1959 397 2045 ἡμιόνους
421 1963 475 2024 καί
496 1958 706 2043 ἀνθρώπους,
730 1957 800 2025 όσοι
827 1956 871 2043 μή
907 1958 1135 2039 εόσαρκοόντες
1155 1948 1237 2040 ἦσαν
1260 1948 1347 2041 ἢμὴ

245 2063 492 2142 εόειματοῦντες,
515 2063 559 2148 τῷ
580 2060 691 2149 οἶθρόφ
714 2062 770 2143 τῆς
785 2060 911 2143 ψύξεως
933 2059 1098 2139 α’ποψόξαι
1121 2057 1176 2121 καί
1193 2057 1250 2139 τῆς
1269 2054 1347 2121 ὁδοῦ

247 2164 485 2246 προβεβλῆσθαι
510 2166 622 2242 θέαμα,
641 2159 785 2227 οίιαστον.

351 2257 429 2326 Τότε
461 2260 546 2344 λα’γοό
575 2265 651 2345 περί
669 2261 830 2327 στενωπόν
858 2264 914 2327 τοῦ
938 2257 1066 2345 Ταύρου
1095 2251 1189 2346 όρους
1208 2251 1350 2345 ἄφυκτον

247 2367 399 2449 διέφυγον
421 2363 574 2428 κίνδυνον.
618 2359 716 2447 όγόρ
737 2365 830 2439 ἵππος
852 2367 898 2439 είς
918 2358 954 2426 όν
974 2360 1177 2447 ἐπαχοόμην,
1198 2374 1399 2442 opocen-20

248 2468 468 2550 νοχαρημόνος
489 2462 579 2531 αόνόκ
600 2467 725 2541 πόθους
745 2466 987 2549 λυκοεντερικοό
1004 2466 1187 2545 λεγομένου,
1210 2460 1350 2537 όκλόσας

248 2588 280 2628 τι
302 2561 416 2649 μικρὸν
441 2556 516 2642 τεός
538 2563 765 2653 ἐμπροσθίους,
785 2562 859 2649 ἔσχε
884 2588 924 2647 με
945 2560 1126 2643 καταβάντα
1150 2559 1261 2627 τούτου
1285 2563 1350 2625 αιί-

248 2664 321 2731 τίκα
347 2662 402 2729 διό
430 2668 488 2731 τοῦ
512 2668 618 2747 δεξιοῦ
636 2669 773 2754 μέρους·
827 2669 862 2733 ἐν
883 2660 1041 2755 ἀριστερῷ
1069 2660 1133 2750 γόρ
1156 2662 1211 2727 οόκ
1234 2654 1274 2747 ἢν
1293 2659 1350 2727 διό

322 2862 365 2917 13.
384 2860 505 2937 κρυμηῖλ

248 3034 366 3103 inopiam
384 3035 495 3088 haberet
514 3045 635 3089 metuens
655 3052 704 3088 rer
722 3051 758 3087 ne
777 3038 801 3089 si
819 3037 926 3089 adesset
944 3035 982 3087 ibi
998 3043 1114 3088 novaret
1133 3036 1192 3088 urbi
1212 3035 1349 3102 proprium

249 3111 359 3171 victum,
381 3115 530 3174 contempta
548 3117 657 3176 propter
669 3109 725 3160 eius
737 3108 879 3159 utilitatem
898 3124 946 3159 sua
962 3107 1087 3171 mollitie,
1101 3123 1150 3175 per
1159 3106 1221 3159 loca
1239 3107 1349 3174 prolec-

249 3191 292 3233 tus
312 3180 418 3231 deserta
434 3187 616 3247 transgressus
635 3188 676 3231 est
694 3178 780 3233 valles
798 3178 861 3232 illas
881 3188 908 3231 et
927 3179 1072 3243 clausuras,
1093 3178 1188 3247 quihus
1216 3177 1350 3243 coelesy-

249 3254 291 3303 ria
313 3248 443 3301 acilicia
461 3250 587 3302 dividitur
607 3258 634 3300 et
652 3251 793 3318 degressus
812 3250 949 3305 laboriose
968 3252 1000 3303 ad
1025 3250 1117 3301 urbem
1140 3250 1254 3305 Ciliciae
1282 3264 1351 3317 quse

142 3347 146 3355 ·
251 3326 364 3374 vocatur
380 3318 548 3372 Alexandrus
567 3322 694 3388 (maxima
713 3324 783 3373 enim
801 3323 965 3390 compressio
984 3324 1012 3373 in
1040 3323 1108 3374 locis
1135 3322 1192 3374 illis
1220 3321 1349 3371 exercitui

252 3390 366 3457 contigit
385 3398 495 3456 propter
512 3392 647 3459 angustias
665 3401 693 3445 et
710 3402 854 3461 praerupta
879 3410 943 3448 saxa
969 3402 996 3446 et
1022 3395 1161 3447 continuus
1190 3397 1284 3461 rupes)
1311 3391 1349 3441 ibi

253 3469 341 3527 castra
360 3469 388 3512 et
406 3460 506 3514 vallum
526 3464 612 3529 ponit,
633 3465 713 3515 etita
733 3473 874 3534 postquam
893 3466 1018 3534 pervenit
1035 3474 1133 3517 terram
1152 3464 1226 3516 illam
1246 3462 1350 3515 etl'au-

251 3548 309 3585 rum
327 3541 444 3584 montem
463 3548 523 3586 cum
543 3541 598 3585 toto
616 3536 735 3586 exercitu
755 3545 940 3607 transgressus
959 3537 1053 3589 incidit
1071 3538 1099 3587 in
1118 3536 1278 3589 Graecorum
1293 3542 1351 3585 ter-

252 3619 326 3657 rum:
348 3605 463 3672 expositi
483 3613 571 3657 autem
589 3605 667 3660 simul
686 3608 786 3661 milites
806 3610 870 3678 gelu
898 3617 925 3660 et
949 3608 1143 3676 compressioni
1174 3607 1294 3675 frigoris,
1319 3619 1354 3656 ex

254 3676 348 3729 calidis
367 3676 435 3729 locis
454 3678 560 3729 adducti
581 3682 669 3747 (circa
686 3680 765 3732 linem
785 3689 842 3733 erat
860 3680 1003 3747 december
1013 3681 1134 3749 mensis)
1154 3678 1262 3730 multam
1287 3692 1352 3729 sen-

253 3758 346 3802 serunt
363 3750 500 3800 acritatem
520 3751 623 3818 qnando
643 3753 757 3819 contigit
775 3760 804 3804 ut
823 3761 849 3804 et
867 3752 928 3819 equi
949 3758 975 3802 et
997 3750 1063 3802 muli
1083 3758 1108 3801 et
1134 3750 1265 3812 homines,
1291 3748 1352 3816 qui-

255 3836 367 3887 cumque
383 3836 437 3871 non
456 3821 539 3873 multo
560 3838 673 3889 corpore
694 3833 768 3875 orant
787 3832 831 3875 aut
849 3839 903 3874 non
920 3822 989 3878 bene
1000 3823 1101 3885 vestiti,
1113 3822 1239 3874 continuo
1252 3820 1354 3886 frigore

254 3893 375 3957 rigerent
395 3893 467 3942 etin
487 3894 531 3943 via
549 3894 776 3962 relinquerentur,
796 3894 978 3960 spectaculum
997 3895 1180 3950 miserrimum

355 3981 418 4031 Tum
438 3996 488 4049 ego
508 3998 614 4050 quoque
634 3984 705 4035 circa
729 3986 799 4035 riam
824 3990 962 4050 angustam
983 3982 1061 4049 'lauri
1080 3984 1176 4033 montis
1197 3978 1355 4032 inevitabile

256 4053 340 4106 vitavi
359 4052 514 4118 periculum.
554 4070 638 4122 equus
657 4057 744 4118 enim,
763 4069 816 4121 quo
836 4053 972 4117 vehebar,
992 4063 1105 4107 vexatus
1123 4052 1216 4104 morbo
1237 4053 1281 4119 qui
1309 4051 1354 4113 ly-

257 4123 424 4175 coentericus
444 4131 563 4188 vocatur,
582 4142 696 4179 curvans
715 4123 852 4192 paululum
865 4126 1013 4179 anteriores
1023 4127 1116 4194 pedes,
1136 4124 1228 4176 habult
1246 4137 1287 4173 rue
1303 4120 1354 4171 de-

227 4205 234 4213 '
257 4209 378 4264 gressum
396 4208 428 4245 eo
447 4194 534 4247 statim
552 4212 568 4246 a
585 4197 677 4251 dextra
697 4204 789 4263 parte:
809 4198 837 4248 iu
856 4197 964 4251 sinistra
982 4199 1051 4251 enirn
1076 4210 1130 4248 non
1150 4192 1280 4263 possibile
1299 4196 1356 4243 erat
