3017 4892
229 249 231 254 ·
308 254 384 324 ara
610 258 831 328 uiuamus
860 262 1121 332 amarioris

296 417 466 498 ’ἐχόμενος
488 416 540 481 καί
562 416 682 501 νύκτωρ
705 418 760 482 καί
778 422 851 500 μεθ’
872 421 997 505 ἡμέραν
1015 430 1081 499 τοῖς
1105 429 1315 500 καθολικοῖς
1341 426 1443 510 πρόχ.

305 541 404 596 μασιν
427 521 657 601 ἑπαγρνπνῶν,
679 524 734 584 καί
754 523 850 587 δικῶν
871 522 1032 608 ἀκροατής
1047 528 1081 590 ἐν
1104 534 1180 600 ταῖς
1223 527 1378 647 α’νέσεσρ
1391 557 1442 650 καῖ

304 617 493 698 θιστόμενος
515 622 571 684 καί
592 623 707 701 κρίνων
730 623 875 706 ἀρφανόν
904 628 962 689 καί
982 627 1117 712 δικαιῶν
1134 626 1259 712 χήραν
1283 654 1379 752 κατα
1408 657 1438 694 τι

303 722 391 782 θεῖον
415 718 536 804 λόγων,
557 725 612 784 καί
630 725 846 820 παντοδαπαῖς
866 729 1028 792 ε’πιδόσεσι
1051 733 1283 848 χαρισμάτρον
1315 756 1376 796 ιιαι
1398 757 1436 796 τι·

301 822 370 899 μῶν
392 823 630 906 καταχεραίρων
653 821 706 886 διά
729 821 849 902 παντός
871 824 905 890 τό
925 823 1070 914 όπήκοον,
1091 833 1168 895 οάδὲ
1194 855 1262 896 τον
1285 859 1450 918 conspr-5

302 918 356 986 νόν
376 921 494 1003 χρόνον
514 921 575 999 ἔξω
597 926 659 986 τῶν
681 919 802 988 ἑαυτοῦ
818 927 1075 1007 οποοδασμότων
1096 933 1236 1018 ἐτίθετο,
1267 937 1364 998 ἀλλὰ
1378 949 1433 1013 τοῖς

300 1024 436 1101 βιβλίοις
459 1028 512 1085 καί
537 1031 608 1096 ταῖς
622 1009 623 1016 ¹
637 1023 853 1105 ἀναγνώσεσιν
881 1027 1045 1102 ἐπιδιδοός
1074 1025 1193 1095 ἑαυτόν
1221 1038 1431 1120 πολυΐστοριι

211 1177 213 1180 .
299 1120 355 1184 κατ’
375 1123 581 1206 μεμνημένον
602 1121 639 1187 τό
670 1129 744 1188 θεῖα
769 1130 916 1209 περιίστα
939 1127 994 1223 καί
1016 1127 1056 1194 τό
1086 1131 1306 1215 ἀνθρώπινα.
1359 1144 1428 1219 ε’μί-

299 1226 375 1302 λησε
398 1224 425 1282 δ’
446 1222 531 1308 αὐτῷ
551 1227 607 1288 καί
627 1231 764 1305 νομικῶν
783 1227 1023 1311 διαταχμότων,
1045 1236 1101 1296 καί
1121 1236 1352 1318 διορθώσεως
1372 1244 1426 1304 τῶν

298 1318 609 1405 ἀμφισβητουμένων
633 1329 816 1413 δογμάτων,
836 1334 892 1394 καί
914 1337 1110 1416 καταστολής
1130 1340 1197 1400 τῶν
1217 1340 1448 1420 τἰκτομόνατιι

299 1422 332 1496 ἐξ
353 1413 458 1486 adeda
479 1425 649 1504 κνδοιμῶν.
695 1425 744 1490 διό
769 1428 825 1494 καί
852 1433 910 1495 τοῦ
930 1433 1006 1516 περί
1037 1439 1099 1499 τῶν
1118 1444 1345 1520 μαινομένων
1366 1469 1421 1508 σν-
1464 1486 1466 1499 ε

297 1491 411 1584 νοίκων
433 1527 608 1606 κεφαλαίου
637 1529 899 1614 διακλονηθὲντος
919 1539 996 1598 ποτὲ
1016 1540 1194 1629 θεραπείαν
1214 1541 1419 1625 ἀκριβεστά-

221 1635 224 1644 ·
298 1645 352 1704 την
372 1624 413 1708 τῇ
436 1624 674 1710 ἀμφισβητήσει
697 1631 908 1712 κηδεμονικῶς
934 1635 1117 1720 ἐπεζήτησε.
1161 1645 1218 1705 κατ’
1242 1642 1416 1728 εάραόνότι

297 1717 314 1782 ό
337 1723 372 1785 ἐν
399 1722 587 1813 ἀοιδιζιιφτή
607 1727 694 1810 λήξει
713 1729 867 1811 βασιλεός
888 1739 979 1817 κῦρις
1001 1737 1235 1825 Λίωνέγραφε
1259 1751 1330 1826 μὲν
1352 1771 1415 1811 νεα.

296 1820 356 1904 ρόιν
378 1826 453 1906 περί
471 1822 599 1908 τούτων,
623 1830 813 1918 σννεχοόσθη
828 1836 864 1899 δὲ
877 1839 921 1924 τῷ
930 1837 1038 1928 χρόνῳ
1062 1844 1116 1905 κατ’
1136 1838 1312 1952 ἄπρακτος
1329 1846 1439 1930 {iosap

294 1945 363 2003 νον,
386 1923 535 2009 ἀνήγειρε
560 1929 682 2014 ταύτην
699 1937 859 1999 πεσοῦσαν
880 1940 936 2001 καί
955 1938 991 2003 τό
1021 1941 1136 2024 κρότος
1159 1947 1412 2034 ἀπεψηφίσατο,

293 2022 448 2089 κάλλιστα
472 2032 604 2110 προθείς
628 2031 687 2107 τάς
710 2034 839 2118 αι’τιάς,
867 2040 923 2103 καί
943 2039 1021 2125 πρὸς
1043 2039 1080 2106 τό
1109 2054 1364 2135 μεγαλοπρεπές
1382 2079 1409 2117 τε

292 2123 349 2187 καί
368 2127 565 2210 δικαιότερον
586 2134 619 2208 ἐξ
642 2133 802 2217 ἀφορμῶν
822 2139 964 2222 εάλόγων
993 2147 1227 2226 περικαλλόνας
1266 2154 1306 2216 τό
1335 2159 1409 2220 θέσ-

293 2246 408 2304 πισμα,
432 2220 525 2305 όρονς
547 2251 579 2290 τε
601 2233 696 2307 τάξας
714 2238 770 2318 τῆς
792 2243 910 2318 μανίας
931 2247 986 2305 καί
1015 2244 1155 2327 τρόπους
1180 2255 1239 2314 καί
1265 2257 1406 2339 χρόνονς

292 2324 465 2407 ὑπομονῆς,
489 2330 542 2391 καί
562 2333 732 2413 τηνικαῦτα
764 2337 798 2400 τό
837 2342 1003 2426 διαζόχιον
1034 2349 1306 2433 προτρεψάμενος
1334 2353 1436 2434 όταννο

291 2427 460 2510 θηριωδῶς
482 2427 500 2509 ἡ
524 2428 614 2507 νόσος
638 2436 823 2522 ἐκμαίνηται
852 2440 909 2505 καί
931 2447 974 2531 spi
997 2454 1193 2515 οννοικοόντι
1220 2461 1403 2540 καθορᾶται

290 2523 459 2613 ἀφόρητος,
482 2529 537 2594 καί
557 2529 572 2596 ό
591 2530 707 2619 χρόνος
727 2537 784 2624 τήν
805 2544 919 2608 ἐλπίδα
940 2549 996 2628 τῆς
1006 2551 1183 2634 θεραπείας
1197 2556 1343 2648 ἀπείπῃ,
1354 2565 1404 2626 κατ’

288 2622 324 2692 τό
349 2626 454 2694 δεινόν
475 2631 696 2721 όπεραίρηται.

359 2813 403 2867 22.
423 2771 557 2890 ἀφόρητα
577 2819 608 2876 0.

286 2991 404 3070 rigilaus
425 3013 451 3057 et
472 3023 611 3063 causarum
626 3015 730 3088 auditor
749 3021 777 3072 in
789 3023 958 3093 remissione,
979 3037 1007 3080 et
1025 3030 1146 3088 iudicans
1165 3037 1260 3092 o'rbum
1279 3052 1307 3096 et
1326 3047 1394 3098 iuste
1464 3055 1466 3061 ’

286 3079 403 3126 tractans
423 3077 528 3130 viduam
547 3086 692 3137 secundum
711 3089 830 3143 divinum
849 3095 947 3149 dictum
969 3108 996 3151 et
1014 3105 1096 3156 variis
1114 3111 1319 3167 accessionibus
1338 3118 1392 3169 lar-

285 3147 416 3212 gitionum
437 3156 463 3200 ct
482 3151 611 3206 honorum
632 3173 729 3210 ornans
745 3165 852 3217 omniuo
872 3168 1018 3238 subiectos,
1038 3191 1072 3226 ne
1087 3181 1178 3231 noctis
1197 3185 1304 3250 quidem
1323 3197 1390 3240 tem.

284 3231 334 3282 pus
356 3226 430 3269 extra
449 3237 495 3273 sua
515 3226 602 3276 studia
620 3231 751 3294 ponebat:
771 3235 818 3286 scd
836 3237 928 3291 bibliis
950 3250 977 3294 et
995 3243 1156 3301 lectionibus
1175 3253 1240 3306 dans
1259 3273 1322 3310 scsc
1339 3275 1388 3326 po-

283 3284 442 3352 lyhistorem
471 3293 497 3342 bt
515 3294 646 3347 initiatum
668 3301 746 3354 rebus
773 3306 871 3367 divinis
899 3316 1078 3370 constituebat
1096 3328 1123 3371 et
1142 3321 1272 3379 bumanis.
1311 3346 1388 3382 curae

284 3361 399 3409 orantei
420 3362 498 3412 etiam
518 3365 607 3432 legum
628 3374 834 3430 constitutiones
854 3389 881 3433 et
901 3387 1100 3444 emendationes
1120 3396 1266 3462 ancipitum
1285 3401 1385 3454 edicto-

282 3445 339 3481 rum
361 3438 387 3480 et
406 3437 614 3499 compositiones
641 3443 775 3498 turbarum
794 3465 863 3517 quae
887 3470 920 3505 ex
945 3458 979 3508 iis
997 3472 1181 3517 nascerentur.
1220 3473 1384 3537 quamobrem

283 3501 362 3552 ctiam
382 3516 441 3552 cum
461 3515 540 3572 caput
558 3508 591 3559 de
613 3511 722 3570 furiosis
749 3523 909 3592 coniugibus
934 3528 1076 3598 aliquando
1095 3535 1289 3605 disceptaretur
1307 3559 1383 3598 cura.

281 3572 381 3624 tionem
401 3579 637 3636 ,accuratissimam
663 3588 821 3644 dubitationi
849 3598 970 3650 studiose
997 3607 1147 3670 quaesiuit:
1178 3619 1205 3662 et
1236 3613 1380 3684 inveniens,

281 3643 371 3695 divum
391 3660 482 3715 regem
508 3651 649 3708 dominum
666 3659 784 3717 Leonem
809 3668 952 3734 scripsisse
970 3675 1107 3729 noveliarn
1127 3679 1231 3748 debis,
1250 3686 1381 3740 confusam

281 3800 335 3838 sam
354 3793 380 3836 et
396 3795 542 3856 potentiam
563 3797 588 3847 ei
607 3800 719 3868 addidit,
751 3807 932 3879 pulcherrime
951 3816 1080 3871 adiiciens
1109 3838 1202 3878 causas
1221 3834 1249 3878 et
1262 3834 1378 3899 magnii.

280 3858 384 3909 centius
412 3869 437 3913 et
465 3864 559 3919 iustius
588 3885 622 3921 ex
649 3877 835 3932 occasionibus
854 3883 1038 3947 probabilibus
1064 3891 1197 3949 adornans
1216 3897 1335 3970 edictum,
1352 3914 1378 3956 et

192 3939 197 3950 ι
236 3933 244 3938 ”
278 3925 345 3977 dnes
366 3935 529 3988 constituens
549 3937 646 3996 furoris
667 3955 692 3997 ct
710 3951 802 4002 modos
817 3960 843 4004 et
862 3962 982 4024 tempora
997 3963 1152 4032 patientiae,
1171 3977 1252 4037 atque
1270 3981 1320 4024 tum
1337 3977 1373 4028 di.

277 3996 396 4048 sortium
413 4017 586 4076 proponens,
620 4032 678 4068 cum
697 4019 801 4075 bestiae
820 4026 904 4078 instar
929 4030 1037 4084 morbos
1057 4034 1160 4089 fureret
1187 4048 1213 4092 ct
1232 4046 1374 4100 contubcr.

278 4067 336 4118 nali
357 4081 708 4144 appareret'iutoierabilis
734 4102 762 4145 et
785 4102 888 4166 tempus
906 4115 987 4168 -speru
1018 4108 1164 4165 curationis
1182 4106 1287 4168 renuet
1301 4126 1373 4189 atque

280 4139 429 4206 periculum
448 4159 599 4216 augeretur.

1464 3458 1465 3493 ι

1401 3659 1415 3680 ·

280 3722 367 3766 autem
402 3735 460 3770 csse
481 3736 537 3772 cam
557 3736 691 3782 vetustate
721 3744 746 3786 et
766 3738 867 3788 irritam
886 3743 1025 3810 mansisse,
1047 3753 1220 3806 resuscitavit
1238 3755 1305 3808 banc
1323 3760 1379 3829 inp.
1464 3824 1466 3933 η
