3017 4892
295 266 369 342 aso
600 270 821 374 uncrinus
851 267 1116 382 smauonan

397 435 481 498 Ἐπεί
503 436 538 498 δὲ
561 436 616 516 τῆς
635 435 818 516 σωματικῆς
839 435 998 515 τιμωρίας
1030 434 1216 514 ἐποιήσατο
1266 428 1430 512 πρόνοιαν

295 532 442 610 δεδωκοδς
463 535 576 616 καιρὸν
598 533 691 622 δργῇ,
715 536 770 597 καί
790 536 1039 622 φιλανθρωπίαν
1061 526 1296 615 συγκεράσας
1305 538 1379 604 τοῖς
1391 533 1434 593 dr.

295 639 468 719 δρωπίνρις
489 643 606 715 κακοῖς,
631 634 740 698 α’πεῖδε
762 633 818 698 καί
837 631 918 716 πρὸς
946 632 1005 717 τὴν
1026 629 1361 711 ἐπεισκωμάσασαν
1391 631 1435 693 λδ.

293 762 358 821 μην
379 738 418 800 οδ
439 732 499 820 πρδ
525 739 649 800 πολλῶν
670 733 793 800 τούτων
804 732 974 818 ἐνιαυτῶν,
994 735 1050 799 καί
1067 736 1372 819 διαφθείρουσαν
1391 731 1436 814 τὴν

294 837 383 915 ια’ξιν
404 841 461 920 τῆς
483 838 546 902 τῶν
565 834 713 920 δπηκόυν
734 840 881 913 πίστεως,
904 839 959 900 καί
979 832 1140 919 σύγχυσιν
1152 833 1257 921 αὐτῇ
1286 836 1448 915 παρενειίῑ

296 960 429 1022 ροοσαν,
452 936 507 1000 καί
528 937 586 1020 τήν
608 934 776 1019 βασιλικὴν
800 936 978 1021 ὑπηρεσίαν
998 941 1046 1011 είς
1068 935 1225 1017 ἀπορίαν
1253 935 1325 996 καί
1346 956 1435 1017 φρον-

295 1039 368 1102 τίδα
391 1035 534 1119 χαλεπὴν
564 1032 829 1119 περιβάλλουσαν.
874 1039 927 1101 καί
945 1033 1008 1121 γδρ
1031 1036 1140 1119 ἔργοις
1175 1035 1315 1106 αὐτοῖς
1336 1057 1433 1112 μεμι-

296 1138 403 1220 θηκῶς
425 1136 468 1211 ὥς
490 1137 529 1220 τῇ
554 1140 641 1222 κοινῇ
663 1134 760 1221 φύσει
782 1140 841 1202 τοῦ
859 1136 937 1202 κατὰ
962 1123 1073 1218 καιρὸν
1098 1137 1294 1217 βασιλέως
1304 1135 1433 1198 δουλεί-

297 1261 386 1313 οντος
418 1239 474 1301 κατ’
500 1239 545 1322 τῷ
580 1240 638 1300 ταῶ
661 1236 803 1319 μεγάλου
838 1243 995 1321 βασιλέως
1017 1241 1072 1301 καί
1094 1229 1343 1319 δημιουργοῦ
1380 1240 1431 1296 τῶν

295 1333 446 1411 ἁπάντων
475 1334 691 1420 προστάγματι
714 1341 784 1403 τῶν,
808 1341 934 1404 ἐνδένδε
964 1343 1248 1419 μεθισταμένου,
1285 1338 1369 1402 (ἔνθ’
1395 1328 1450 1402 δτι·

297 1433 434 1526 ῶφειλεν
462 1437 478 1500 ὅ
506 1439 576 1518 μετ’
599 1437 699 1504 odric
718 1439 871 1522 βασιλεὺς
897 1440 972 1514 τούς
992 1440 1306 1523 εδαρεστὴσαντας
1329 1439 1426 1523 ἐκείνᾳ

296 1545 394 1624 μέχρι
418 1539 544 1622 παντός,
567 1538 620 1602 καί
639 1537 695 1622 τὴν
715 1541 962 1624 εδγνωμοστίνην
973 1543 1027 1623 τῆς
1050 1540 1205 1625 δουλείας
1230 1540 1423 1617 ἐνδειξαμέ-

297 1665 370 1716 νους
394 1640 449 1705 καί
472 1637 507 1701 τὸ
531 1642 586 1724 τῆς
608 1641 838 1724 παραστάσεως
861 1645 995 1722 α’κλινὲς,
1016 1643 1073 1705 καί
1092 1640 1149 1704 τὸν
1174 1638 1354 1704 καύσωνα
1377 1642 1419 1718 τῆς

297 1738 420 1826 ἡμέρας
440 1745 497 1805 καί
516 1741 569 1805 τὸν
593 1740 727 1824 παγετὸν
746 1746 803 1825 τῆς
824 1741 936 1816 ννιιτδς
964 1740 1212 1827 οἷνατλὴσαντας
1242 1750 1327 1815 ταῖς
1349 1764 1419 1802 παν-

297 1839 483 1925 νδχοιςκαί
500 1845 706 1926 πανημερίοις
729 1845 887 1930 φροντίσι,
910 1841 1439 1928 ιῆςῐπροσνγκοὺσηςκηδεμοτίιςςε

288 1940 353 2008 ’καί
372 1947 590 2027 προσπαδειάς
616 1947 794 2026 καταξιοῦν,
817 1949 872 2010 καί
894 1945 938 2020 ῶς
959 1942 1104 2027 οἷγαδοδς
1117 1943 1268 2016 δούλους
1294 1941 1359 2005 καί
1370 1966 1416 2003 πι-

297 2042 393 2118 οτούς
415 2044 575 2125 εδποιεῖν,
604 2049 659 2109 καί
680 2042 742 2129 ,τήν
766 2044 870 2130 φλόγα
891 2048 946 2128 τῆς
970 2048 1025 2109 τοῦ
1046 2044 1207 2109 δεσπότου
1231 2041 1413 2126 στερήσεως

297 2148 472 2224 βασιλικοῖς
495 2147 694 2227 καταψύχειν
715 2146 971 2230 φιλοτιμήμασι,
1003 2148 1058 2210 καί
1077 2143 1130 2209 τὸν
1149 2148 1283 2230 θρῆνον
1309 2143 1411 2208 αδτῶν

298 2251 482 2326 μεταποιεῖν
504 2248 549 2319 είς
574 2243 608 2309 τδ
632 2251 852 2328 χαριέστερον,
874 2246 978 2329 βαρύς
997 2248 1120 2327 μᾶλλον
1130 2246 1245 2320 αδτοῖς
1270 2243 1409 2329 ἄναφαί.

299 2368 398 2424 νεται,
420 2345 475 2408 καί
497 2353 566 2419 ταῖς
591 2348 715 2421 οὐσίαις
737 2349 842 2412 αιίτῶν
862 2355 988 2424 πολλοῖς
1009 2346 1123 2430 ἱδρῶσι
1144 2348 1202 2412 καί
1215 2346 1433 2422 πόνοιςίπι-ιο

300 2446 483 2529 κτηθείσαις
506 2443 705 2529 ἐπιβουλεύει
727 2451 938 2535 φιλοκερδῶς,
970 2454 1028 2512 καί
1051 2473 1113 2512 που
1136 2449 1195 2512 καί
1214 2443 1314 2523 τινας
1339 2445 1405 2510 τοδ-

300 2572 363 2614 τοον
383 2545 572 2632 ὑπερορίους
595 2547 751 2632 ποιεῖ,μῆ
778 2549 818 2613 τὰ
841 2553 876 2614 ε’ν
897 2555 972 2614 ποσί
991 2551 1149 2633 καθορῶν,
1169 2551 1225 2614 καί
1245 2547 1283 2612 τὸ
1306 2545 1403 2630 παρό-

229 2705 232 2712 .
302 2650 416 2734 δειγμα
441 2650 555 2725 δεδιὸς
579 2648 623 2725 ῶς
645 2649 701 2715 καί
720 2653 765 2727 εἰς
786 2647 905 2734 αδτδν,
917 2655 1038 2735 μᾶλλον
1059 2654 1096 2716 δὲ
1118 2650 1194 2727 τούς
1215 2649 1273 2714 ὕπ’
1296 2646 1401 2731 αείτδτ,

401 2963 544 3033 Postquam
568 2971 655 3017 nutem
674 2968 795 3034 corporis
814 2979 918 3033 poenae
935 2967 1092 3034 prospexit,
1120 2965 1273 3016 concedens
1300 2973 1396 3032 tempus

302 3036 359 3088 irae
379 3044 406 3089 at
424 3035 612 3088 humanitatem
631 3039 779 3090 admiscens
794 3038 915 3090 humanis
935 3038 1022 3100 malis,
1039 3035 1174 3105 spectarit
1192 3037 1271 3087 etiam
1284 3037 1319 3088 ad
1337 3053 1396 3104 per.

300 3109 409 3172 niciern,
431 3124 500 3176 quae
519 3115 639 3176 grassata
658 3119 716 3161 erat
731 3126 786 3161 non
804 3109 894 3161 multis
913 3119 976 3161 ante
994 3110 1071 3160 annis
1090 3117 1118 3159 et
1135 3108 1265 3174 perdebat
1281 3109 1394 3158 ordinem

300 3180 362 3232 fidei
381 3179 580 3244 subiectorum,
613 3189 639 3230 et
667 3181 851 3232 confusionem
879 3183 905 3230 ei
924 3181 1087 3232 admiscebat
1110 3189 1137 3229 et
1155 3181 1245 3246 regios
1264 3181 1392 3231 ministros

302 3252 331 3301 in
349 3249 540 3302 dubitationem
573 3260 599 3302 et
619 3268 707 3302 curam
727 3253 864 3304 difficilem
884 3254 1018 3303 coniecit:
1049 3252 1148 3302 etenim
1167 3252 1233 3316 ipsis
1252 3251 1330 3301 rebus
1345 3267 1392 3301 co.

299 3330 449 3391 gnouerat,
476 3324 606 3373 communi
624 3331 736 3374 naturae
761 3341 827 3392 rege
846 3324 1008 3390 temporario
1027 3324 1166 3374 serviente
1191 3330 1218 3373 et
1237 3323 1390 3388 erimperto

299 3395 389 3460 magni
407 3393 480 3461 regis
501 3401 528 3442 et
548 3396 678 3445 creatoris
699 3396 815 3446 omniurn
835 3395 904 3446 hano
918 3403 1016 3446 terram
1034 3394 1216 3460 relinquente,
1237 3409 1293 3444 cum
1313 3393 1389 3444 debe-

276 3467 341 3516 'ret
360 3465 496 3531 proximus
524 3478 575 3515 rex
597 3473 687 3534 gratos
711 3466 753 3518 illi
773 3468 880 3518 omnino
900 3468 991 3534 etqui
1010 3466 1108 3516 bonum
1130 3467 1245 3515 animum
1262 3467 1389 3516 servitutis

299 3536 474 3588 ostenderunt
494 3543 521 3587 et
539 3541 767 3602 perseverantiam
793 3540 926 3590 immotam
945 3546 972 3588 et
990 3546 1091 3588 aestum
1110 3536 1164 3587 diei
1193 3544 1220 3586 et
1245 3535 1325 3604 frigus
1340 3551 1388 3587 no-

298 3608 348 3659 etis
369 3609 490 3674 perpessi
509 3616 571 3660 sunt
587 3611 725 3661 nocturnis
751 3618 778 3660 et
796 3611 898 3660 diurnis
926 3611 1014 3675 curis,
1045 3607 1242 3659 accommodata
1262 3609 1387 3658 curatione

299 3687 326 3732 et
343 3678 537 3730 benevolentia
564 3681 668 3749 dignari
697 3689 778 3748 atque
807 3689 837 3731 ut
866 3682 895 3731 in
912 3681 997 3732 bonos
1015 3695 1109 3731 servos
1138 3687 1164 3730 et
1183 3680 1250 3730 ddos
1266 3680 1387 3731 beneficia
1454 3718 1456 3745 3

298 3750 425 3802 conferre
448 3760 475 3802 et
492 3751 621 3802 flammam
641 3751 788 3803 orbationis
808 3753 907 3804 domini
926 3754 1010 3821 regiis
1027 3751 1191 3817 refrigerare
1209 3752 1297 3815 donis,
1313 3760 1386 3818 atque
1454 3748 1455 3759 ¹

297 3822 504 3874 lamentationes
524 3838 617 3875 eorum
636 3833 743 3876 vertere
765 3825 793 3874 in
811 3825 921 3892 gratias,
942 3837 1131 3891 enm-grauem
1150 3824 1236 3890 magis
1261 3824 1291 3872 iis
1309 3838 1386 3889 appa.

298 3908 358 3942 rere
379 3902 406 3944 et
424 3893 501 3946 bonis
523 3909 615 3946 eorum
631 3894 714 3946 multo
733 3896 831 3946 sudore
851 3903 878 3946 et
896 3895 988 3946 labore
1007 3897 1174 3961 recuperatis
1194 3894 1308 3945 insidiari
1325 3895 1384 3944 lucri
1454 3890 1455 3895 ’

297 3970 487 4030 appetentem,
509 3975 589 4034 atque
616 3968 694 4018 etiam
722 3968 849 4034 quosdam
880 3966 974 4018 bornnr
995 3968 1031 4016 'in
1062 3965 1173 4017 exiliunt
1196 3966 1313 4028 mittere,
1336 3979 1384 4014 non

298 4041 420 4101 prompta
448 4040 658 4104 conspicientem
679 4045 706 4090 et
732 4038 882 4105 exemplum
907 4040 1062 4102 timentem,
1082 4039 1160 4088 etiarn
1190 4037 1318 4103 adipsum
1331 4051 1386 4084 nra.

299 4106 400 4174 gitque
430 4105 462 4156 ad
492 4108 625 4162 subiectos
655 4110 770 4162 relatum
795 4118 906 4178 operte:
933 4109 984 4160 boc
1011 4109 1084 4160 clare
1108 4123 1273 4178 cognoscens
1296 4107 1388 4160 studuit

302 4173 423 4229 morbum
445 4175 516 4228 hunc
536 4183 609 4232 utin
628 4183 710 4236 diram
729 4191 853 4248 agentem
872 4180 1057 4234 difficultatem
1077 4183 1229 4245 aistrreset
1245 4179 1324 4248 legem
1339 4193 1387 4246 op·
