3017 4892
540 406 548 425 ²
583 381 791 456 aaronis.
1165 378 1239 452 225

138 546 300 635 ἐχρήσατο
321 553 482 632 μηχαναῖς
495 545 550 611 καί
569 543 791 631 στρατηγικαῖς
805 544 985 630 ἐμπειρίαις
1006 544 1086 627 πρὸς
1107 543 1164 628 την
1184 546 1243 608 τοῦ

138 646 283 732 πλήθους
307 645 432 733 κοίτην
456 648 517 713 τῶν
539 642 679 712 ὁλκάδων
692 644 858 729 διάρροια,
878 648 922 729 μὴ
945 636 1034 719 ὄντος
1055 648 1181 726 λιμένος
1204 643 1245 731 τῇ

137 746 253 837 Κρήτη
278 750 495 833 (α’λιμένευτος
529 746 592 832 γάρ
616 751 704 813 πάσα
725 744 829 836 ἔστί),
848 746 971 832 μακρὸν
991 741 1032 809 άν
1052 742 1101 829 εἴη
1124 746 1272 821 desini-l·
1288 752 1341 810 216
1353 768 1382 811 τ.

137 854 228 922 δεῖν·
284 842 365 914 δ’δὲ
394 845 654 934 παραδοξότατόν
689 850 755 915 ἔστι
787 851 843 913 καί
864 843 945 932 πρδς
973 843 1106 930 τηκτοῦ
1126 844 1245 928 α’νδρδς

109 950 323 1033 δεδσέβειαν,
354 952 451 1027 λέξων
476 948 622 1036 ἔρχομαι.
682 947 944 1036 περιταφρεύσας
969 944 1014 1012 τά
1051 946 1119 1012 ἴδια
1148 952 1243 1016 πλοῖα

137 1056 271 1136 πλησίον
302 1054 361 1117 τοῦ
393 1048 532 1135 κάοτρου
560 1052 618 1115 τοῦ
649 1048 821 1126 Χάνδακος
852 1054 966 1135 (τοῦτο
1004 1048 1063 1134 γάρ
1100 1049 1168 1114 ἔστι
1189 1049 1244 1132 τῆς

139 1147 271 1237 Κρήτης
303 1148 338 1216 τδ
361 1146 570 1235 ι’σχυράτατον
601 1154 656 1216 καί
685 1151 952 1240 ἧγεμοιγκοάτατον
968 1144 1146 1238 φρούριον)
1169 1147 1245 1212 ἐκά-

138 1255 222 1334 θητο
252 1252 311 1335 πρὸ
343 1250 400 1335 τῆς
428 1247 549 1342 πόλεως
578 1250 622 1326 ιδς
654 1246 716 1315 άπὸ
749 1250 885 1317 σταδίοιν
913 1256 1030 1337 τριοῖν,
1059 1250 1245 1335 δημηγορῶν

139 1356 207 1427 τοϊς
225 1344 349 1434 δχλοις
383 1352 439 1415 καί
473 1359 538 1426 τοῖς
568 1350 820 1437 συστρατιώταις
854 1356 910 1417 καί
943 1347 1246 1435 συνταγματάρχαις

93 1466 129 1519 10
138 1453 196 1517 καί
221 1451 399 1537 ναυάρχοις
428 1444 489 1519 δσα
519 1454 563 1542 τῷ
592 1456 691 1541 καιρῷ
711 1451 768 1524 ,καί
788 1462 854 1529 τοϊς
876 1458 1105 1538 περικειμένους
1127 1451 1245 1533 άγιονί-

138 1578 241 1633 σμασι
272 1554 458 1640 πρόσφορα·
510 1555 545 1618 ἐκ
581 1551 818 1639 μηχανημάτων
848 1556 884 1617 δὲ
916 1562 980 1629 τοῖς
1007 1553 1145 1635 τείχεσιν
1172 1551 1245 1613 ἐπι-

28 1684 38 1693 *
138 1656 328 1739 καθημέναν
358 1656 610 1737 σφενδονηθεῖσα
644 1657 744 1737 πέτρα
777 1652 875 1733 μέσον
903 1653 1022 1718 τοάτιον
1049 1650 1131 1734 μετά
1163 1657 1244 1715 πολ-

142 1755 201 1817 tos*
231 1755 287 1817 τοῦ
317 1753 429 1836 ῥοίζου
449 1754 620 1835 κατέπεσε,
653 1755 775 1835 μηδένα
796 1755 856 1835 μὲν
877 1753 1145 1837 άδικήσαοα·τοδν
1160 1751 1244 1817 Ῥοι-

138 1854 263 1933 μαίιον,
282 1850 442 1938 φόβον’δδ
473 1855 529 1923 καί
549 1850 695 1937 ἔκπληξιν
724 1852 765 1915 ου’
782 1855 915 1937 μετριάν
936 1860 1003 1929 τοῖς
1024 1846 1107 1928 ὅλοις
1129 1848 1244 1938 ἐνστά-

94 1968 128 2020 15
138 1955 233 2029 ξασα.
267 1952 285 2015 o‘
315 1953 350 2015 δὲ
382 1954 498 2028 Φακᾶς
534 1953 663 2027 οἰκείαις
690 1958 785 2035 χερσί
814 1952 869 2019 τδν
905 1953 1123 2040 άπορριφίντα
1153 1951 1254 2018 λίδον.

137 2049 375 2137 άνακυυφίσας,
413 2054 468 2117 καί
493 2053 597 2131 δείξας
630 2061 695 2129 τοῖς
725 2056 884 2138 παροῦσιν
918 2054 961 2131 aig
986 2056 1160 2138 εδμεγέθης
1189 2051 1246 2116 καί

137 2148 304 2235 χερμάδης
331 2150 400 2217 ἐστί
422 2155 478 2217 καί
507 2157 658 2219 τοσοῦτον
689 2156 813 2239 άπδπτη
838 2154 998 2239 διάστημα
1029 2147 1104 2218 δσον
1137 2152 1245 2217 οδδενί

137 2252 201 2314 τοῖν
224 2254 422 2337 πετροβόλων
451 2248 595 2338 δργάναν
622 2250 657 2319 ἐν
687 2262 751 2333 τοϊς
780 2259 1028 2339 καταπονηθεῖσι
1048 2256 1123 2338 περί
1143 2257 1243 2318 Κιλι-

129 2355 211 2415 κίαν
228 2353 375 2436 κάστροις
398 2355 580 2419 ἐκλακτίσαι
602 2360 813 2439 προσγέγονε,
839 2351 1042 2439 παρηγγύησε
1063 2354 1162 2417 πᾶσιν
1182 2353 1242 2416 άν-

93 2448 326 2537 2οδρικοάτερον
341 2453 531 2538 διατεθῆναι
551 2454 606 2519 καί
626 2455 854 2539 συντονώτερον
867 2455 910 2529 ιδς
929 2457 974 2527 εἰς
994 2446 1111 2536 άνδρος
1124 2454 1241 2536 ἐληλα-

137 2551 206 2616 κάσι
229 2551 477 2637 Λαιστρυγόνας
504 2547 526 2637 ἢ
558 2555 747 2631 Κύκλωπας.
791 2554 917 2640 πρώτην
947 2557 983 2619 δὲ
1014 2554 1160 2640 φυλακὴν
1187 2556 1243 2618 καί

140 2650 271 2735 άνδρίοιν
310 2653 567 2737 άκαταγώνιστον
605 2654 696 2721 ἔθετο
729 2652 785 2719 καί
816 2650 958 2740 άγκυραν
993 2653 1240 2739 ἀσφαλεστάτην
1278 2737 1281 2740 1

140 2746 283 2829 άπδδειξε
304 2751 360 2838 τὴν
381 2758 428 2830 εἰς
451 2754 510 2837 τὴν
531 2755 715 2841 θεομήτορα
738 2758 794 2820 καί
814 2755 969 2839 πάναγνον
991 2755 1159 2820 δέσποιναν
1180 2777 1240 2818 κα-

94 3108 97 3115 *
138 3086 250 3152 artibus,
271 3095 297 3141 ct
315 3088 456 3157 prudentia
483 3090 656 3159 imperatoria
680 3088 713 3143 ad
730 3090 927 3145 multitudinem
953 3098 979 3143 ct
996 3104 1080 3143 naves
1098 3092 1239 3143 tractorias

138 3162 341 3226 conservandas,
361 3179 420 3214 cum
438 3178 493 3213 uon
512 3171 595 3231 osset¹
607 3170 699 3229 portus
720 3163 816 3216 Cretae
842 3162 977 3232 (portibus
1004 3163 1074 3213 enim
1094 3169 1167 3214 carot
1184 3169 1239 3213 tota

137 3232 247 3303 insula),
267 3232 376 3301 longum
396 3242 437 3286 est
454 3235 601 3302 persequi:
632 3235 703 3302 quod
723 3243 812 3286 autem
836 3236 950 3286 maxime
968 3235 1178 3301 inexspectatum
1199 3240 1240 3285 est

137 3311 163 3354 et
189 3304 221 3356 ad
245 3306 298 3357 viri
326 3306 452 3372 pietatem
473 3307 611 3372 pertinet,
639 3306 779 3357 enarrabo.
824 3304 1030 3357 circumvallans
1057 3306 1167 3373 navigia
1191 3319 1240 3356 sua

135 3381 218 3441 prope
240 3374 379 3426 castellum
399 3375 566 3437 Chandacem
587 3376 653 3445 (hoc
674 3378 744 3428 enim
765 3386 806 3428 est
825 3377 921 3431 Cretae
940 3377 1116 3428 firmissimum
1135 3385 1161 3427 ct
1180 3391 1239 3426 rnu-

136 3447 203 3495 xime
220 3446 419 3510 imperatorium
435 3454 563 3517 castrum)
585 3456 672 3500 castra
686 3448 795 3499 tenebat
812 3455 873 3500 ante
891 3448 983 3499 urbem
998 3447 1142 3500 intervallo
1160 3448 1240 3498 trium

136 3516 192 3565 lcrc
211 3514 373 3565 stadiorum:
401 3520 581 3582 pronuncians
605 3517 770 3570 multitudini
798 3527 825 3570 et
842 3520 971 3571 militibus
991 3527 1018 3570 et
1037 3517 1238 3570 centurionibus

137 3592 162 3634 et
178 3585 285 3635 navium
305 3585 458 3637 ductoribus
478 3602 547 3655 quac
567 3587 599 3637 ad
618 3594 723 3653 tempus
742 3598 769 3640 et
787 3590 913 3640 instantia
933 3591 1078 3641 certamina
1095 3598 1170 3640 crant
1188 3604 1238 3639 ac-

136 3654 312 3705 commodata:
333 3671 366 3705 cx
384 3656 513 3708 machinis
534 3664 631 3720 autem,
651 3672 722 3723 quae
734 3659 816 3708 muris
834 3660 976 3724 impositae
995 3666 1080 3722 crant,
1099 3660 1169 3709 iacta
1189 3674 1237 3709 ru.
1269 3666 1279 3677 ‘

135 3740 180 3790 pes
198 3726 226 3775 in
244 3726 346 3778 medios
366 3725 413 3777 hos
432 3727 516 3778 multo
538 3742 597 3777 cum
621 3726 739 3778 stridore
752 3726 874 3793 decidit,
893 3730 1027 3780 neminem
1052 3728 1159 3795 quidem
1176 3726 1237 3779 lae.

135 3797 196 3847 dens
215 3795 402 3861 Romanorum,
423 3799 545 3849 timorem
564 3804 651 3848 autem
674 3805 865 3865 stuporemque
890 3813 944 3849 non
963 3799 1095 3851 modicum
1114 3798 1236 3851 omnibus

135 3868 281 3935 inliciens.⁴
302 3868 349 3920 sed
368 3867 470 3921 Phocas
498 3870 552 3921 suis
573 3868 695 3920 menibus
714 3870 812 3920 iactum
836 3868 951 3937 lapidem
969 3868 1070 3921 tollens
1095 3878 1122 3921 et
1141 3878 1235 3922 osten.

134 3938 196 3990 dens
215 3938 313 4006 linqui
335 3939 459 4005 aderant,
490 3948 604 4009 quantus
634 3946 705 3993 essct
730 3948 757 3991 et
782 3955 859 4008 quam
883 3940 1057 3992 iaculatori'us
1083 3948 1110 3992 et
1136 3950 1236 3993 tanturn

134 4009 288 4077 pervolasse
308 4026 367 4061 cum
392 4010 580 4075 intervallum,
602 4018 728 4079 quantum
745 4010 815 4062 nulli
834 4013 1010 4065 instrumento
1031 4010 1188 4065 iaculatorio
1207 4014 1236 4064 in

135 4084 224 4133 castris
245 4082 316 4133 circa
334 4070 458 4135 Ciliciam
478 4084 624 4135 exstructis
645 4083 745 4135 eiicerc
766 4085 889 4151 contigit,
908 4083 1062 4137 adhortatus
1082 4092 1235 4148 cstomncs,
1317 4082 1324 4089 '

133 4161 159 4203 ut
179 4153 273 4205 lortius
299 4168 329 4205 sc
355 4154 535 4221 disponerent
563 4163 589 4204 ct
614 4154 775 4220 patientius,
802 4156 901 4223 quippe
930 4155 975 4224 qui
1004 4162 1095 4206 contra
1113 4154 1235 4207 homines

132 4223 326 4293 Laestrygones
351 4232 396 4276 aut
417 4224 555 4293 Cyclopes
580 4226 696 4292 proiecti
715 4233 821 4278 essent:
844 4229 954 4294 primam
978 4234 1065 4279 autern
1090 4228 1237 4279 custodiam

133 4303 157 4346 et
174 4297 299 4348 virtutem
326 4298 455 4351 invictam
487 4297 617 4352 instituit:
643 4306 669 4349 ct
688 4312 812 4352 ancoram
836 4300 1010 4356 certissimam
1027 4298 1185 4353 monstravit
1197 4296 1235 4350 ad

182 4407 264 4463 utet.
286 4408 369 4466 Auat
387 4408 460 4467 Πίον.
1020 4412 1053 4465 15
1118 4432 1135 4461 0
