3017 4892
588 344 797 417 merome.
1175 335 1247 417 ¹8⁷

143 515 285 598 ρόμενος
304 512 422 596 μικροῦ
442 514 505 577 δέω
529 516 650 579 θανεῖν.
693 508 752 596 έγοό
775 506 834 595 γόρ
856 512 921 594 εἰμι
956 506 1072 585 ἐκεῖνος
1093 503 1111 571 ό
1129 505 1250 582 Ἰωνᾶς.

145 612 259 683 λοιπόν
282 607 345 699 ἄρα
367 614 401 679 τί
422 636 463 696 με
495 616 548 677 καί
567 608 678 693 βάλετε
708 615 752 689 εἰς
774 611 831 694 τήν
860 611 1052 676 θάλασσαν·
1102 607 1156 674 διό
1187 607 1249 693 γὰρ

114 724 119 729 ’
144 715 206 792 τός
226 712 307 795 ἐμός
329 713 459 801 πράξεις
480 712 517 779 τό
540 713 672 777 τοιαῦτα
699 698 876 794 ἆκυθρωπό
905 714 960 776 καί
978 708 1105 795 χαλεποὶ
1130 733 1251 776 συναν-

143 814 270 901 τήματα
303 820 368 891 τοϊς
400 810 570 897 Ῥωμαίοις
600 809 911 896 ε’πισυμβαίνουσιν.”
959 816 1014 878 καί
1039 810 1056 877 o‘
1078 814 1136 893 μέν
1160 812 1250 896 λόγος

117 910 319 999 5μετόνοιαν
338 918 401 1005 τήν
422 920 524 991 κακῶς
545 914 769 999 πραττομένων
789 912 953 1000 ᾐνίττετο,
972 912 1006 977 τό
1032 915 1061 976 δ’
1080 910 1171 995 ἔργον
1192 903 1250 974 oda

146 1009 197 1103 ἦν,
219 1016 311 1101 καίή
335 1014 509 1100 διόρθωσις
529 1015 686 1083 ἐδείκνυτο
709 1016 881 1096 οὐδαμοῦ·
938 1006 977 1099 ἦν
1004 1011 1064 1097 γοὶρ
1097 1008 1249 1087 έκεῖνοςό

29 1151 34 1157 ·
146 1126 219 1194 τοῖς
238 1116 400 1195 κακίσταις
429 1118 692 1203 όποδημοσόναις
720 1111 777 1191 τός,
794 1115 1010 1200 ἀκυβέρνητος
1032 1113 1252 1179 καταδουλού-

147 1241 242 1299 μενος
265 1212 389 1283 έαυτόν.
440 1221 518 1294 τέως
550 1220 579 1282 δ’
603 1211 660 1281 σόν
682 1218 844 1301 προΐοντος
876 1219 937 1279 τὀό
952 1214 1135 1281 Ῥουσελίαυ
1153 1235 1253 1293 πρεσ-

148 1322 238 1400 βεῖαί
248 1342 328 1395 τινες
350 1322 385 1384 ἐκ
397 1324 555 1400 βασιλέως
574 1323 772 1405 πεμφθείσαι
786 1317 888 1408 τοότερ
902 1315 1112 1401 συνήντησαν,
1125 1313 1251 1394 ἀξίωμα
1296 1381 1304 1390 ,

103 1434 139 1491 10
149 1419 416 1503 κουροιιαλατικὸν
439 1419 690 1503 ὑπισχνούμενοι
705 1422 762 1483 καί
784 1418 906 1501 δωρεὰς
921 1421 1119 1505 φιλοτίμους,
1145 1417 1176 1480 εί
1197 1411 1253 1497 τήν

149 1519 345 1585 ἀποστασίαν
369 1520 464 1607 α’φείς
485 1519 685 1595 όπόσπονδος
704 1522 747 1607 τῷ
770 1524 900 1602 βασιλεῖ
915 1521 1052 1604 γένηται.
1097 1514 1114 1579 ό
1132 1516 1168 1580 δέ
1188 1540 1252 1601 μη·

149 1622 241 1695 δοιός
261 1622 324 1686 τῶν
347 1622 522 1705 λεγομένων
554 1620 685 1704 οίνήκοος
709 1621 864 1704 γεγονώς,
886 1617 945 1704 ’τῆς
966 1616 1051 1701 πρὸς
1080 1615 1136 1702 τήν
1157 1621 1254 1699 βασι-

148 1719 306 1786 λεόσυσαν
326 1724 456 1802 πορείας
480 1718 727 1805 σπουδαιότερον
749 1718 863 1803 εἴχετο.
907 1713 974 1803 εἶχε
995 1718 1058 1803 γὰρ
1077 1720 1148 1802 μεθ’
1174 1712 1282 1786 ἔσο-ί.
1297 1726 1387 1809 λοστ,

150 1822 209 1884 τοῦ
229 1820 449 1903 αἰχμάλωτον,
478 1821 512 1885 έν
533 1819 570 1908 τῇ
596 1823 652 1886 τοῦ
673 1822 842 1904 Καίσαρος
869 1822 970 1909 τροπή
994 1823 1103 1885 τοῦτον
1123 1809 1255 1902 προοέι·

106 1936 140 1991 15
150 1918 269 2007 ληφιός,
293 1923 462 1986 Βασίλειον
483 1925 617 2007 σβέσιην
634 1918 687 1986 τόν
711 1926 879 2007 Μαλέσην,
900 1923 934 1985 έκ
953 1925 1008 2007 τής
1029 1921 1092 1985 τεόν
1112 1922 1254 2005 Περσῶν

152 2020 376 2105 αἰχμαλωσίας
398 2024 456 2087 oda
477 2024 511 2088 ἐκ
528 2026 647 2089 πολλοό
666 2019 854 2106 ἐπανιόντα,
876 2026 922 2114 τῷ
932 2026 1077 2107 Καίσαρι
1098 2025 1135 2088 dd
1154 2044 1255 2106 apos-

152 2128 316 2210 ληφθέντα
341 2122 395 2188 καί
416 2126 617 2191 οἰκειωθέντα
631 2121 685 2189 διό
709 2123 745 2189 τό
761 2128 936 2212 περιφανὲς
956 2121 1148 2209 τής-τοότου
1172 2148 1254 2209 φρο.

151 2224 271 2308 νήστεις
291 2229 346 2290 καί
365 2223 517 2309 γνοόσετος.
562 2226 631 2289 ἀλλ’
653 2228 686 2291 τί
697 2228 751 2291 καί
771 2229 972 2310 δορυόλωτον
994 2233 1105 2291 τοῦτον
1125 2220 1142 2289 ό
1160 2222 1254 2292 ‘Pos-

146 2330 255 2404 σέλιος
275 2324 397 2410 ἔλαβεν,
419 2324 506 2410 όμως
528 2331 563 2394 έν
583 2333 661 2416 τιμῇ
681 2326 814 2418 μεγίστη
835 2324 911 2412 εἶχε,
935 2330 991 2392 καί
1012 2327 1054 2403 ὥς
1075 2324 1254 2410 ἔμπρακτον
1284 2377 1288 2385 r

107 2418 251 2511 γοόνδρα
279 2428 333 2493 καί
354 2423 570 2513 λογικώτατον,
594 2433 649 2495 καί
669 2437 782 2515 πεῖραν
812 2426 914 2495 ednod
934 2428 1094 2495 δεδωκότα
1116 2428 1169 2493 διὰ
1184 2429 1254 2506 ,τῶν

151 2532 310 2612 προτέρων
332 2527 623 2613 ε’πιστρατεόσεων,
647 2534 681 2597 ἐν
705 2532 803 2621 μοίρρ
825 2535 889 2595 τόν
909 2530 1102 2613 συμβοόλων
1122 2533 1254 2613 ἐτίθετο,

151 2631 272 2709 μᾶλλον
295 2632 329 2693 δὲ
351 2628 527 2715 πρώτιστον
549 2625 628 2715 εἶχε,
650 2635 706 2698 καί
724 2633 768 2709 nic
794 2631 921 2717 γλοόσση
940 2630 996 2696 καί
1015 2630 1107 2715 χειρί
1126 2636 1168 2719 τιή
1187 2654 1256 2695 τοι-

153 2725 234 2816 οότρι
257 2731 290 2794 έν
314 2738 379 2805 τοῖς
395 2735 737 2817 πολιτικοῖς-ἐκέχρητο
761 2732 957 2817 πράγμασιν.
982 2721 1074 2807 οὗτος
1093 2729 1130 2821 τὰ
1153 2728 1255 2795 πολλὰ

154 2830 212 2911 μέν
233 2822 365 2895 ἑλέσθαι
395 2827 452 2915 τήν
479 2832 604 2918 εἰρήνην
625 2837 667 2920 τῷ
683 2832 854 2920 Ῥουσελίρι
876 2831 1041 2899 όπετίδει·
1095 2832 1126 2899 εἰ
1147 2832 1182 2897 δέ
1202 2830 1258 2897 καί
1325 2823 1330 2830 ’

224 3019 250 3073 2.
269 3017 381 3091 βάλλετε
401 3018 431 3107 ⁰⁸.
473 3022 492 3043 ⁸
531 3020 574 3075 20.
595 3019 750 3083 δεδωκότος
767 3019 798 3075 G.

156 3182 206 3235 iam
224 3182 314 3234 toilite
339 3197 382 3235 me
403 3193 429 3237 et
447 3185 528 3238 iacitc
553 3188 580 3239 in
598 3203 670 3240 mare
682 3172 826 3256 :*propter
846 3201 906 3238 men
934 3183 1003 3238 enim
1023 3184 1093 3238 iacta
1111 3181 1186 3238 tales
1198 3184 1257 3238 duri

156 3261 182 3306 et
200 3254 325 3308 difficiles
353 3272 429 3311 casus
450 3256 558 3312 Graecis
578 3261 727 3313 accidunt.“
775 3269 854 3329 atque
886 3258 971 3311 verba
989 3259 1093 3328 quidem
1112 3259 1257 3325 poeniten.

154 3326 215 3377 tiam
234 3326 304 3377 male
323 3326 453 3381 sactorum
473 3332 677 3401 significabant:
702 3349 746 3387 res
765 3341 854 3395 autem
872 3345 926 3383 non
951 3330 988 3383 ita
1006 3346 1037 3382 se
1056 3329 1185 3383 habebat:
1204 3346 1256 3381 ne..
1307 3344 1310 3348 ·

155 3412 206 3465 que
226 3414 334 3467 usquam
363 3403 511 3454 emendatio
539 3406 692 3472 apparebat.
741 3406 893 3458 subiecerat
922 3404 993 3454 enim
1018 3400 1115 3455 seille
1134 3402 1257 3470 pessimis

156 3466 276 3519 consiliis
296 3472 370 3535 quasi
389 3486 443 3523 non
463 3475 633 3541 gubernatus.
672 3477 774 3528 interea
793 3476 876 3545 igitur
895 3490 954 3527 cum
972 3474 1180 3542 progrederetur
1199 3472 1257 3526 au.

155 3537 255 3602 relius,
282 3539 433 3606 legationes
458 3557 473 3593 a
500 3560 567 3613 rege
591 3548 688 3597 missae
714 3547 777 3598 huic
802 3548 908 3599 obviam
926 3555 1082 3610 venerunt,
1101 3546 1257 3614 dignitatern

156 3608 363 3674 curopalaticam
380 3614 576 3677 promittentes,
597 3623 624 3665 et
645 3616 712 3667 dona
732 3618 829 3683 ampla,
849 3618 871 3668 si
891 3618 1050 3668 seditionem
1068 3618 1176 3668 mittens
1197 3617 1256 3683 regi

156 3687 264 3747 pacatus
290 3681 375 3731 [ieret.
421 3680 470 3731 illc
497 3692 584 3734 autem
611 3684 680 3734 nihil
698 3686 828 3737 dictorum
852 3687 1001 3751 respiciens
1026 3687 1077 3736 iter
1106 3687 1139 3737 ad
1166 3685 1257 3736 urbem

156 3746 299 3807 studiosius
326 3754 421 3804 tenuit.
470 3752 585 3805 habebat
609 3755 677 3805 enim
704 3770 779 3806 suum
805 3757 957 3822 captivum,
986 3772 1064 3823 quem
1088 3757 1116 3806 in
1135 3757 1257 3809 Caesaris

156 3824 220 3890 fuga
237 3830 378 3888 praeterea
395 3833 513 3891 ceperat,
534 3824 663 3879 Basilium
683 3825 785 3877 bestam
803 3826 938 3892 dialesen,
958 3842 992 3900 en
1009 3825 1150 3879 Persarum
1169 3827 1255 3894 copti.

156 3895 239 3947 vitate
264 3908 318 3945 nou
343 3895 388 3946 diu
413 3909 569 3962 reversum,
594 3912 610 3948 n
634 3896 749 3951 Caesare
775 3906 862 3951 nutem
880 3897 1025 3950 adhibitum
1054 3906 1082 3950 et
1100 3906 1256 3951 consuetum

155 3973 265 4035 propter
284 3966 401 4019 nobilem
426 3969 483 4020 eius
512 3970 702 4038 cogitationem
732 3979 759 4022 ot
775 3970 992 4038 intelligentiam.
1030 3970 1077 4023 sed
1097 3971 1162 4022 licet
1180 3970 1254 4022 beiio

156 4045 258 4103 captum
277 4036 347 4089 hunc
366 4038 492 4093 Ruselius
515 4044 676 4110 decepisset,
702 4049 788 4093 tamen
809 4044 911 4094 honore
930 4044 1042 4094 maximo
1062 4057 1121 4094 oum
1141 4042 1255 4094 hahebat

156 4117 182 4161 et
200 4116 229 4159 ut
250 4116 386 4163 strenuum
406 4112 490 4164 virum
509 4114 803 4183 prudentissimumque,
823 4115 868 4182 qui
887 4116 965 4166 etiam
984 4116 1119 4182 specimen
1137 4116 1256 4167 dedisset

155 4180 289 4249 prioribus
308 4184 540 4251 expeditionibus,
568 4186 629 4238 lo'co
649 4186 862 4241 consiliariorum
893 4201 952 4237 oum
970 4187 1104 4255 ponebat,
1123 4188 1183 4241 sive
1201 4167 1253 4251 ήο.

155 4252 207 4307 tius
227 4254 341 4307 omnium
362 4256 473 4325 primum
487 4256 601 4311 iubebat
615 4266 641 4311 et
659 4260 780 4311 oratione
801 4266 827 4312 ct
840 4273 917 4311 manu
935 4259 983 4311 tali
1002 4260 1060 4312 viro
1080 4260 1109 4311 in
1128 4255 1253 4313 civilibus
