3017 4892
604 373 814 464 marcum.
1150 330 1152 336 ’
1207 363 1258 440 ιο

157 539 297 603 είσύλθοι
316 536 372 618 τής
392 536 485 620 α’κοής
498 533 607 620 αύτοδζ
621 544 778 618 τιμωρίαν
791 537 878 623 αύτῷ
892 534 1042 618 μεγίστην
1052 534 1106 598 καί
1120 531 1261 599 θάνατον

158 639 346 721 ἐπιτίθησιν.
369 637 521 720 κέχρηται
538 637 573 700 δὲ
585 641 622 722 τῇ
640 631 707 720 ῥινί
723 629 785 701 ὅσα
796 634 852 700 καί
865 638 965 719 χειρί·
986 632 1052 700 ἔστι
1068 631 1129 718 γύρ
1148 630 1183 698 εδ
1197 637 1263 716 μή·

159 760 212 814 κος
224 735 308 823 αύτή
323 733 400 802 κατὰ
417 735 587 820 σάλπιγγα,
611 739 666 800 καί
687 739 729 800 δι’
743 736 839 822 αδτής
856 734 941 800 ἅπαν
957 738 1092 818 ἐνεργεῖ·
1116 735 1151 800 rt
1171 730 1263 797 διδύ-

161 859 256 918 μενον
278 838 332 900 καί
346 845 411 910 τοῖς
430 834 509 900 acaci
531 839 615 901 νῶτα
629 838 820 919 καθημένοις
842 835 1024 919 ἦνιοχσύσιν
1043 831 1142 920 αύτδν
1154 834 1266 900 οἷναδί-

133 940 250 1018 adeat,
267 937 322 1000 καί
341 935 398 1021 τήν
418 937 539 1022 τροφήν
554 939 760 1021 παραπέμπει
774 941 819 1025 τῷ
836 935 982 1018 στόματι,
1002 932 1057 998 καί
1077 928 1173 1000 ὅπλον
1194 937 1262 999 κατ’

162 1035 289 1119 ἐχθρῶν
311 1033 378 1118 ἔχει
402 1035 457 1100 καί
472 1031 667 1120 ἀμυντήριον
689 1032 862 1119 δύσμαχον.
907 1034 1021 1119 λιύροις
1043 1038 1079 1100 δὲ
1101 1033 1261 1108 παντοίοις
1290 1060 1292 1062 ·

157 1132 179 1220 d
199 1143 340 1220 χαλινοῖς
362 1138 422 1220 ούχ
444 1137 575 1223 ύπείκει,
596 1137 664 1202 ἀλλ’
686 1137 705 1221 ή
723 1135 871 1222 αἴσθησις
891 1139 979 1222 αύτῷ
998 1141 1056 1200 τού
1077 1143 1179 1200 ποιεῖν
1202 1129 1260 1199 ὅσα

158 1247 222 1312 τοῖς
246 1237 406 1322 ήνιοχούσι
427 1239 642 1324 βεβούλευται,
662 1236 793 1313 πέλεκύς
818 1236 981 1303 ἐστι’καιὰ
1005 1241 1138 1321 κρανίου
1160 1235 1260 1322 φερό-

156 1361 258 1420 μενος.
300 1337 425 1422 χρόνοις
446 1341 481 1402 δὲ
505 1344 631 1416 πολλοῖς
659 1337 915 1426 κυοφσρσύμενος
948 1342 1041 1425 (δέκα
1064 1335 1124 1422 γδρ
1147 1340 1259 1402 ἐνιαο-
1274 1353 1293 1405 t.
1309 1353 1359 1409 176
1369 1369 1397 1410 r.

116 1447 221 1513 1οτοῖς
245 1442 285 1526 τῇ
304 1441 435 1528 μητρῴρι
456 1440 548 1524 νηδύι
581 1440 787 1524 καλύπτεεαι)
812 1440 868 1524 τήν
889 1444 952 1505 raia
980 1439 1083 1506 ύστῶν
1103 1440 1259 1520 ἁρμονίαν

157 1539 296 1625 σκληρὰν
316 1538 372 1604 καί
391 1534 539 1623 ἄτεγκτον
554 1540 631 1624 πρὸς
651 1539 830 1620 σύμπτυξιν
848 1540 1064 1604 α’ποδείκνυοι.
1087 1537 1140 1603 διαὶ
1166 1543 1257 1604 τούτο

155 1637 209 1702 καί
229 1643 274 1714 εἰς
294 1641 351 1722 γήν
374 1644 603 1725 κατακλιθῆναι
626 1641 787 1718 α’δυνατεῖ,
810 1640 853 1720 μή
878 1631 943 1712 οἶός
963 1662 997 1702 τε
1019 1632 1065 1702 σύν
1085 1636 1124 1703 τύ
1147 1633 1256 1720 ύρθρα

154 1743 215 1805 ταῖν
239 1741 344 1804 ποδῶν
378 1747 449 1814 ταῖς
480 1740 646 1821 ἁρμονίαις
675 1735 810 1816 σονοὶξαι
839 1742 897 1802 καί
926 1746 1141 1821 περιαγαγεῖν.
1185 1737 1259 1800 daal

156 1842 191 1902 δὲ
215 1838 425 1914 κατακλίσεως
447 1837 505 1922 τήν
527 1841 572 1912 εἰς
594 1840 724 1922 δένδρον
746 1834 769 1920 ή
788 1843 1010 1924 χειροποίητον
1031 1839 1125 1914 ξύλον
1147 1829 1168 1921 ή
1189 1846 1258 1902 τοῖ-

114 1955 146 2006 15
153 1963 214 2022 χον
239 1937 318 2004 κατὰ
352 1940 429 2022 μίαν
460 1937 612 2023 πλευρὰν·
630 1946 767 2004 ποιεῖται
795 1940 975 2022 ἐπίκλισιν,
1007 1933 1117 2025 ὄρθιος
1136 1938 1259 2016 τούτοις

156 2038 397 2123 ἐπερειδόμενος
419 2037 527 2119 μόνον.

255 2139 322 2204 Ἐπί
340 2136 441 2227 τούτῳ
463 2142 507 2224 τῷ
531 2137 600 2228 ζιύιρ
623 2143 679 2204 καί
699 2139 757 2223 τήν
784 2128 952 2225 λεγομένην
974 2140 1256 2227 καμηλοπάρδαλιν

153 2243 186 2317 ἐξ
214 2239 381 2324 Αἰγύπτου
420 2244 624 2325 πεμφθεῖσαν
659 2240 747 2328 αύτῷ
782 2250 848 2318 τοῖς
883 2241 1027 2318 πολίταις
1057 2237 1074 2304 δ
1105 2240 1258 2323 βασιλεύς

151 2344 395 2420 καθνπέδειξεν·
445 2337 513 2406 ἔστι
544 2341 580 2404 δὲ
623 2346 679 2407 καί
716 2335 799 2427 αύτη
835 2340 913 2407 κατὰ
943 2339 977 2406 τύ
1008 2336 1109 2426 ὄνομα
1139 2340 1258 2408 σύνθε-

36 2445 40 2453 “
111 2465 223 2522 γοτος,
246 2444 381 2528 φολίδας
413 2444 471 2521 μὲν
500 2442 688 2524 παρδάλεως
717 2439 857 2524 ἔχουσα,
879 2441 1024 2525 καμήλου
1057 2445 1093 2510 δδ
1122 2445 1258 2526 μέγεθος

153 2538 215 2607 σύν
247 2545 288 2630 τῇ
308 2545 434 2628 κεφαλή
455 2545 509 2606 καί
526 2544 570 2628 τῷ
592 2542 815 2632 ἀποτεταμένα]
847 2542 903 2608 καί
923 2546 1025 2630 λεπτῷ
1055 2546 1113 2609 τού
1134 2545 1259 2628 τραχή-

155 2640 351 2728 λου,’πλήν
370 2637 445 2708 ὅσον
468 2638 565 2708 dmi
597 2646 754 2728 τράχηλος
786 2644 867 2733 αύτῇ
903 2637 1013 2728 ὄρθιος
1043 2639 1088 2708 σύν
1124 2643 1186 2725 ούχ
1215 2643 1258 2718 οδς

1043 2736 1058 2760 bl

127 2748 210 2828 ,τής
243 2742 385 2829 καμήλου
421 2747 588 2831 πεποίηται
616 2742 865 2825 καμπυλύτατος.
924 2746 994 2809 ἀλλ’
1021 2766 1093 2809 cvra
1122 2747 1196 2829 περί
1222 2744 1257 2808 ati

154 3061 246 3130 gitudc
268 3059 293 3110 ei
311 3059 441 3111 buccinae
460 3057 558 3121 instar,
588 3065 616 3109 ct
637 3074 668 3110 ea
689 3072 767 3109 omne
786 3065 895 3121 tractat3
914 3058 1001 3110 datum
1022 3066 1049 3109 et
1066 3058 1094 3108 iu
1113 3066 1190 3127 tergo
1208 3075 1255 3112 ec.

153 3131 294 3193 dentibus,
321 3132 366 3198 qui
397 3146 455 3182 cum
474 3136 588 3197 regunt,
609 3130 741 3196 porrigit,
770 3139 797 3182 ct
815 3129 903 3182 cibum
927 3129 1041 3181 admittit
1058 3129 1108 3192 cri,
1128 3136 1156 3180 ct
1172 3130 1256 3181 telum

153 3201 355 3255 contrahentes
377 3201 458 3254 babet
477 3210 503 3253 ct
521 3202 681 3267 praesidium
701 3202 840 3254 invictum.
864 3201 931 3252 loric
959 3209 1046 3252 autem
1069 3201 1190 3253 omnibus
1211 3209 1256 3253 aut

153 3274 235 3325 irenis
252 3287 306 3324 non
325 3274 412 3337 cedit,
442 3274 489 3325 sed
517 3287 610 3326 sensus
632 3273 656 3322 ei
676 3272 793 3324 faciendi
818 3289 886 3341 quac
913 3272 1068 3340 regentibus
1087 3271 1255 3339 placuerunt,

151 3347 253 3397 securis
273 3353 313 3396 est
333 3354 425 3396 contra
448 3345 577 3396 verticem
597 3352 664 3395 acta.
685 3359 770 3395 annos
799 3352 886 3396 antem
905 3343 1002 3395 multoe
1024 3346 1051 3394 ln
1071 3353 1167 3396 ventre
1184 3344 1254 3396 latua

153 3421 215 3484 (per
233 3417 328 3467 decem
347 3417 417 3466 cnim
436 3431 519 3468 annos
538 3417 629 3468 matris
658 3424 735 3467 utero
766 3415 897 3484 velatur),
919 3416 1018 3468 casium
1038 3417 1254 3467 coniunctionem

150 3488 241 3538 duram
269 3495 296 3536 ct
323 3487 421 3537 firmam
453 3487 522 3554 qnod
541 3488 575 3539 ad
593 3487 803 3553 componendum
828 3487 930 3550 attinet,
948 3487 1072 3538 ostendit.
1110 3496 1254 3554 propterea

151 3560 230 3607 etiarn
250 3558 277 3606 iu
295 3564 392 3606 terram
412 3557 585 3608 succumbere
604 3573 659 3608 nou
678 3565 776 3624 potest,
798 3574 857 3608 cum
872 3573 926 3609 nou
946 3558 1038 3609 valeat
1055 3558 1183 3610 articulos
1201 3573 1252 3624 pc.

150 3629 210 3677 dum
230 3627 359 3676 iuncturis
388 3640 549 3690 componere
573 3636 599 3675 et
625 3629 833 3678 circumducere.
878 3644 925 3692 pro
951 3628 1146 3680 succumbendo
1170 3628 1253 3678 incli.

149 3698 284 3747 nationem
312 3694 344 3746 ad
368 3693 488 3744 arborem
509 3703 554 3744 aut
580 3697 775 3744 manufactum
796 3697 898 3762 liguum
926 3705 972 3747 aut
990 3699 1119 3761 parietem
1137 3711 1190 3747 unc
1209 3696 1252 3747 la.

149 3777 207 3820 tere
227 3767 300 3829 lacit,
323 3772 427 3816 erectus
446 3767 474 3815 iu
493 3764 534 3814 his
554 3780 583 3816 se
603 3764 720 3815 fulciens
740 3763 834 3815 solum.

247 3854 355 3906 Praeter
373 3852 425 3904 hoc
444 3852 541 3904 animal
561 3853 640 3902 etiam
664 3853 703 3903 tic
722 3852 819 3903 dictam
838 3831 1250 3924 camelopardalimcxbegyptc

97 3936 102 3942 ”
147 3928 253 3980 missam
276 3925 327 3978 sibi
347 3923 451 3976 civibus
471 3939 520 3974 rex
532 3924 663 3986 ostendit;
682 3933 722 3974 cat
740 3931 828 3975 autem
846 3925 924 3975 etiam
947 3924 1013 3975 haec
1032 3927 1177 3977 secuudum
1195 3942 1247 3978 no.

147 4013 208 4050 men
227 3997 383 4064 composita,
403 3995 519 4046 maculas
540 3995 655 4062 pardalis
678 3995 793 4058 babens,
822 3995 918 4046 cameli
937 4003 1024 4047 autem
1042 3998 1248 4066 magnitudinem

148 4079 174 4121 ct
194 4069 291 4121 collum
310 4077 339 4119 ct
359 4067 502 4118 abscissam
532 4074 558 4117 et
582 4077 688 4119 tenuem
707 4075 826 4118 naturam
846 4065 911 4117 colli
941 4067 992 4118 nisi
1012 4069 1083 4136 quod
1098 4069 1201 4121 collum
1222 4071 1247 4122 ei

147 4150 266 4198 erectum
288 4155 342 4190 nou
368 4147 397 4189 ut
416 4138 512 4190 cameli
540 4139 636 4190 lactum
662 4147 704 4189 eat
728 4140 807 4190 nimia
828 4146 965 4190 curvatum
994 4142 1041 4192 aed
1058 4157 1093 4191 nc
1112 4143 1139 4192 in
1158 4142 1246 4193 medic

146 4213 249 4278 quidem
268 4211 347 4263 dorso
367 4211 499 4262 curvitate
518 4206 631 4274 ex'ccdit,
655 4209 735 4261 simili
754 4218 843 4261 autem
862 4211 939 4262 ruodo
957 4211 1131 4263 directionem
1151 4213 1246 4264 iudea

145 4282 223 4334 dorae
245 4297 328 4349 usque
349 4282 382 4332 ad
396 4282 504 4332 caudam
523 4290 613 4344 tenet,
637 4297 691 4334 non
721 4289 809 4334 autern
828 4297 914 4352 aeque
932 4282 1082 4350 altitudine,
1101 4299 1162 4337 nam
1180 4284 1245 4336 dor.

202 4393 284 4448 ittet.
305 4393 391 4446 Attat.
411 4393 478 4450 ilict.
806 4391 814 4399 ’
1001 4398 1007 4410 ’
1044 4394 1062 4454 4

1060 4549 1081 4574 Ι

1445 3329 1457 3356 0
