3017 4892
592 348 801 425 msaonm.
916 425 918 430 ,
1177 344 1294 438 ιειΙ

143 512 209 597 γῆς
232 517 288 581 καί
307 512 427 603 ἄσημος
448 510 561 604 κρότος
580 518 637 583 καί
663 517 768 587 πάντα
788 515 869 603 μετά
897 519 1047 604 θορῦβιοιι
1068 520 1124 585 καί
1143 519 1253 585 arodi·

146 639 216 679 νων
232 617 409 683 ἐδείκνυτο·
453 619 507 683 καί
528 622 588 695 πάς
612 644 660 695 τις
685 625 794 687 θανεῖν
815 619 965 702 ἐπεθύμει
988 623 1108 702 μάλλον
1134 616 1154 703 ἢ
1185 642 1251 685 τοι.

146 717 244 781 οῦτοι
266 719 346 783 ἰδεῖν
368 716 490 806 καιρόν.
533 723 589 785 καί
609 720 645 784 τό
676 720 721 806 μὴ
745 723 885 788 κατιδεῖν
916 719 960 800 ιῦς
990 722 1122 804 εῦταχές
1144 724 1252 802 ἐνομί-

149 818 233 899 ζετο,
259 842 311 882 και
335 818 411 896 τοῦς
430 846 475 905 μη
502 822 641 886 τοιοῦτον
667 818 838 899 ἰδόντας
814 846 854 897 ας
885 823 1029 905 εῦτιιχεῖς
1050 818 1251 905 ἐμακάριζεν.

117 933 136 985 o
251 920 370 985 ἈλλΗ
355 921 501 1009 εντοάτηι
519 924 718 1001 πάθοοςτιῦν
734 915 941 1005 ‘Panaciam'
924 946 1033 1003 οντων,
1056 922 1112 1002 οῦκ
1136 923 1254 1006 aldoeri-

144 1024 255 1106 θησαν
275 1018 305 1085 οἱ
328 1027 510 1146 πρλέμιοι·’
495 1022 582 1101 εντός
601 1026 656 1089 τοῦ
676 1006 818 1108 χάρακος
839 1026 1003 1107 εἰσπεσεῖν,
1024 1020 1254 1105 εῦλαβοῦμενοι

147 1126 206 1186 καί
227 1113 316 1185 οὗτοι
339 1122 374 1187 τὸ
397 1123 602 1209 άπρόσφορον
621 1128 678 1189 τοῦ
698 1127 901 1209 καιροῦ.καί
921 1121 979 1199 τάς
1001 1120 1106 1199 κοινάς
1127 1126 1251 1202 ἐννοίας

149 1224 201 1295 εἰς
221 1218 354 1298 ἐαυτοάς
379 1224 593 1303 ἐμπλέκοντες.
652 1218 689 1289 οῦ
726 1225 790 1310 μην
819 1225 984 1309 γεγόνασιν
1011 1223 1252 1309 α’πισθόρμητοι,

148 1321 235 1387 άλλά
257 1326 299 1387 δι’
324 1319 399 1408 ῦλης
429 1323 543 1400 νυκτός
573 1329 798 1412 περιηχοῦντες
826 1316 906 1408 ἦσαν
939 1321 1026 1400 ἐκτός
1050 1323 1179 1408 δρόμοις
1199 1324 1255 1391 καί

104 1436 140 1489 10
149 1422 357 1506 περιδρόμοις
385 1425 441 1508 τὴν
461 1422 627 1505 Ῥωμαίων
655 1422 872 1511 παρεμβολήν,
905 1424 1007 1505 τόξοις
1027 1425 1082 1490 καί
1102 1432 1253 1506 σκαλμοῖς

117 1527 121 1530 ’
148 1524 319 1605 βάλλοντες
347 1529 402 1589 καί
436 1529 641 1608 πανταχόθεν
671 1528 937 1608 περιβομβοῦντες
962 1523 1017 1588 καί
1036 1516 1281 1609 περιφοβοῦνὲ

148 1647 199 1697 τες
223 1624 349 1706 αῦτοός,
373 1622 416 1700 τός
438 1622 523 1690 άπαν
537 1628 803 1709 διανυκτερεῦσαι
824 1625 1030 1713 η’νεῳμμένοις
1052 1630 1107 1689 καί
1127 1621 1253 1709 α’χράπ-

149 1748 216 1800 νοις
240 1734 306 1799 τοῖς
330 1721 468 1805 ὄμμασι·
510 1730 557 1801 τίς
571 1726 632 1808 γάρ
655 1720 695 1788 άν
715 1724 770 1788 καί
792 1718 875 1806 εἶχεν
894 1726 938 1800 εἷς
959 1719 1057 1789 ῦπνσν
1082 1728 1252 1810 τραπῆναι,

150 1826 209 1887 τοῦ
240 1824 389 1888 κινδύνου
411 1825 469 1908 τήν
493 1820 658 1911 ῥομφαίαν
678 1827 878 1907 ἐσπασμένην
906 1824 1080 1908 μονονοοχί
1105 1826 1253 1909 προδεικ-

107 1922 290 1999 ς5νάοντος.
835 2004 840 2011 ,

256 2025 305 2091 Ου’
324 2025 390 2110 μην
420 2027 489 2092 ἀλλ’
512 2028 581 2099 oo’d’
601 2030 646 2101 εἰς
667 2023 723 2109 τήν
754 2028 908 2092 ἐπιοῦσαν
930 2031 1055 2111 ἡμέραν
1076 2033 1131 2113 τῆς
1152 2026 1253 2093 ἱππα-

152 2126 227 2200 σίας
247 2127 303 2190 καί
320 2131 373 2211 τῆς
396 2132 442 2201 εἰς
462 2127 572 2212 μάχην
586 2125 786 2210 προκλήσεως
806 2124 920 2211 ἔληξαν
939 2125 969 2192 οἱ
990 2130 1147 2208 πολέμιοι,
1170 2125 1251 2197 άλλά

152 2228 206 2290 καί
225 2226 279 2291 τόν
302 2225 420 2305 ἔξωθεν
440 2231 661 2313 παραρρέοντα
676 2227 820 2308 ποταμόν
842 2223 900 2313 ἐφ’
920 2224 1053 2303 ἐαυτοάς
1074 2225 1251 2313 ποιησάμε-

150 2351 199 2392 νοι
228 2332 316 2410 δίψει
345 2330 613 2414 παραστήσασθαι
644 2327 923 2410 τοῦςῬωμαίοιις.
951 2332 1175 2414 ἐφιλονείκουν.
1218 2332 1252 2395 ἐν

107 2430 251 2516 ρηταῦτη
274 2432 309 2493 db
328 2435 365 2518 τῇ
386 2431 489 2520 ῆμέρςι
507 2430 606 2513 μοῖρά
629 2453 678 2503 τις
699 2426 865 2511 Σκυθική,
887 2428 1021 2515 ἔξαρχον
1041 2428 1160 2512 ἐχοιισα
1185 2435 1252 2495 Ta·
1295 2468 1305 2511 ς
1360 2484 1364 2495 .

150 2534 204 2612 μίν
225 2556 295 2595 τινα
324 2530 631 2619 κατονομαζόμενον,
661 2538 727 2606 τοῖς
746 2533 900 2607 ἐναντίοις
926 2530 1122 2616 προσερρῦη·
1173 2526 1249 2613 ῦπερ

152 2632 207 2695 οῦκ
229 2634 275 2707 εἰς
296 2631 413 2717 μικράν
429 2633 568 2716 opertae
588 2631 663 2710 τοῦς
678 2630 856 2714 Ῥωμαίους
875 2634 1031 2716 ἐνέβαλεν,
1052 2630 1251 2697 ῦποπτεῦον-

141 2788 147 2799 '
223 2816 251 2873 4.
271 2819 470 2893 ἐμακάριζονλ

154 3016 251 3069 mnltns
269 3019 397 3101 incertus,
424 3024 450 3069 et
467 3018 500 3069 ab
514 3020 585 3071 omni
602 3026 678 3087 parte
692 3017 814 3085 pericula
828 3024 855 3069 et
868 3014 945 3069 turba
960 3014 1132 3085 apparebant,
1144 3029 1251 3070 omnes-

156 3105 205 3156 que
225 3090 292 3141 mori
312 3090 446 3142 malebant
464 3106 541 3157 quam
566 3090 646 3142 talem
668 3091 761 3143 videre
780 3096 980 3156 tempestatem.
1006 3096 1085 3158 atque
1112 3088 1179 3140 haee
1197 3104 1251 3141 non

156 3161 247 3212 videre
266 3170 295 3212 ut
314 3162 421 3213 fortuna
439 3162 603 3227 habebatur,
635 3163 722 3230 iisqne
747 3162 794 3230 qui
815 3160 869 3245 tale
887 3175 940 3212 non
960 3159 1101 3225 videbant,
1128 3169 1251 3228 tanquam

153 3231 238 3284 beatis
256 3224 465 3301 gratulabantur.

251 3320 333 3373 Sed
326 3338 354 3372 rn
381 3321 431 3373 hac
450 3323 609 3375 difficultate
632 3322 800 3378 versantibus
826 3322 935 3375 Graecis
963 3336 1017 3373 non
1035 3327 1181 3388 potueruut
1198 3318 1250 3370 lo.
1273 3369 1300 3382 „.

154 3401 206 3445 stes
230 3407 357 3461 aggerem
382 3395 509 3446 invadere
534 3403 661 3448 caventes
690 3403 717 3445 et
741 3394 793 3461 ipsi
818 3394 945 3461 temporis
970 3393 1195 3476 importumtatem
1224 3398 1252 3441 et

154 3478 303 3514 communes
330 3463 503 3516 difficultates
528 3482 618 3517 secum
644 3466 802 3518 volventes:
828 3480 916 3533 neque
936 3479 1001 3517 vero
1031 3463 1064 3515 ab
1083 3465 1184 3530 impetu
1201 3462 1251 3513 de-

154 3535 286 3595 stiterunt,
304 3533 351 3582 sed
370 3550 418 3599 per
437 3543 517 3585 totam
554 3544 641 3587 oetem
668 3546 741 3589 extra
760 3552 856 3605 magno
882 3552 940 3587 cum
960 3535 1077 3587 elamore
1097 3531 1252 3601 equitabant

155 3611 180 3652 et
197 3602 475 3667 circumvehebantur‚
552 3621 659 3656 ecorum
678 3614 764 3658 castra
783 3621 860 3658 arcus
881 3605 995 3657 iactibus
1015 3614 1042 3657 et
1059 3605 1214 3656 machinis
1207 3618 1250 3653 ra-

155 3674 254 3724 eientea
273 3680 300 3723 et
319 3673 436 3740 undique
450 3676 674 3726 circumsonantes
692 3684 719 3726 et
730 3684 863 3727 terrentes
883 3690 939 3739 eos,
953 3674 993 3725 lta
1012 3682 1042 3724 ut
1059 3688 1150 3725 omnes
1169 3686 1250 3738 aper
1291 3691 1295 3701 ¹

154 3744 186 3793 tis
212 3752 238 3794 et
263 3745 402 3795 insomniis
427 3744 513 3795 oculis
537 3753 644 3795 noctem
668 3747 808 3812 degerent.
851 3746 910 3811 qais
940 3746 1010 3794 enim
1035 3758 1127 3795 somno
1147 3743 1250 3795 adverti

154 3821 252 3881 posset,
272 3812 394 3881 periculo
414 3814 530 3884 gladium
548 3823 649 3866 tantum
668 3830 722 3867 non
740 3816 859 3866 strictum
879 3816 1024 3865 minitante.

223 3903 461 3955 verumenimvero
479 3920 513 3954 ne
531 3905 653 3971 sequenti
670 3903 776 3971 quidem
796 3903 840 3955 die
860 3903 952 3955 hostes
970 3918 986 3953 a
1005 3903 1248 3973 circumequitando

155 3976 228 4026 etad
246 3974 375 4041 praelium
394 3975 550 4027 lacessendo
570 3975 740 4057 destiterunt,
762 3974 809 4028 sed
827 3982 965 4043 postquam
987 3976 1064 4025 etiarn
1080 3974 1177 4026 flumen
1198 3992 1248 4028 en-

155 4057 190 4099 tra
213 4045 406 4113 praeterduens
432 4055 612 4115 occuparunt,
639 4030 683 4097 siti
708 4046 824 4098 Graecos
853 4046 985 4098 subiicere
1009 4046 1157 4098 studebant.
1179 4047 1247 4100 -boo

154 4134 217 4172 tero
237 4120 281 4169 die
307 4133 402 4186 agmen
428 4120 575 4186 quoddam
584 4118 757 4184 Scytharum,
783 4119 850 4170 duce
869 4118 980 4185 quodam
1000 4118 1070 4169 lami
1089 4128 1195 4184 vocato,
1215 4121 1247 4172 ad

154 4191 241 4243 hostes
260 4190 370 4253 defecit,
390 4190 461 4257 quod
479 4204 573 4258 magno
587 4190 703 4242 Graecos
721 4188 889 4257 percellebat
906 4191 1010 4253 timore,
1030 4204 1109 4258 quum
1127 4190 1247 4257 reliquos

156 4264 229 4326 etiarn
248 4261 363 4329 Scythas
382 4263 434 4317 iam
452 4262 485 4315 ab
504 4262 556 4314 lroe
573 4267 695 4330 tempore
711 4269 837 4331 tanquam
864 4261 954 4317 bootes
973 4261 1107 4317 cumillis
1125 4276 1246 4315 convan-
