3017 4892
277 351 325 424 eu
567 351 789 423 urenasnrs
817 327 1077 418 amarioris

275 516 421 604 θάρρησε
447 515 483 582 τέ
509 513 709 598 Ῥωμαϊκόν,
743 511 835 580 καὶὸ
866 512 1019 610 βασιλεῦς
1041 515 1104 578 τάν
1124 514 1180 580 ε’πέ
1198 515 1253 598 τῆς
1274 513 1393 597 αάλῆς

276 621 331 686 ἕνα
354 615 531 705 στρατηγὸν
566 616 804 700 άναδεδειχοάς,
824 615 924 706 τοιξτηι
946 611 1004 690 τάς
1035 609 1202 697 ἑσπερίους
1224 609 1392 694 δυνάμεις

264 719 376 798 ,εάθές
399 717 582 803 ἐνεχείρισε.
634 715 690 782 καέ
708 713 744 793 ἐς
764 713 844 781 κατά
868 716 904 779 τὸ
936 711 1091 802 φροάριον
1111 715 1166 799 τῆς
1187 708 1414 797 Χαριοοιτά-,

276 828 354 898 λεως
376 817 510 904 γεγονώς
530 814 617 894 ἐκτάς
638 816 753 903 ταάτης
774 816 830 882 τὸν
849 812 977 900 χάρακα
1004 818 1138 880 τιθεται.
1180 809 1299 897 μαθάν
1320 804 1390 876 ουίι

277 919 320 999 ὥς
341 923 463 1004 πλῆθος
485 919 542 984 οιέκ
565 920 783 1004 εὐαρίθμητον
795 917 930 982 Σκυθῶν
948 907 1020 999 άρτι
1036 913 1220 1001 προσβαλάν
1239 911 1279 980 τά
1304 915 1391 998 περὶ
1399 921 1420 973 5

276 1018 333 1107 τήν
345 1021 494 1086 Χαλκίδα
518 1021 573 1086 καί
597 1017 861 1106 Ἀρκαέιοάπολιν
875 1016 930 1080 καὶ
949 1010 1011 1081 ὅσα
1026 1014 1246 1101 δυσμικάτερα
1259 1014 1390 1080 τοάτων

276 1117 426 1206 ληιζεται,
440 1113 522 1207 άρας
533 1122 655 1186 ἐκεῖθεν
667 1118 866 1205 πανστρατιᾷ
887 1125 954 1194 τοῖς
971 1113 1150 1200 βαρβάροις
1166 1123 1388 1200 καταπληκτι-

276 1224 339 1298 siric
360 1221 587 1308 ἐπιφαίνεται·
630 1223 685 1286 καί
706 1217 765 1296 τοὶς
790 1216 959 1303 φάλαγγας
980 1215 1110 1297 ἐκτάξας
1131 1219 1308 1300 πολεμικάς
1327 1216 1390 1281 κατ’

276 1326 410 1407 θαρρεῖν
429 1319 730 1408 παρεγγοησάμενος
748 1316 811 1383 α’πὸ
832 1315 968 1404 ῥυτῆρος
982 1312 1102 1405 ἤλαυνε
1120 1323 1189 1384 κατ’
1205 1320 1319 1383 ου’τοῖν.
1351 1313 1386 1380 οἱ

278 1423 314 1488 δέ
330 1421 411 1508 πρὸς
431 1421 544 1517 καιρὸν
566 1421 767 1516 α’ντισχάντες
780 1426 835 1488 κατ’
851 1419 907 1507 τὴν
918 1415 1028 1505 μάχην
1042 1418 1305 1501 ἐπιουνάψαντες,
1326 1418 1386 1485 κατ’
1397 1425 1434 1478 10

277 1527 322 1602 εἶς
343 1521 441 1610 α’λιιὴν
467 1521 703 1608 διερεθάσαντες
732 1517 876 1600 ἔαυτοάς,
895 1522 960 1585 τάν
973 1520 1142 1598 Ῥωμαίων
1174 1519 1383 1602 ἐπικειμένων

276 1625 332 1692 καὶ
352 1621 488 1701 πολλοάς
512 1621 727 1708 άναιροάντων
742 1623 787 1698 εἷς
812 1622 919 1710 φυγὴν
939 1619 994 1686 καὶ
1013 1612 1141 1697 άκοντες
1161 1616 1303 1686 ἔνευοαν.
1326 1618 1387 1685 καὶ

277 1729 335 1811 τῆς
356 1726 494 1806 διώξεως
515 1721 570 1790 ἐπὶ
587 1726 667 1789 nolo
693 1727 861 1808 γενομένης
881 1723 998 1806 συχνοὶ
1015 1724 1079 1787 τάν
1102 1724 1236 1787 Σκυθῶν
1257 1718 1381 1790 ἔπεσον.

278 1821 345 1894 εἶτα
367 1829 423 1894 καὶ
445 1823 535 1911 λάχοι
558 1825 681 1892 τούτων
705 1821 826 1911 α’θρόον
849 1833 916 1900 τοϊς
935 1827 990 1890 ἐπὶ
1009 1827 1065 1908 τῆς
1087 1824 1240 1907 ου’ραγέας
1263 1827 1383 1906 ἐπιχυ-

279 1940 387 2012 θέντες
408 1938 464 2000 κατ’
482 1936 577 2000 ου’τοὶ
598 1939 640 2022 τῇ
669 1939 757 2026 φορρῑ
777 1937 840 2001 raia
860 1931 1059 2000 ἐλαυνόντων
1080 1931 1284 2018 ἡττήθησαν·
1327 1932 1383 1997 κατ’
1394 1945 1427 1998 15

278 2023 394 2111 πάντες
431 2021 534 2118 ipos*
548 2034 815 2120 συνεδιώχθησαν
849 2025 928 2120 άχρι
960 2030 1224 2101 τοάῬεντακέου
1251 2037 1381 2115 βουνοῦ.

139 2161 160 2219 f,
180 2155 232 2217 174
247 2138 335 2216 hotot*
365 2139 396 2203 εἰ
429 2135 476 2220 μὴ
507 2143 572 2211 τοῖς
605 2137 738 2219 δρυμοῖς
770 2137 825 2202 κατ’
847 2143 916 2214 ταῖς
945 2135 1060 2210 νάπαις
1088 2133 1291 2222 κατέφυγον,
1323 2129 1383 2199 κάν

279 2237 397 2305 ἔκειντο
417 2235 539 2326 ,πάντες
577 2238 634 2322 τῆς
658 2235 844 2324 Ῥωμαῖκῆς
870 2241 1034 2325 μαχαίρας
1073 2237 1236 2322 γενόμενοι
1264 2262 1383 2323 ,παρα-

281 2335 425 2424 νάλοομα.
657 2333 660 2341 ⁴

384 2445 504 2508 Totiens
534 2443 569 2508 δέ
593 2433 654 2508 Ιτὸν
689 2440 807 2527 τρόπον
843 2445 1103 2530 προτερησάντων
1125 2445 1189 2508 τάν
1205 2441 1428 2526 ‘Populonio

280 2544 362 2628 μετὰ
389 2543 505 2630 χρόνον
526 2545 597 2610 τινά
621 2541 712 2632 φήμη
734 2569 783 2619 τις
807 2542 964 2629 ἐπιτρέχει
995 2544 1071 2624 τούς
1096 2546 1224 2619 Σκύθας
1248 2548 1382 2628 λέγουσιν

280 2645 360 2729 μετά
382 2642 549 2727 δυνάμεως
569 2645 675 2729 ἱκανῆς
699 2651 916 2729 παρεμβαλεῖν
938 2646 983 2721 εἰς
1006 2643 1062 2712 τόν
1086 2641 1275 2725 Τοπλιτζάν·
1328 2641 1382 2711 ro'-

281 2769 340 2825 πος
361 2749 397 2813 δὲ
422 2738 516 2824 οὗτος
539 2747 580 2811 οά
598 2745 714 2833 μικράν
740 2740 861 2813 inciso
889 2748 945 2832 τῆς
959 2740 1257 2833 Ἀἐριανουπάλεως
1275 2748 1383 2829 νιεέμι-

141 3054 145 3066 “
254 3065 258 3072 ·
284 3047 378 3102 Graeci
406 3056 432 3101 et
456 3063 504 3100 rex
533 3061 567 3100 ex
592 3045 736 3102 curialibus
761 3062 843 3100 unum
872 3047 966 3100 ducem
993 3062 1087 3100 creans
1113 3047 1178 3100 hnic
1203 3045 1381 3102 occidentales

259 3121 356 3204 pvires
381 3121 467 3172 statim
491 3119 616 3172 tradidit*
650 3130 731 3190 atque
760 3120 805 3171 hic
829 3121 857 3171 in
888 3119 1000 3173 castello
1026 3120 1196 3188 chariopolis
1226 3121 1381 3173 constitutus

255 3219 257 3226 ·
284 3199 360 3242 extra
378 3189 447 3242 hanc
465 3190 566 3242 vallum
579 3193 652 3244 iacit.
691 3207 750 3243 curn
769 3192 851 3259 igitur
869 3192 1029 3255 audivisset,
1048 3192 1242 3244 multitudinem
1260 3193 1380 3243 innume.

283 3261 395 3314 rabilem
409 3261 565 3326 Scytharum
582 3277 670 3328 nuper
680 3277 835 3332 aggressam
853 3266 980 3331 regiones
999 3263 1133 3317 Chalcidis
1153 3272 1181 3314 et
1198 3263 1380 3330 Arcadiopolis

285 3340 311 3383 et
331 3347 398 3399 quae
418 3332 459 3385 his
478 3333 561 3402 magis
581 3334 613 3384 ad
635 3335 801 3385 occidentem
820 3343 880 3387 sunt
898 3349 977 3387 versa
996 3334 1131 3402 spoliare,
1158 3335 1297 3403 proiectus
1321 3335 1381 3385 inde

285 3419 344 3455 cum
362 3411 417 3462 toto
436 3405 555 3455 exercitu
567 3403 685 3457 barbaris
704 3413 808 3457 terrens
828 3414 952 3473 apparete
969 3414 997 3457 et
1014 3415 1153 3476 postquam
1173 3406 1319 3474 phalanges
1338 3406 1380 3455 in.

284 3475 381 3526 struxit
400 3474 432 3526 ad
450 3473 551 3526 bellum
571 3484 597 3527 et
616 3483 644 3526 ut
664 3476 747 3528 fortes
768 3486 859 3529 essent
876 3478 978 3529 monuit
996 3480 1072 3545 equis
1091 3479 1210 3530 incitatis
1228 3477 1379 3544 proficisce-

284 3545 363 3597 batur
386 3553 479 3598 contra
505 3561 569 3598 eos:
596 3547 639 3598 illi
663 3555 751 3599 autern
777 3549 944 3615 intempore
963 3551 1120 3602 resistentes
1139 3557 1298 3618 etpngnam
1318 3562 1382 3598 con-

230 3639 232 3644 ·
284 3626 406 3670 serentes
427 3625 454 3670 ot
471 3616 504 3669 ad
523 3619 704 3671 fortitudinem
725 3622 873 3673 excitantes
892 3635 937 3686 se,
963 3637 1022 3671 cum
1043 3620 1139 3673 Graeci
1157 3621 1192 3673 iis
1211 3622 1340 3671 instarent
1355 3625 1382 3668 et

283 3689 383 3742 multos
409 3689 604 3755 interficerent,
630 3691 656 3741 in
684 3691 773 3761 iugum
791 3693 837 3745 rel
857 3693 935 3745 inriti
954 3691 1125 3743 inclinarunt.
1164 3700 1269 3742 etcum
1289 3704 1381 3758 perse-

283 3761 356 3812 cutio
383 3760 462 3815 valde
486 3753 564 3814 ii'eret
588 3763 663 3813 multi
689 3761 847 3830 Scytharum
874 3765 1043 3816 ceciderunt:
1067 3764 1165 3815 deinde
1182 3762 1263 3813 etiam
1282 3762 1381 3830 agmina

282 3830 376 3882 horum
391 3832 469 3884 simul
487 3841 579 3885 contra
596 3834 704 3886 ultimos
723 3836 807 3888 effusa
827 3836 923 3902 etipsa
937 3835 965 3886 vi
982 3835 1195 3903 aggredientium
1213 3834 1286 3886 victa
1308 3839 1380 3885 sunt:

284 3908 311 3951 ot
335 3914 425 3954 omnes
449 3904 526 3954 simul
553 3904 625 3971 pulsi
653 3915 714 3958 sunt
739 3922 825 3973 usque
845 3906 878 3957 ad
897 3905 1056 3956 llentalrium
1085 3905 1200 3957 collem:
1229 3912 1309 3973 atque
1333 3903 1381 3953 nisi

282 3971 315 4022 ad
333 3971 416 4055 siluas
436 3981 463 4024 et
486 3973 573 4028 valles
594 3977 789 4045 confugissent,
809 3977 956 4027 iacuissent
973 3990 1068 4029 onmes
1089 3977 1187 4031 Graeci
1215 3976 1300 4044 gladii
1323 3973 1382 4026 iacti

283 4055 432 4110 opsonium.

381 4129 439 4183 lloc
458 4139 547 4184 autem
571 4135 649 4186 modo
676 4149 735 4185 cum
755 4135 911 4201 superiores
931 4133 995 4186 iacti
1016 4143 1107 4189 essent
1127 4135 1239 4201 Graeci,
1267 4143 1382 4201 tempore

281 4199 372 4270 aliquo
396 4203 548 4270 postrema
568 4207 696 4274 quaedam
715 4207 848 4273 percurrit
861 4203 974 4272 Scythas
993 4208 1084 4260 dicens
1105 4223 1164 4259 cum
1183 4209 1211 4261 vi
1237 4206 1382 4259 sufficiente

281 4273 401 4330 incidere
418 4275 446 4328 in
456 4273 605 4345 Toplitrum
625 4277 717 4347 (locus
730 4286 820 4330 antem
839 4276 883 4329 hic
900 4292 955 4332 non
971 4280 1096 4348 exiguum
1115 4279 1192 4335 uhest
1209 4278 1380 4334 uhAdriono-
