3017 4892
270 323 341 399 tta
575 310 799 420 musalms
822 249 1086 386 rumonus

259 521 322 566 ’ται
344 493 455 581 τοίχας.
506 499 674 578 περιέσχον
707 486 772 574 γὰρ
798 485 882 574 ἡμᾶς
908 485 1019 563 ῶδῖνις
1052 487 1209 567 θανάτου,
1232 483 1324 551 κατέ
1352 508 1397 551 τε

266 603 372 666 πᾶσαν
393 593 479 662 έῶαν
500 595 554 660 καί
573 591 630 677 τὴν
650 586 789 675 ἑσπέραν
816 591 887 677 τῶνι
901 591 933 653 Γ
931 590 1067 653 οτθικῶκ
1089 586 1144 651 καί
1163 588 1396 673 μιαρωτάτων

266 700 542 785 ἐπικρατησάντων
568 698 679 779 έθνῶν,
701 697 755 759 καί
775 689 1086 777 κατατρυφησοίντων
1105 691 1161 773 τῆς
1181 689 1276 773 ἡμῶν
1298 688 1395 772 adsp-
1501 660 1503 744 ί

267 803 358 877 θείας
388 794 597 885 ἢδμολτίας,
620 792 642 881 ἢ
663 798 700 861 τί
722 820 758 878 γε
787 794 996 879 ἀληθέστερον
1020 793 1142 872 εἰπεῖν,
1160 794 1392 872 θεοβλαβείας

268 900 324 969 καί
341 907 473 983 μανίας,
500 894 550 965 ὅτι
583 902 649 963 κατ’
677 898 822 981 ἀλλήλων
848 887 1019 969 λυττῶντες
1047 892 1103 957 καί
1130 888 1281 975 ἇκρατῶς
1311 899 1418 965 τοῖςίι
1500 849 1503 939 ί

270 999 444 1089 ὁμοφύλοις
466 997 644 1084 μαχόμενοι
677 1001 732 1063 καί
761 998 919 1076 θανάτου,
941 996 1227 1081 καταφρονοῦντες,
1251 994 1290 1057 έν
1312 1000 1391 1068 τοῖς

270 1102 464 1189 ἀλλοφύλοις
479 1104 640 1181 -νιολέμοις
672 1101 771 1163 δειλοί
801 1099 855 1161 καί
878 1094 1043 1169 ἀνάλκιδες
1074 1098 1129 1159 καί
1141 1090 1210 1177 πρὸ
1230 1096 1387 1175 πολέμου

269 1202 354 1267 νῶτα
374 1203 536 1277 διδοέντος
558 1194 754 1287 φαινόμεθα.

365 1293 466 1368 Ἀλλὰ
486 1304 588 1367 ταῦτα
609 1303 668 1382 μὲν
690 1296 784 1364 ἱκανοὶ
806 1298 886 1381 πρὸς
907 1286 1030 1380 ἄνδρας
1050 1294 1151 1361 πολλὰ
1172 1297 1229 1360 καί
1248 1292 1283 1372 ἐξ
1306 1294 1388 1357 ὀλέ-

269 1428 332 1488 χων
365 1406 561 1483 δυναμένους
592 1408 675 1465 νοεῖν
704 1400 759 1465 καί
792 1406 942 1485 προνοεῖν.
966 1402 1026 1461 τοῦ
1047 1400 1277 1483 συμφέροντος.
1334 1395 1426 1461 εέ-Ιί

268 1506 439 1578 στλθόντος
471 1504 505 1565 δέ
534 1506 607 1566 -τοῦ
639 1505 808 1585 Καίσαρος
840 1501 909 1582 καίΙ
929 1496 1148 1582 παραστάντος
1175 1498 1219 1584 τῷ
1244 1500 1391 1579 βασιλεῖ

269 1601 374 1685 ἔμεινε
396 1607 455 1684 μέν
478 1602 597 1686 ἡσυχία
625 1608 689 1679 τοῖς
710 1602 895 1683 βασιλείοις,
915 1596 968 1662 καί
999 1595 1104 1677 ἔδοξεν
1125 1595 1142 1661 ὅ
1164 1599 1292 1682 κρατῶν
1313 1586 1385 1678 ἤδη

270 1707 520 1790 κατωρθωκέναι
547 1701 582 1766 τὸ
605 1706 680 1785 πᾶν,
703 1707 784 1786 πλὴν
806 1696 882 1767 ὅσον
912 1699 1052 1781 ἀπέτυχε
1082 1696 1117 1763 τδ
1137 1697 1183 1782 μὴ
1205 1696 1260 1762 τδν
1275 1694 1384 1777 Ῥους

269 1808 374 1870 σέλιον
398 1802 431 1870 έν
450 1809 545 1891 χερσί
567 1809 674 1887 λαβεῖν
697 1807 752 1869 καί
774 1801 973 1884 α’μιίνασθαι.
1019 1796 1074 1884 τῆν
1094 1797 1156 1885 γὰρ
1180 1801 1246 1863 τῶν
1270 1796 1382 1881 Τοδρ-

232 1928 235 1938 ¹
269 1930 333 1969 κων
354 1902 433 1983 κατὰ
464 1908 528 1969 τῶν
545 1905 713 1987 Ῥωμαίων
748 1902 986 1986 ἐπιστρατείαν,
1017 1902 1073 1964 καί
1101 1897 1136 1964 od
1168 1898 1381 1984 σφάττεσθαι
1390 1917 1423 1969 15
1501 1937 1502 1962 r

269 2008 420 2070 τοσοῦτον
442 2010 529 2089 γένος
551 2009 767 2088 Χριστιανῶν,
789 2006 843 2068 καί
864 2006 1022 2091 δῃοῦσθαι
1045 2002 1153 2082 κώμας
1176 1998 1232 2064 καί
1251 1998 1381 2082 χῶρος,

269 2106 325 2167 καί
356 2095 457 2188 ἄρδην
485 2104 665 2170 α’νιίστατον
698 2102 754 2187 τήν
772 2098 864 2175 έῶαν,
879 2099 1037 2188 δρᾶσθαι,
1060 2103 1103 2189 τῇ
1125 2104 1185 2182 μὲν
1205 2102 1382 2186 σφαζομές

270 2228 332 2269 νων
362 2203 592 2289 ἀναριθμήτων
624 2200 804 2289 ἀνθρώπων
829 2209 873 2292 πῇ
903 2206 938 2268 δὲ
969 2204 1309 2287 αἰχμαλωτιζομένων,
1339 2202 1380 2263 έν

271 2307 408 2394 δευτέρῳ
428 2309 558 2371 ἐτίθετο.
605 2303 621 2369 ὃ
645 2309 680 2371 δέ
702 2331 736 2389 χο
751 2307 941 2383 Ῥοοσέλιος,
968 2307 999 2369 τί
1018 2304 1072 2369 καί
1095 2302 1125 2367 οἱ
1150 2306 1285 2385 Τοῦρκοι
1307 2304 1379 2365 διε.

216 2462 218 2465 .
271 2411 447 2487 σπασμίνοι
469 2406 549 2491 πρὸς
571 2410 671 2474 πάντα
706 2404 743 2473 τοὶ
764 2405 924 2486 Ῥωμαϊκδ
947 2404 1121 2488 ἐτύγχανον
1142 2404 1281 2484 θέματα,
1305 2404 1420 2467 dtt’ao

272 2503 372 2581 αδτδς
393 2502 475 2589 ἄρας
499 2511 533 2572 ἐκ
551 2514 608 2575 τοῦ
628 2513 683 2594 τῆς
708 2511 900 2591 Μεταβολῆς
922 2510 1081 2594 φρουρίου
1102 2503 1185 2586 μετὰ
1205 2505 1268 2569 τῶν
1290 2504 1377 2568 διιο-

270 2610 467 2693 λιιφθέντων
490 2608 647 2695 Φράχχων
678 2612 883 2694 στρατιωτῶν
908 2609 1037 2692 καὶτῆς
1059 2602 1214 2673 συνεδνοο
1234 2603 1292 2669 καί
1310 2608 1377 2670 τῶν

271 2709 388 2800 τέκρων
400 2713 454 2773 καί
468 2713 529 2775 τῶν
551 2707 757 2797 ὑπαρχόντων
773 2710 860 2794 crispi
881 2707 935 2772 διὰ
955 2710 1055 2793 μέσης
1075 2710 1130 2792 τῆς
1142 2704 1252 2792 χώρας
1274 2706 1377 2789 dept-

343 2902 369 2955 6.
388 2902 504 2977 θαντίτρν
525 2871 555 2959 (δέ

271 3075 336 3136 gant
355 3068 483 3121 fortunas.
522 3075 664 3120 tenuerant
683 3067 753 3118 enim
777 3081 828 3119 nos
855 3066 967 3120 dolores
988 3068 1090 3131 mortis,
1117 3068 1144 3118 in
1170 3068 1241 3118 omni
1267 3069 1374 3119 oriente

203 3190 211 3197 ,
271 3147 351 3208 atque
370 3140 509 3191 occidente
529 3139 648 3193 Gothicis
669 3145 696 3189 et
714 3138 913 3190 scelestissimis
937 3138 1133 3190 dominantibus
1151 3137 1269 3206 populis,
1289 3146 1316 3189 et
1324 3138 1373 3190 lu.

272 3210 437 3271 xuriantibus
457 3218 548 3261 nostra
567 3210 737 3275 simplicitate
764 3212 823 3261 sive
849 3210 1017 3277 negligentia
1042 3212 1116 3274 sive,
1135 3212 1162 3261 id
1186 3210 1258 3278 quod
1282 3213 1373 3262 verius

273 3288 314 3332 cst
331 3294 437 3343 nornen,
457 3282 552 3331 mentis
572 3279 769 3331 abalienatione
790 3289 817 3331 et
835 3282 948 3344 insania,
967 3283 1029 3349 quia
1058 3291 1150 3333 contra
1179 3296 1230 3334 nos
1257 3283 1373 3333 invicem

272 3351 393 3403 furentes
412 3358 438 3401 et
456 3352 618 3417 impotenter
637 3368 695 3401 eum
714 3354 835 3419 cognatis
854 3361 1002 3421 pugnantes
1023 3362 1050 3404 et
1067 3352 1178 3404 mortem
1197 3361 1372 3405 contemmen-

271 3430 324 3486 tes,
343 3424 470 3474 tamenin
488 3421 584 3474 alienis
603 3422 684 3475 bellis
703 3423 795 3491 ignavi
814 3432 841 3476 et
850 3425 947 3476 inlirmi
960 3433 988 3477 et
1006 3433 1068 3477 ante
1081 3423 1184 3476 bellum
1194 3432 1271 3493 terga
1280 3426 1372 3477 dantes

271 3509 440 3560 apparemus.

373 3590 425 3645 Sed
445 3590 511 3641 haec
530 3592 668 3644 sufficiunt
686 3595 752 3645 viris
771 3593 854 3647 multa
873 3601 1005 3663 etlpauca
1023 3592 1185 3658 valentibus,
1204 3602 1234 3645 ut
1253 3594 1372 3660 cogitent

272 3672 299 3716 ct
317 3662 481 3732 prospiciant
500 3663 618 3715 utilitati.
657 3682 715 3717 cum
735 3674 822 3717 autem
842 3665 940 3718 Caesar
957 3667 1094 3733 ingressus
1114 3674 1186 3716 esset
1204 3673 1231 3716 et
1254 3665 1373 3717 adstitis-

271 3745 313 3791 set
330 3737 400 3804 regi,
420 3736 542 3787 manebat
567 3738 746 3805 tranquillitas
774 3739 875 3807 regiae,
896 3746 922 3788 et
940 3739 1015 3788 visus
1036 3744 1075 3788 est
1101 3738 1221 3807 dominas
1240 3738 1290 3788 iarn
1309 3752 1371 3803 per.

270 3816 392 3876 petrasse
412 3810 508 3871 omnia,
529 3810 580 3861 nisi
601 3811 669 3878 quod
699 3812 796 3860 cinon
827 3810 910 3860 cessit
937 3817 966 3860 ut
984 3808 1123 3860 Ruselium
1143 3810 1170 3859 in
1189 3824 1281 3860 manus
1300 3810 1371 3859 reci.

271 3888 350 3945 peret
369 3887 395 3931 et
414 3879 578 3932 defenderet.
617 3882 759 3933 'lurcorum
786 3882 855 3931 enim
875 3888 967 3931 contra
987 3881 1103 3932 Graecos
1130 3881 1327 3947 expeditionem
1346 3888 1373 3931 et
1408 3891 1414 3902 ‘

174 3988 178 4000 .
252 3950 398 4017 ιιτιιοίδιιτί
426 3956 526 4001 tautum
551 3968 635 4018 genus
662 3952 871 4006 Christianorum
898 3959 925 4001 et
950 3954 1049 4003 vastari
1074 3967 1159 4019 pagos
1185 3959 1212 4002 et
1234 3960 1318 4002 terras
1347 3959 1375 4002 et

255 4018 391 4072 ilunditus
410 4021 543 4072 desertum
564 4027 693 4076 orientem
704 4025 815 4091 adspici,
836 4021 895 4073 cum
913 4021 957 4074 hic
976 4024 1173 4075 trucidarentur
1191 4020 1373 4075 innumerabi.

272 4089 313 4145 les
333 4089 462 4154 homines,
482 4091 540 4142 illio
561 4097 660 4162 captivi
684 4096 794 4157 flerent,
814 4094 942 4145 inferiore
968 4094 1030 4147 loco
1056 4095 1181 4162 ponebat.
1221 4096 1267 4147 sed
1285 4094 1373 4145 auae.

252 4161 325 4236 3lius
341 4161 462 4230 quidam,
489 4162 555 4215 licet
573 4166 672 4219 Turcae
695 4166 809 4233 dispersi
828 4174 919 4217 essent
944 4183 993 4234 per
1017 4181 1108 4218 omnes
1129 4168 1290 4221 Graecorum
1307 4179 1373 4230 pro.

254 4234 387 4299 *vinciam
407 4232 464 4299 ipse
484 4241 557 4286 certe
576 4240 713 4304 protectus
732 4254 747 4289 a
765 4236 898 4290 ldetabole
924 4238 1038 4292 castello
1063 4253 1122 4289 cum
1141 4237 1247 4292 relictis
1266 4236 1372 4291 Francis
