3017 4892
455 367 515 388 ·‘
591 377 866 478 merome·
952 378 956 384 ’
1203 379 1259 464 ,οε

160 545 302 610 κολάκων
322 539 542 622 νεανιεύματα.
586 539 765 626 άπόπειραν
788 543 825 606 δὲ
844 541 902 625 τής
926 542 1028 606 ου’τοό
1047 547 1262 626 προαιρέσεως

160 643 344 727 ποιεόμενος
358 641 374 706 ό
386 643 536 724 βασιλεύς
547 665 635 718 τινας
652 643 876 727 μητροπόλεως
896 645 1108 725 προεστῶτας,
1131 638 1263 726 οόςξκαί

160 746 367 828 λογιωτέρους
382 746 445 808 τῶν
468 736 571 807 όλλωυ
586 745 762 826 ἐγίνωσκεν,
785 739 828 818 ῶς
842 740 939 806 αὐτόν
951 745 1138 808 α’ποστὲλλει
1153 747 1264 809 διαλε-

161 849 310 926 ξομένους
330 846 481 927 περὶτοῦ
502 841 560 926 τήν
582 843 680 927 τιμήν,
699 847 897 909 καταθέσθαι
918 841 974 907 κατ’
992 841 1035 924 μή
1062 841 1186 933 συνόόηι
1210 847 1266 908 καί

136 944 304 1032 δσυλλόηηι
319 952 492 1029 περιφανεῖ
510 943 761 1027 όημσσιευθήναι
773 941 813 1008 τά
827 945 895 1007 κατ’
911 944 1021 1007 ου’τοό.
1044 937 1207 1018 άνάλωτος
1228 945 1265 1009 δὲ

162 1041 286 1119 τούτοις
307 1043 422 1131 terete
443 1041 498 1108 καό
513 1043 786 1127 αἰτερότρεπτοςός
807 1043 846 1108 τά
858 1042 1007 1126 μάλιοτα,
1023 1045 1265 1128 και’πυρι’πνους

163 1145 222 1230 τήν
243 1148 390 1228 γλῶσσαν
410 1145 465 1209 κατ’
484 1145 544 1228 τήν
565 1145 678 1228 ὁρμήν,
701 1145 1096 1228 καταιόεσθήναιτοότους
1114 1147 1264 1229 πεποίηκε

163 1246 218 1311 κατ’
239 1244 343 1320 ἱκέτας
367 1243 447 1329 πρός
469 1245 507 1310 τὸ,
523 1242 707 1329 συμγνιόμες
726 1254 844 1327 τυχεῖν.
889 1243 1114 1320 ἐπανελθόντες
1136 1238 1194 1309 σόν
1215 1247 1265 1310 εῖ-

163 1353 233 1411 πεῖν
254 1349 352 1410 ἐκεῖνο
374 1345 454 1429 πρός
474 1346 531 1410 τόν
552 1348 721 1427 πέμψαντα
748 1348 989 1429 συνεστάλησαν
1019 1342 1170 1426 οόόαμῶς
1186 1342 1266 1428 “ήτ·

120 1447 301 1532 1οτήμεθα,
321 1449 457 1528 βασιλεῦ
465 1495 473 1528 ,
489 1431 665 1532 ἡττήμεθα,
685 1452 833 1531 κρείττων
855 1443 1031 1510 άπειλῶνό
1056 1442 1155 1532 οἷνήρ,
1183 1433 1267 1509 παν·

161 1547 213 1623 τός
237 1551 332 1632 λόγου
355 1550 409 1612 nul
432 1552 564 1622 πειθοῦς
585 1545 812 1630 ἰσχυρότερος,
843 1544 923 1610 attat
944 1551 999 1611 καί
1020 1551 1121 1630 λαβῆς
1141 1546 1267 1630 άπάσης

162 1651 266 1738 πολλῷ
280 1652 323 1738 τῷ
344 1647 485 1733 περιόντι
508 1646 675 1729 άνοότερος.
701 1649 732 1711 εἶ
753 1637 810 1709 ode
832 1648 875 1731 τῷ
896 1642 1093 1733 ἀνεπιλήπτῳ
1112 1645 1168 1710 κατ’
1188 1647 1268 1708 άκα-

163 1748 344 1837 ταγωνόστῳ
375 1746 585 1830 προσβάλλειν
615 1749 757 1825 ἐθέλεις,
778 1745 967 1826 άναλοηόζου
994 1743 1051 1828 τήν
1080 1737 1182 1828 ἧτταν
1213 1744 1269 1808 κατ’

163 1847 218 1913 τόν
241 1846 389 1913 ἐντεῦθεν
409 1845 617 1928 perducier?
658 1843 780 1910 τοότωυ
799 1845 944 1928 αἰιηκοῶς
977 1846 993 1909 ό
1013 1845 1168 1928 βασιλεός
1188 1845 1267 1912 σόν-

123 1948 239 2022 15νους
258 1939 298 2030 ήν
320 1950 376 2011 καί
394 1946 631 2032 πεφροντικώς,
662 1947 729 2022 πῶς
760 1944 815 2010 καὶ
841 1951 911 2010 τίνα
934 1945 1048 2029 τρόπον
1075 1953 1139 2024 τοῖς
1164 1949 1267 2030 πράμ-

164 2072 245 2130 μασι
264 2051 436 2131 χρήσαιτο.
488 2049 522 2112 ἑν
545 2050 588 2134 τῷ
614 2051 702 2134 μέσην
726 2049 762 2111 δὲ
783 2049 840 2111 rori
868 2051 947 2111 θεοό
975 2045 1168 2129 κρεῖττόντι
1187 2069 1266 2132 προ-

164 2153 378 2233 βλεψαμένου,
400 2149 434 2213 όν
456 2140 565 2236 εἰρήνη
588 2146 797 2228 μεταλλάττει
813 2145 849 2210 τό
873 2149 929 2230 ζῆν
950 2143 1163 2233 όάρχιερεός,
1186 2171 1267 2234 προ-

146 2245 333 2332 -θεωρήσας
361 2245 420 2331 τήν
448 2246 540 2312 θεόαν
560 2248 749 2332 μετάκλησιν
773 2249 815 2340 dt’
847 2247 937 2312 όσιόυ
959 2250 1014 2311 καί
1034 2251 1185 2331 μεγίστου
1208 2247 1269 2332 τήν

167 2346 286 2432 α’ρετήν
311 2348 403 2431 άγόου
436 2347 569 2434 α’νόρός,
596 2349 649 2412 κατ’
681 2340 731 2411 ότι
757 2357 823 2422 τοῖς
850 2351 885 2413 όν
916 2347 1048 2430 άσκήσει
1080 2354 1136 2414 καί
1159 2349 1267 2437 ἆγνεόρι

121 2446 416 2532 κοεόαρεστήσασιν
451 2451 638 2538 ἆναρόθμιος
666 2441 729 2530 τόν,
753 2451 893 2536 ἐνμέσῳ
926 2453 982 2532 τῆς
1010 2446 1137 2534 μνήμης
1159 2450 1267 2513 αότῶν

165 2549 226 2630 πρὸ
244 2547 298 2632 τής
326 2551 386 2614 τοῦ
406 2552 547 2637 σωτήρος
579 2549 670 2633 ήμῶν
688 2549 795 2634 Ἰησοό
822 2553 969 2631 Χριστοῦ
1000 2548 1053 2613 διά
1077 2553 1267 2634 φιλανθρω-
1314 2610 1320 2618 .

166 2651 241 2715 ιιιίιν
263 2647 546 2736 ἐντινθριοπήσεως,
565 2653 629 2714 τῶν
644 2651 797 2736 φθαρτῶν
809 2653 869 2714 ’κατ’
887 2652 1044 2733 ἐπικήρων
1060 2649 1119 2732 τήν
1132 2645 1267 2734 άφθαρ-

165 2773 217 2816 τον
240 2748 324 2835 ζωήν
347 2753 402 2816 rel
419 2749 602 2835 άνῶλεθρον
622 2748 884 2815 οἷνταλλάττεται.
936 2751 991 2813 κατ’
1012 2755 1132 2834 προέβη
1149 2750 1188 2815 τά
1210 2752 1267 2834 τῆς

166 2851 371 2939 προρρήσεως
394 2855 614 2930 τελειωθέντος
635 2851 710 2916 κατ’“
726 2852 847 2926 ε’κεόνας
866 2849 925 2926 τάς
947 2849 1069 2937 ήμόρας
1089 2851 1145 2916 τοῦ
1165 2849 1266 2938 ’άρχι-

237 3036 262 3091 6.
283 3043 439 3109 περιιινουε
458 3038 488 3094 G·

165 3210 299 3262 deutiores
318 3210 417 3262 ceteris
434 3206 578 3273 iudicabat,
597 3209 630 3260 ad
648 3223 707 3260 eum
725 3207 815 3274 mittit,
834 3208 879 3277 qui
899 3223 956 3259 cum
977 3223 1013 3260 eo
1029 3213 1141 3275 agerent
1159 3205 1192 3258 dc
1204 3208 1266 3277 dig.

166 3283 249 3332 nitate
268 3281 433 3348 deponenda,
452 3296 523 3333 neve
543 3289 679 3332 conventu
699 3289 725 3333 ct
745 3281 860 3333 concilio
880 3279 988 3348 publico
1007 3295 1076 3349 quac
1096 3288 1187 3332 contra
1207 3296 1266 3332 eum

166 3353 376 3421 divulgarentur.
406 3354 522 3405 invictus
542 3362 630 3404 autem
649 3351 690 3405 his
710 3368 840 3420 apparens
860 3361 886 3403 et
905 3354 1026 3403 immotus
1045 3353 1157 3403 maxime
1177 3360 1204 3403 et
1223 3353 1265 3405 el.

166 3424 243 3476 datus
262 3424 355 3492 lingua
374 3433 402 3474 et
419 3427 520 3491 impetu
539 3432 568 3474 ut
587 3425 700 3492 puderet
721 3439 768 3474 eos
788 3424 861 3488 fecit,
882 3433 909 3476 et
928 3431 1035 3476 orarent
1053 3432 1082 3474 ut
1100 3425 1152 3475 eibi
1170 3425 1266 3493 ignos-

170 3504 258 3548 ceret.
278 3496 382 3567 reversi
399 3497 481 3563 igitur
500 3497 638 3562 quominus
665 3494 733 3547 illud
751 3496 872 3546 dicerent
888 3495 921 3546 ad
945 3497 1091 3547 mittentem
1110 3496 1266 3547 retineban-

165 3577 208 3619 tur
225 3565 302 3615 nullo
327 3565 421 3615 modo:
446 3566 513 3616 uicti
537 3582 641 3629 sumus,
667 3581 730 3628 rex,
758 3567 823 3617 victi
842 3581 950 3629 sumus,
968 3567 1066 3618 melior
1084 3575 1125 3618 est
1141 3568 1266 3618 minitans

166 3640 218 3698 vir,
237 3634 308 3684 omni
328 3636 451 3684 oratione
470 3643 498 3685 et
515 3637 596 3686 suada
614 3636 738 3698 validior,
759 3636 806 3686 sed
825 3638 904 3686 etiam
921 3637 1073 3703 infimitate
1093 3639 1163 3687 omni
1182 3638 1266 3687 multo

167 3705 298 3772 superior·
334 3703 429 3770 quodsi
456 3703 547 3769 probri
580 3711 714 3768 expertem
747 3712 774 3754 et
796 3705 925 3756 inuictum
953 3707 1063 3771 aggredi
1088 3708 1147 3768 vis,
1172 3713 1267 3772 reputa

167 3777 269 3830 cladem
296 3781 322 3824 et
345 3773 408 3824 inde
434 3781 635 3824 consecuturam
660 3774 859 3838 poenitentiam.
903 3773 944 3823 his
971 3774 1066 3826 auditis
1084 3789 1133 3826 rex
1151 3776 1267 3843 prudeus

167 3849 248 3904 fiebat
272 3853 300 3896 et
318 3846 462 3912 cogitauit,
489 3845 621 3912 quomodo
640 3843 719 3895 rebus
738 3849 868 3894 uteretur.
904 3846 1007 3894 interea
1032 3850 1118 3896 autem
1135 3848 1188 3898 deo
1206 3863 1267 3897 me.

167 3921 219 3972 lius
245 3917 308 3987 quid
331 3917 490 3982 providente
515 3916 543 3966 in
568 3929 636 3981 pace
654 3912 784 3981 relinquit
802 3914 883 3964 vitam
902 3915 1023 3980 pontifex
1041 3916 1167 3970 maximus
1187 3925 1267 3970 antea

167 3991 286 4044 sentiens
305 3987 422 4040 divinam
440 3987 610 4040 vocationem
629 3993 739 4053 propter
757 3985 795 4050 pii
815 3993 843 4036 et
859 3987 967 4036 maximi
986 3988 1111 4038 virtutem
1130 3991 1181 4042 viri
1201 4007 1265 4042 san.

168 4064 212 4125 cti,
233 4069 259 4112 ct
278 4059 348 4126 quod
367 4059 436 4109 inter
454 4065 588 4123 spectatos
607 4057 736 4109 exercitio
752 4064 780 4107 et
798 4058 939 4108 sanctitate
955 4067 1107 4112 numeratus
1125 4061 1266 4114 inmemo.

165 4135 207 4184 ria
233 4145 324 4182 corum
348 4143 397 4195 pro
426 4128 568 4182 salvatoris
586 4130 671 4180 nostri
690 4127 751 4180 lesu
771 4126 871 4181 Christi
890 4128 1004 4180 bumana
1023 4134 1142 4197 corporis
1161 4149 1265 4185 assum.

167 4206 258 4272 ptioue
282 4199 438 4253 mortalibus
464 4208 491 4250 et
515 4201 621 4253 caducis
646 4197 820 4251 immortalem
839 4201 920 4252 vitam
939 4210 966 4252 ct
985 4201 1156 4255 indelebilem
1173 4214 1265 4256 mutat.
1323 4232 1329 4244 ,

168 4283 196 4328 et
214 4276 305 4328 evenit
322 4272 486 4340 praedictum
505 4271 630 4326 defuncto
649 4270 705 4324 illis
723 4271 817 4325 diebus
837 4281 944 4340 pastore
962 4288 1073 4339 sommo,
1093 4282 1121 4327 et
1137 4289 1279 4346 torpor„

235 4384 317 4440 και.
337 4383 419 4439 εισι.
439 4383 506 4440 εει.
540 4463 545 4472 ἱ
1050 4386 1067 4441 5
