3017 4892
212 325 286 401 236
505 322 721 403 ΜλῦΗλῈίλὸ
750 320 1008 397 iuramento

210 492 342 573 ίλπίδας
363 493 420 582 τὴν
443 488 544 581 ἧτταν
566 497 630 559 τοῖν
654 492 744 559 ἰδίων
771 488 930 571 θεώμενος
961 489 1009 573 (όν
1030 490 1126 571 χερσί
1145 485 1209 571 γὰρ
1229 484 1325 573 ἔχειν

211 596 313 663 όδόιιει
335 595 393 681 τήν
414 594 511 683 νίκην,
531 592 587 661 καί
606 603 670 671 τοϊς
694 594 775 680 ἄμφ’
799 590 899 656 ου’τόν
918 592 1052 677 παρῄνει
1074 588 1213 673 ζωγρίαν
1237 586 1326 671 πρός

213 695 309 761 αότόν
329 695 382 762 τόν
404 698 466 761 τοῖν
487 697 654 778 Ῥωμαίων
668 697 805 776 βασιλέα
825 694 956 773 κομίσαι
978 687 1032 753 καί
1052 686 1095 772 μὴ
1119 690 1241 777 σιδηρρι
1265 710 1322 751 τε·

210 800 321 880 μεῖν),
344 799 579 880 α’μεταστρεπτί
589 798 593 805 ’
606 798 662 860 καί
688 791 785 869 αότός
803 795 849 868 είς
869 790 974 877 φυγήν
996 781 1147 873 ὅρμησε,
1170 791 1323 873 δρομαίῳ

141 894 146 899 ’
210 898 266 962 καί
290 894 459 961 όελλόποδι
481 896 565 987 irrupt
585 894 643 980 τὴν
663 890 780 960 ἑαυτοῦ
809 890 977 965 πιστεόσας
993 889 1192 973 ’σωτηριοίδη
1215 900 1350 953 nora-5

212 996 328 1081 φυγήν,
353 995 408 1060 τόν
431 995 502 1062 υίόν
526 991 627 1061 nitori
652 993 857 1079 Παγκρότιον
877 994 1029 1075 ε’νίχυρον
1056 987 1133 1063 δοός
1151 991 1194 1077 τῷ
1215 993 1318 1069 βασι-

158 1090 161 1097 ’
211 1100 263 1161 λεί
280 1099 403 1169 δοῦλον.
445 1099 593 1162 ἐντεῦθεν
621 1097 658 1161 τὰ
681 1093 807 1182 χρηστοὶ
830 1091 933 1157 πάντα
959 1099 1027 1165 τοῖς
1043 1087 1213 1169 Ῥωμαίοις
1232 1086 1317 1153 notui

210 1218 245 1260 τε
262 1195 373 1262 Ἀσίαν
393 1194 449 1261 καί
464 1193 626 1280 Ειίριόπην
644 1194 847 1279 συνήντησεν.
889 1193 1035 1256 ἐντεῦθεν
1058 1191 1101 1274 τῷ
1116 1186 1317 1275 Βοτανειότῃ

210 1293 244 1363 τό
268 1296 458 1381 περιβόητον
479 1294 534 1360 καί
556 1278 776 1384 περιλαμπρυν
807 1287 905 1373 ὄνομα
935 1285 1029 1375 καίῆ
1051 1288 1128 1374 πρὸς
1151 1286 1191 1353 τό
1216 1292 1317 1371 βασί-

211 1403 280 1462 λεια
301 1399 395 1483 φιλία
417 1404 628 1480 περιποιεῖται
652 1398 709 1459 καί
727 1392 823 1479 χόρος
844 1395 1002 1475 ε’πίμονος.
1328 1405 1363 1460 to

315 1500 357 1561 Τι’
373 1498 425 1576 δίς
450 1490 550 1571 οὕτως
570 1494 653 1579 ἔχων
675 1496 821 1571 ου’κλείας
834 1498 889 1559 καί
904 1493 1080 1579 εόπραγίας
1102 1490 1120 1555 ό
1144 1490 1235 1575 οίνὴρ,
1258 1492 1318 1555 καί

211 1594 298 1683 παρό
330 1600 457 1662 πάντων
487 1595 732 1680 θαυμαζόμενός
763 1620 795 1662 τε
815 1599 870 1661 καί
891 1592 1097 1676 δοξαζόμενος
1121 1591 1174 1656 καί
1191 1600 1256 1666 τοῖς
1276 1592 1315 1667 ἐξ

212 1694 312 1782 ἔργων
340 1701 624 1783 μεγαλυυργημασι
650 1695 903 1780 σεμνυνόμενος,
933 1697 1017 1781 μέγα
1049 1697 1177 1780 φρονοῦν
1200 1685 1240 1775 ἦν
1259 1690 1317 1756 ε’πί

209 1808 275 1876 τοῖς
293 1794 410 1865 ἑαυτοῦ
430 1799 664 1885 κατορθώμασι,
694 1804 750 1864 καί
779 1799 948 1888 ἀλαζονείᾳ
967 1793 1231 1880 κατεπαιρόμενος
1250 1795 1316 1859 τόν

209 1902 343 1981 πολλῶν,
364 1901 420 1965 καί
436 1908 500 1976 τοῖς
520 1902 661 1975 ιίστικοῖς
692 1900 735 1975 ὥς
760 1900 922 1986 ἀγοραίοις
950 1899 1017 1962 τισί
1037 1898 1090 1959 καί
1112 1895 1244 1990 ἀόπλοις
1264 1890 1312 1977 μὴ
1323 1906 1355 1959 15

209 1999 360 2081 ειίθόμως
396 2004 451 2067 καί
491 2003 653 2085 προσηνῶς
684 1995 801 2081 όμιλῶν
833 1998 889 2063 καί
919 1995 1207 2076 συναυλιζόμενος,
1241 1993 1311 2059 ἀλλ’

170 2161 174 2167 .
208 2096 316 2185 ὥσπερ
339 2104 421 2175 τινὲς
441 2107 503 2167 τῶν
524 2104 762 2185 κεκρατημένων
781 2102 823 2188 τῷ
843 2104 943 2165 πόθει
957 2105 1013 2183 τῆς
1026 2099 1212 2177 κενοδοξίας,
1231 2091 1313 2160 ἔαυ-

101 2238 111 2253 *
207 2197 260 2265 τόν
278 2196 462 2285 όπεραίριον
483 2198 538 2264 καί
555 2202 598 2286 τῷ
618 2196 728 2288 κόμπῳ
752 2194 994 2283 τερατευόμενος
1016 2195 1050 2262 τό
1075 2195 1237 2279 οἷνόμοιον,
1258 2189 1310 2262 οἷα

113 2297 117 2305 ’
210 2305 303 2385 φιλεῖ
317 2300 390 2376 τοός
412 2298 548 2376 πολλοός
566 2307 668 2364 ποιεῖν
689 2304 753 2363 τῶν
774 2301 994 2384 neomaenia,-
1016 2297 1055 2360 οὐ
1079 2299 1139 2386 μὲυ
1160 2288 1218 2361 σόν
1239 2296 1311 2358 ου’δ’

209 2393 275 2465 είδί
298 2402 346 2476 τίς
369 2424 442 2465 ποτε
459 2394 598 2484 Μιχαὴλ
619 2398 674 2464 τόν
690 2382 904 2485 Βοτανειοίτηυ
927 2402 1057 2465 πολίτου
1077 2395 1354 2488 κατεπαιρόμε-ηη

207 2523 278 2582 νον,
307 2496 331 2585 ἢ
346 2504 494 2586 μυκτῆρα
516 2502 625 2565 τοῦτόν
646 2524 727 2576 τινος
748 2505 964 2584 καταχέοντα,
994 2495 1096 2585 ἢέξω
1117 2498 1215 2563 αότόν
1235 2519 1309 2561 ποι..

207 2602 305 2667 υόντα
327 2606 384 2685 τῆς
407 2605 471 2667 τεόν
493 2604 630 2667 πολιτῶν
652 2604 828 2678 συναυλίας
850 2601 906 2666 καί
937 2603 1118 2688 συμφυΐας,
1141 2593 1310 2684 ἢιίστειό-

209 2726 299 2788 τητος
322 2702 510 2781 όποδίοντα,
533 2693 554 2787 ἢ
575 2704 811 2787 καλοκαγαθιλις
831 2705 887 2767 καί
906 2702 1115 2788 γαλήνηςιιοί
1129 2700 1309 2785 μειδιόμα.

278 2888 304 2943 9.
322 2891 371 2945 καλ
389 2904 432 2942 om
452 2890 482 2945 G.
576 2890 618 2943 18.
636 2892 689 2949 κόσ
706 2908 752 2946 πω
772 2890 803 2944 0.

206 3091 343 3129 manorum
362 3078 526 3146 stupefactus
548 3080 640 3131 ordine
660 3086 686 3131 et
704 3085 778 3130 motu
789 3087 816 3129 et
825 3085 933 3145 praeter
943 3079 1096 3145 opinionem
1116 3078 1218 3130 cladem
1235 3094 1304 3132 nuo.

205 3166 263 3203 rum
283 3150 440 3218 videuafin
459 3150 578 3202 manibus
599 3152 668 3201 enirn
688 3149 787 3200 habere
805 3150 856 3201 eibi
876 3150 1015 3202 videbatur
1035 3149 1177 3201 victoriam
1197 3158 1224 3202 et
1241 3166 1306 3202 enos

206 3220 403 3285 adhortabatur,
422 3229 452 3272 ut
473 3222 563 3272 vivum
584 3223 616 3273 ad
635 3237 664 3273 se
685 3210 782 3289 'regern
802 3220 979 3273 Romanorum
1008 3220 1111 3273 ferrent
1134 3236 1206 3273 neve
1231 3222 1306 3273 ferro

204 3291 423 3359 interimerent),
442 3293 581 3359 irretortus
602 3292 704 3358 etipse
723 3292 750 3342 in
770 3291 859 3360 fugam
878 3307 908 3343 ee
927 3293 1058 3358 proiecit,
1081 3292 1164 3344 celeri
1184 3301 1210 3344 et
1235 3307 1306 3359 pro.

205 3360 293 3413 cellae
311 3361 423 3427 pedibus
449 3362 569 3428 praedito
591 3376 659 3431 equo
680 3378 753 3415 auam
778 3363 889 3415 credone
912 3363 1005 3416 salutis
1034 3363 1139 3432 iugum,
1163 3364 1307 3431 filiumque

204 3432 371 3484 Pancratinrn
393 3433 514 3500 pignorio
533 3432 595 3484 loco
614 3434 678 3485 dane
697 3434 754 3501 regi
775 3449 891 3500 servumf
929 3436 992 3487 inde
1009 3435 1041 3486 ab
1056 3450 1090 3485 eo
1100 3442 1220 3501 tempore
1232 3435 1304 3486 bona

51 3520 53 3528 '
144 3548 157 3558 ,
204 3503 293 3554 omnia
310 3503 436 3555 Romania
455 3505 482 3554 in
500 3502 566 3556 Asia
591 3511 618 3556 et
633 3504 740 3571 Europa
759 3514 922 3557 evenerunt:
942 3507 1003 3558 inde
1021 3506 1178 3558 Botaniatae
1197 3506 1300 3557 clarum

63 3596 65 3601 ·
151 3625 160 3631 ,
205 3582 232 3627 et
249 3572 416 3642 splendidum
433 3590 531 3627 nomen
550 3576 666 3628 amicitia
685 3578 760 3645 regin
780 3583 807 3628 et
825 3578 910 3646 gratia
928 3586 1059 3645 perpetua
1086 3576 1222 3629 conciliat.

303 3671 372 3735 Quid
391 3670 500 3723 autem?
519 3674 546 3724 in
566 3680 639 3725 tanta
661 3688 772 3727 vernans
790 3673 878 3743 gioria
897 3682 923 3725 et
942 3674 1073 3727 felicitate
1091 3676 1135 3726 vir
1153 3682 1180 3725 et
1197 3674 1230 3725 ab
1243 3688 1303 3724 orn.

202 3741 281 3794 nibun
300 3750 435 3809 epectatun
455 3750 481 3795 et
499 3744 660 3810 celebratur,
684 3753 710 3796 et
728 3745 857 3798 factorum
879 3746 1077 3814 magnificentia
1093 3753 1222 3810 ornatus,
1240 3760 1304 3796 num

203 3813 318 3878 superbe
338 3813 424 3868 elatus
445 3825 501 3867 erat
519 3832 567 3869 sua
586 3816 691 3869 fortuna
711 3825 737 3868 et
757 3817 907 3869 humilitate
933 3816 1124 3884 supersedebat
1152 3815 1304 3868 multitudi-

203 3884 245 3935 nis
267 3892 294 3935 et
310 3887 418 3939 urbanis
436 3891 468 3938 'ut
487 3884 586 3941 vilibus
604 3887 803 3956 inermibusque
831 3903 886 3940 non
911 3888 982 3939 bono
1011 3889 1099 3940 animo
1125 3896 1152 3939 et
1178 3887 1304 3939 clementi

202 3952 326 4012 utebatur
345 3966 372 4009 et
391 3974 449 4009 cum
468 3959 501 4011 iia
521 3959 685 4033 personatur,
705 3960 762 4023 sed,
781 3967 811 4010 nt
829 3960 934 4028 qnidam
957 3958 1044 4011 affecti
1064 3958 1152 4028 gioria
1170 3960 1253 4023 inani,
1273 3973 1303 4009 ne

206 4022 337 4076 efferebat
356 4036 382 4079 et
399 4028 601 4100 vaniloquentia
621 4045 664 4083 res
683 4030 799 4081 iactabat
816 4030 998 4094 incredibiles,
1018 4039 1047 4081 ut
1059 4030 1181 4099 plerique
1201 4029 1302 4081 milites

204 4095 295 4147 faeere
313 4096 429 4148 nolent?
448 4116 630 4170 nequaqnam:
650 4116 739 4170 neque
757 4102 825 4152 vidit
844 4102 981 4170 quisquam
1000 4117 1115 4170 unquam
1143 4100 1302 4154 Michaaienr

203 4166 368 4219 Botaniatem
387 4184 466 4236 supra
485 4174 571 4223 civem
591 4189 620 4225 se
639 4173 793 4223 efferentem
811 4179 856 4224 aut
881 4171 997 4224 ludibrio
1022 4184 1183 4242 quenquam·
1198 4171 1300 4223 haben-

203 4245 256 4290 tem
275 4246 319 4291 aut
337 4254 367 4295 se
385 4251 566 4295 removentem
589 4259 622 4297 ex
642 4245 740 4297 civium
760 4244 889 4297 societate
909 4252 936 4297 et
963 4246 1152 4297 connectione
1183 4251 1229 4296 aut
1251 4256 1302 4293 nr.
