3017 4892
266 298 347 371 232
555 294 775 369 nonam
803 292 1065 367 fflffloffl

265 490 331 531 των
350 465 477 540 ου’τοός.
527 459 558 527 οἱ
584 464 620 527 δὲ
641 461 842 545 Βοόλγιροι,
869 464 992 547 πλῆθος
1021 454 1109 539 ὄντες
1129 464 1185 526 α’νε
1275 461 1286 481 ’
1370 481 1421 522 ον

268 570 324 633 ναί
354 569 487 653 α’ριθμῷ
518 567 805 648 ιιαθυποβληθῆνσι
834 565 912 647 μηδ’
940 557 1024 638 όλως
1042 560 1235 646 δονόμενον,
1260 586 1418 643 περεσ-

265 666 378 753 χόντες
400 664 500 731 ου’τόν
523 668 569 739 είς
589 667 687 745 μέσον
707 660 815 749 ὅσπερ
831 665 961 729 idcircor
978 668 1105 728 πολλόν
1126 663 1254 746 όχανὲς
1277 666 1416 725 πέλι-

266 792 333 853 yet,
356 760 456 843 οότως
477 762 573 831 αότόν
588 765 761 844 ἀποπνῖξαι
788 769 846 831 καί
864 768 910 840 εἰς
935 762 1158 843 όδιεξόόεοτον
1180 763 1298 844 βυθόν
1326 788 1412 826 ω-

265 870 454 937 ταποντιλναι
477 863 718 951 διηγωνίζοντο,
739 861 795 933 οἷο
817 870 876 950 πέρ
902 892 967 931 τισι
986 862 1111 946 νόμασι
1130 874 1198 941 τοῖς
1220 865 1439 947 rippam

268 972 333 1036 τοῖν
356 969 498 1050 όορότων
531 966 588 1030 καί
615 967 680 1029 τῶν
711 960 818 1045 ἄλλων
848 970 1027 1046 πολεμικόν
1053 964 1198 1048 όργόνων
1226 969 1411 1047 συνεχοῦς
1492 993 1494 1006 ¹

265 1065 365 1133 αότόν
386 1064 636 1149 ἐπιπλήττοντες.
680 1066 749 1129 αλλ’
770 1068 888 1142 ἐκεῖνος
910 1066 1046 1153 βρυγμῷ
1064 1068 1189 1141 λέοντος
1210 1066 1288 1129 κατ’
1310 1058 1404 1129 αὗ-

265 1171 330 1233 ταῖυ
350 1168 508 1249 ἐξορμῶν,
536 1169 593 1231 καί
613 1162 690 1241 τοός
712 1164 953 1243 ἐπεισπεσόντες
976 1169 1128 1245 ἐξαισίοις
1147 1166 1403 1248 όνσχαιτιζοον

264 1274 410 1351 πληγαῖς,
430 1261 507 1329 bats
526 1258 632 1351 ἑαυτῷ
659 1266 760 1330 ἐποίει
776 1267 833 1331 ταί
863 1263 1044 1349 πρόσβασιν
1063 1261 1276 1348 ἑκατέρωθεν.
1323 1269 1403 1329 καί

264 1363 346 1450 μετὰ
368 1362 403 1430 τό
426 1366 545 1447 γνῶναι
566 1362 682 1440 πόντος
703 1362 740 1429 τό
761 1367 873 1431 τούτου
895 1366 1033 1448 όιιρατὲς
1053 1369 1109 1430 ναί
1127 1363 1211 1447 πρός
1229 1362 1296 1440 τός
1316 1366 1396 1429 α’ν-
1406 1390 1440 1441 1⁰

265 1470 446 1553 όραγαθιας
467 1466 625 1543 εὐσταθὲς
647 1470 702 1531 καί
722 1466 888 1552 ἀνίκητον,
912 1467 1018 1531 οόιιίτι
1034 1465 1116 1551 πρός
1135 1466 1393 1533 όντικσταστᾰ-

263 1591 331 1643 σεις
351 1566 547 1651 α’γχεμόχων
575 1560 637 1631 dud
667 1570 786 1653 χειρῶν
803 1569 855 1654 Ιείς
884 1577 1011 1651 χεῖρας,
1029 1566 1109 1651 πρός
1136 1565 1248 1652 μόχην
1283 1571 1389 1657 ου’τᾷ

264 1666 458 1749 συνίσταντο,
480 1665 563 1732 α’λλό
590 1666 724 1754 χορείαν
748 1672 923 1752 μονονουχὶ
947 1668 1182 1753 συστησάμενοι
1203 1666 1263 1731 σὺν
1285 1666 1382 1731 inei.

261 1793 343 1851 μοτι
360 1765 489 1856 μεγάλῳ
512 1771 555 1832 δι’
576 1765 736 1853 ἑκηβόλων
763 1769 907 1851 όργόνων
937 1767 995 1833 τόν
1022 1770 1162 1849 πόλεμον
1185 1767 1380 1853 συνερρήγ-

262 1892 363 1956 νυον,
384 1866 443 1945 ἕως
464 1868 562 1943 ου’τός
581 1873 654 1954 {rote
677 1865 904 1954 ὑποχωροῦσιν
924 1872 1153 1957 ἐπιφερόμενος
1183 1860 1289 1952 ἧτταν
1311 1872 1418 1945 ari-15

262 1973 327 2035 τοόυ
353 1974 505 2054 μεγίστην
536 1972 591 2036 καί
620 1970 741 2056 τροπὴν
777 1968 1012 2053 α’πειργόσατο·
1065 1968 1124 2033 καί
1144 1972 1300 2034 τοσοῦτον
1322 1963 1377 2033 ότι

261 2070 341 2151 μετό
364 2070 424 2154 τὴν
443 2073 530 2154 νίκην
563 2069 689 2136 οίπιόιόν
719 2069 800 2155 πρός
826 2070 863 2135 τό
885 2075 1007 2155 πλῆθος
1037 2073 1101 2136 τόν
1128 2068 1291 2136 πεσόντων
1320 2069 1377 2135 καί

261 2171 326 2233 τόν
347 2169 537 2255 φευγόντων,
559 2174 617 2234 καί
636 2164 701 2236 οἷον
727 2171 815 2260 αότῷ
834 2170 928 2255 ἔργον
943 2172 1023 2257 ὑπὲρ
1045 2172 1251 2256 ἀνθρωπίνην
1266 2169 1373 2254 ἶσχόν

262 2266 454 2353 ἓξειργαοτο,
477 2271 670 2349 σκοτοδινίας
692 2276 845 2359 πλησθεὶς
876 2276 932 2339 καί
960 2274 1088 2359 φόσεως
1112 2274 1249 2362 ῥευστῆς
1268 2269 1369 2357 εἶναι,

261 2376 327 2445 τοῖς
343 2370 556 2452 ἀνθρωπίνοις
579 2375 692 2449 δεινοῖς
715 2373 772 2438 καί
792 2373 910 2440 πόθεσι
932 2380 1207 2461 αατακλινομένης,
1229 2375 1410 2463 dundee-20

261 2468 353 2552 τινός,
384 2466 572 2554 οὖτομόιως
594 2478 630 2539 ἐκ
662 2476 720 2538 rod
739 2474 838 2539 ἵππου
860 2475 942 2561 πρός
960 2480 1017 2560 γῆν
1043 2479 1263 2563 ααταρρεόσας
1285 2504 1370 2543 συν-

261 2572 395 2655 υόνευκε,
419 2570 592 2656 διάβροχος
612 2579 671 2655 μὲν
702 2574 757 2640 καί
776 2572 1041 2657 λελουμένοςχόν
1061 2580 1105 2666 τῷ
1125 2579 1187 2641 τῶν
1205 2579 1368 2660 πολεμίων

261 2672 384 2761 οάλότιρ
407 2673 464 2739 καί
482 2679 625 2764 ποταμίῳ
647 2676 858 2761 αἴματι,,ου’χ
879 2664 974 2761 ἦττον
995 2681 1032 2744 δὲ
1050 2678 1160 2767 καὶτῷ
1185 2678 1290 2767 or’ssc'qr
1312 2684 1370 2745 καί

332 2832 374 2884 13.
395 2836 547 2891 συνίστατο
566 2834 596 2889 0.

260 2991 335 3045 ribus
354 2992 476 3065 affligens
498 3004 524 3048 et
542 3004 646 3049 terrens
668 2990 723 3051 εοέ.
762 2997 987 3068 bulgaricam,
1007 3002 1053 3071 qni
1072 3002 1296 3056 erantmnltitudo
1315 3006 1364 3056 in.

260 3064 434 3118 numerabilis
453 3082 543 3135 neque
561 3083 671 3121 numero
691 3068 788 3120 subiici
806 3069 864 3122 ullo
889 3072 968 3124 modo
993 3081 1133 3141 poterant,
1161 3090 1220 3126 enin
1243 3076 1363 3127 medium

260 3135 454 3190 circumdantes
473 3146 596 3207 tanquam
615 3155 741 3207 aquarum
760 3140 900 3192 multarum
919 3142 1001 3195 latum
1018 3160 1101 3207 mare,
1121 3147 1158 3197 ita
1185 3162 1245 3197 enm
1272 3147 1360 3198 sudo-

260 3221 323 3259 care
343 3215 371 3258 et
388 3208 416 3258 ln
435 3211 593 3276 voraginem
611 3209 797 3262 inevitabilem
815 3211 989 3283 submergere
1009 3215 1155 3281 certabant,
1181 3218 1257 3285 quasi
1279 3219 1360 3269 undis

259 3275 357 3328 ictibus
380 3275 513 3347 hastarum
535 3286 562 3329 et
581 3288 732 3353 ceterorum
749 3280 816 3333 belli
835 3284 1069 3337 instrumentorum
1087 3287 1195 3340 assidue
1220 3303 1279 3339 enm
1304 3305 1358 3340 re-

260 3352 363 3397 xantes.
401 3348 448 3398 sed
468 3347 516 3398 ille
536 3348 642 3399 fremitu
660 3349 747 3402 leonis
769 3362 861 3405 contra
882 3371 929 3408 eos
948 3360 1097 3423 procedens
1116 3367 1143 3409 ct
1161 3361 1293 3411 irruentes
1311 3361 1359 3411 in-

241 3415 384 3486 ¹gentibus
404 3417 538 3484 repellens
557 3420 653 3472 ictibus
673 3422 743 3475 viam
773 3424 823 3477 sibi
850 3425 967 3481 faciebat
995 3437 1021 3480 et
1048 3430 1145 3481 aditum
1169 3431 1308 3499 utrinque:
1329 3439 1360 3482 et

259 3495 398 3556 postquam
418 3498 604 3556 cognoverunt
621 3506 712 3545 omnes
732 3493 810 3548 huius
835 3498 992 3551 violentiam
1017 3508 1044 3552 et
1074 3501 1181 3553 virtutis
1205 3502 1359 3553 firmitatem

259 3566 340 3626 atque
359 3558 487 3611 invictum
507 3562 620 3613 animum
640 3578 693 3616 non
712 3565 764 3617 iam
786 3568 819 3619 ad
836 3570 921 3620 aciem
942 3572 1060 3623 cominus
1080 3571 1200 3623 manibus
1226 3573 1260 3624 ad
1284 3588 1359 3641 pug-

257 3644 395 3682 namnum
415 3645 447 3683 eo
467 3647 496 3683 se
525 3634 737 3702 constituebant,
764 3640 812 3691 sed
833 3641 942 3692 chorum
967 3658 1054 3708 paene
1079 3652 1270 3711 componentes
1296 3660 1359 3695 cnm

257 3702 431 3754 admiratione
449 3718 543 3771 magna
562 3705 742 3760 instrumentis
773 3712 938 3765 iaculatoriis
956 3712 1056 3765 bellum
1074 3714 1249 3780 instruebant,
1269 3716 1357 3767 donec

257 3773 280 3825 is
299 3773 326 3824 in
345 3775 496 3826 recidentes
515 3778 619 3829 irruens
640 3778 741 3831 cladem
770 3795 861 3835 eorum
885 3785 1023 3835 maximam
1049 3794 1076 3836 et
1102 3786 1191 3855 fugam
1219 3786 1355 3851 coniecit,

256 3850 337 3910 atque
356 3852 465 3910 tantum,
486 3854 514 3897 ut
533 3855 593 3914 post
612 3850 751 3902 victoriam
771 3854 920 3920 respiciens
939 3855 1134 3909 multitudinem
1152 3860 1303 3911 occisorum
1327 3867 1356 3910 ct

257 3912 424 3980 fugientium,
448 3924 474 3967 et
493 3918 571 3985 quale
591 3918 624 3970 ab
644 3935 676 3971 ao
697 3936 764 3989 opus
783 3940 862 3992 supra
881 3924 1015 3977 hominurn
1036 3930 1182 3995 potentiam
1201 3930 1354 3981 conlectam

258 3989 338 4046 erret,
358 3988 491 4053 vertigine
512 3998 650 4057 correptus
669 4000 696 4044 et
714 4002 834 4046 naturam
853 3996 980 4048 incertam
1000 4006 1026 4049 et
1046 3999 1198 4052 mutabilem
1218 4015 1279 4052 esse
1299 4000 1352 4051 bn-

257 4051 342 4103 manis
361 4055 437 4107 malis
457 4066 482 4109 et
501 4060 638 4114 doloribus
659 4066 812 4129 ostendens,
833 4082 880 4118 sua
898 4076 993 4134 sponte
1013 4083 1046 4121 ex
1066 4085 1135 4138 equo
1157 4074 1184 4123 in
1193 4080 1291 4123 terram
1299 4073 1353 4123 do.

170 4148 181 4165 ·
257 4121 355 4177 flueret
373 4138 571 4199 corrueretque,
597 4134 715 4189 madidus
741 4145 769 4189 et
792 4136 897 4190 lavatus
925 4138 1040 4193 hostium
1066 4143 1169 4211 ingenti
1196 4150 1223 4194 et
1247 4142 1349 4195 ilnriali

258 4194 389 4267 sanguine
407 4198 495 4268 neque
511 4204 603 4261 tntum
624 4206 703 4261 etiam
722 4208 832 4277 proprio
853 4216 880 4262 et
889 4214 1013 4283 martyris
1024 4214 1200 4273 circumfusus
1211 4213 1349 4287 squalore:
