3017 4892
297 323 388 414 τεν
595 350 812 420 armanus
841 349 1137 421 iminium

296 519 340 595 ιός
363 523 398 586 dd
417 520 469 588 τόν
493 521 575 608 α’ἐρα
606 525 749 607 πληττων
772 525 874 606 Ιμόνον
900 528 1101 606 ἐδείκνυτο,
1129 527 1199 590 κατ’
1218 515 1302 600 όνος
1324 519 1363 609 ἦν
1382 526 1440 612 πρός

298 619 441 702 λογικοός
462 625 517 686 καί
544 625 683 712 λογισμῷ
707 630 860 709 κρείττονι
883 627 1297 711 κατεστρατηγημένους
1319 624 1434 709 δγκιίμι.

234 729 235 735 ’
296 741 366 800 νος,
398 722 475 810 δργῇ
496 721 552 787 καί
578 725 674 813 θυμῷ
695 723 752 810 τὴν
776 725 889 811 ψυχὴν
910 729 1129 808 teneo-9⁶12,
1158 730 1227 791 καί
1249 725 1396 809 βακχικόν
1410 753 1432 791 τι

296 819 352 885 καί
381 823 564 909 σεληνιακὸν
594 826 819 912 πεφρονηκιός,
841 829 912 913 ’πόρ
943 830 1041 911 ἐνῆκε
1077 836 1166 904 ταῖς
1191 834 1427 914 παρακειμένας

296 921 410 1000 οἰκίαις
431 921 494 988 sind
515 928 573 990 rori
595 925 686 1010 ἁγίου
710 927 972 1014 Παντελεήμονος
993 933 1113 1014 μέχρι
1139 931 1216 994 τῶν
1246 927 1440 1010 &vaniensi-t

297 1045 359 1088 νων
374 1028 482 1106 μεριόν
513 1031 570 1092 τοῦ
591 1032 716 1093 Στενοῦ.
771 1031 828 1093 καί
848 1030 869 1113 ἡ
888 1028 969 1115 φλόξ
993 1033 1164 1116 ἀρθεῖσα
1191 1028 1310 1104 πασας
1328 1029 1418 1111 σχεδόν

295 1121 354 1198 τός
382 1127 484 1204 οἰκίας
523 1127 604 1214 πλὴν
635 1129 747 1210 δλίγων
776 1129 1057 1217 κατεδαπόνησεν,
1084 1127 1139 1206 σός
1164 1133 1231 1194 καί
1255 1129 1418 1214 εδκτηρίιος

297 1219 402 1300 οἴκτους
424 1232 479 1293 καί
498 1236 697 1313 περικαλλεῖς
718 1233 819 1308 οἰκίας
832 1235 888 1296 καί
907 1230 1006 1308 ναοός
1024 1231 1240 1317 ἐπισήμους
1263 1232 1359 1315 πυρός
1375 1254 1413 1313 γε·
1455 1247 1457 1323 l

296 1326 411 1389 νέσθαι
434 1331 608 1411 θεομισοός
630 1331 863 1415 παρανάλωμα.
906 1338 962 1398 καί
980 1337 1122 1415 μᾶλλον
1148 1333 1222 1398 τῶν
1238 1333 1409 1407 Ἰουδαϊκόν,

297 1422 351 1488 διό
373 1423 409 1490 τό
433 1431 540 1506 ξύλοις
566 1436 777 1517 κατηρτίσθαι
798 1432 917 1520 πόσας,
949 1434 1097 1517 οὐδεμία
1126 1434 1277 1519 διέφυγε
1298 1425 1351 1514 ’τήν
1365 1432 1426 1493 coiit

297 1524 399 1611 πυρός
427 1527 540 1617 ἐρωήν.
591 1533 682 1622 ἐῴκει
714 1535 750 1597 δὲ
781 1527 872 1610 οὗτος
898 1537 943 1625 τρῖ
974 1538 1137 1618 μέλλοντι
1163 1537 1232 1616 μὲν
1255 1532 1405 1612 ἀποσβέσαι

297 1631 373 1712 πῦρ,
393 1634 489 1723 ἐλαίῳ
525 1637 561 1700 δὲ
584 1637 652 1700 κατ’
672 1638 774 1700 αὐτοῦ
800 1643 955 1727 χρωμένῳ
978 1640 1035 1702 καί
1060 1634 1134 1721 τὴν
1157 1633 1264 1718 ἶσχόν
1282 1631 1399 1698 insides

296 1734 405 1812 μεῖζον
433 1736 610 1820 ἐπαίροντι·
662 1739 837 1832 μισοῦντας
871 1738 934 1823 γὰρ
964 1740 1066 1804 αὐτὸν
1100 1738 1191 1813 τούς
1222 1736 1347 1806 πολίτας
1362 1733 1400 1794 sai

296 1828 353 1898 τόν
372 1831 487 1900 τούτου
512 1834 724 1924 ου’τόδελφον,
746 1843 793 1914 είς
813 1845 919 1906 πλείω
944 1849 1039 1922 μίσος
1069 1843 1112 1906 ἐκ
1135 1843 1198 1922 τῆς
1218 1832 1393 1914 circumsitos

295 1932 430 2018 η’ρέδισε
452 1935 605 2023 πράξεως.
649 1939 691 2017 σός
714 1943 743 2005 δ’
765 1939 846 2025 ἔγνω
866 1937 984 2006 ἔαυτόν
1013 1941 1124 2028 μότην
1149 1943 1212 2007 ἐπί
1233 1943 1336 2008 κακοῖς
1352 1934 1413 1998 Μ
1439 1938 1445 2033 3⁴

295 2030 460 2115 λιζόμενον
483 2042 539 2103 καί
560 2036 711 2117 διαύλους
730 2040 850 2125 σκηνός
871 2034 1100 2127 ἐργαζόμενον,
1127 2045 1192 2109 καί
1212 2042 1262 2128 τῷ
1280 2036 1386 2120 dadin
1442 2132 1443 2135 ρ

268 2126 272 2130 ’
296 2135 405 2210 δειλῶς
426 2139 581 2217 μετότοόν
602 2147 905 2227 συστρατευομένων
927 2146 1016 2234 crisipi
1035 2145 1249 2226 πιεζόμενον,
1272 2132 1386 2215 ‹iscoti-
1441 2146 1442 2149 ’

294 2257 354 2310 σας
382 2234 439 2322 τὴν
469 2239 622 2324 στρατιὰν
653 2243 732 2326 πρός
765 2239 907 2327 ἑσπέραν
936 2240 1076 2325 ἐβάδιζε.
1135 2247 1197 2309 καί
1225 2235 1319 2312 αιίτός
1341 2236 1380 2316 μό*

278 2334 354 2400 ,σόν
374 2337 450 2404 δυσί
470 2337 686 2424 παρατάξεσιν
708 2345 755 2419 εἰς
777 2344 813 2407 τό
834 2348 892 2408 τοῦ
911 2340 1037 2429 Ἀθόρα
1059 2350 1236 2430 πολίχνιον
1259 2327 1381 2415 κατισκό·

291 2461 384 2520 κωσε,
406 2435 441 2502 τό
465 2441 500 2504 δὲ
522 2441 631 2507 λοιπόν
654 2447 775 2528 πλῆθος
797 2447 842 2520 είς
862 2448 1135 2529 παραχειμασίαν
1158 2446 1314 2510 διέδωκεν.
1380 2439 1399 2494 ll

389 2541 466 2622 Ὀψὲ
488 2544 523 2607 dd
543 2542 611 2631 καί
631 2547 778 2630 βραδέως
810 2541 826 2608 ό
853 2544 1006 2627 βασιλεός
1028 2543 1222 2631 ἐπεμνήσθη
1241 2540 1294 2606 τοῦ
1307 2535 1375 2600 ‘Poe

292 2643 399 2706 σελίου
423 2640 478 2708 καί
497 2646 555 2729 τῆς
575 2644 675 2709 ου’τοῦ
694 2644 929 2732 γενναιότητος,
949 2642 1094 2728 πόματον
1117 2641 1185 2730 ὅρα
1209 2643 1262 2707 καί
1280 2635 1371 2719 dicei!
1435 2728 1436 2735 η

290 2739 325 2807 τό
344 2745 531 2810 λυσιτελοῦν
553 2747 822 2834 προστησάμενος.
874 2744 1039 2832 ἐχωνγόιρ
1065 2746 1169 2816 αὐτόν
1190 2748 1226 2812 ἐν
1245 2757 1370 2823 παραφε·

291 3031 379 3086 solam
398 3046 541 3105 appareret
558 3046 585 3090 et
606 3041 696 3092 asinus
718 3048 791 3093 esset
809 3041 942 3097 adversas
955 3041 1061 3092 ratione
1079 3041 1217 3108 praeditos
1235 3042 1261 3086 et
1276 3036 1362 3083 ranul-

290 3107 400 3158 natione
418 3110 533 3163 meliore
552 3111 645 3164 ductos
664 3113 781 3174 rudens,
800 3113 840 3163 ira
866 3121 893 3163 et
910 3115 997 3164 animo
1018 3120 1127 3166 exustus
1147 3113 1257 3165 animam
1274 3110 1298 3155 ti
1310 3097 1361 3180 Βέθ-

290 3177 398 3229 olrarurn
420 3188 446 3231 et
465 3182 616 3234 Silanorum
635 3185 697 3251 quid
716 3184 834 3250 spirans,
855 3185 946 3251 ignem
958 3186 1054 3236 iniecit
1071 3181 1254 3240 adiacentibus
1270 3167 1360 3226 domiui

290 3249 353 3300 iude
372 3265 387 3298 a
406 3249 432 3302 S.
453 3251 660 3304 Pantelcemone
679 3269 764 3322 usque
791 3256 824 3306 ad
843 3271 888 3306 eas
908 3271 976 3324 quae
995 3271 1097 3307 sursum
1126 3257 1280 3323 navigarint
1293 3246 1358 3317 partes

289 3321 486 3384 angustiarum:
506 3332 586 3390 atque
604 3323 706 3375 flamma
726 3327 841 3377 excitata
860 3342 951 3379 omnes
972 3328 1029 3379 iere
1049 3329 1141 3380 dornus
1161 3324 1250 3395 paucis
1267 3316 1359 3376 excelli

291 3392 446 3455 consumsit,
467 3393 505 3444 ita
521 3401 551 3445 ut
568 3396 646 3445 etiam
665 3395 767 3447 sacella
785 3398 910 3464 precibus
930 3400 1060 3450 iaciendis
1084 3400 1214 3451 destinata
1232 3400 1256 3444 el
1270 3377 1353 3456 perpal-

184 3507 189 3516 .
290 3461 370 3512 chrae
391 3463 483 3516 domus
500 3472 527 3515 et
544 3465 643 3531 templa
660 3468 799 3534 praeclara
824 3471 895 3538 ignis
923 3472 1020 3522 flerent
1036 3470 1086 3521 deo
1106 3471 1187 3522 invisi
1207 3470 1311 3519 sumlflt²
1325 3456 1355 3500 ⁸¹·

290 3547 343 3600 que
361 3535 445 3602 magis
465 3551 498 3587 ex
516 3536 631 3588 Iudaicis
653 3540 715 3606 quia
735 3555 827 3593 omnes
846 3543 927 3610 lignis
947 3549 1022 3593 erant
1050 3550 1213 3602 exstructae,
1236 3531 1301 3586 nulla
1320 3522 1354 3572 11⁰-

290 3619 348 3657 mus
367 3605 462 3674 elingit
489 3609 560 3677 ignis
585 3609 720 3676 impetum.
771 3612 910 3664 videbatur
935 3620 1022 3666 autern
1050 3612 1094 3664 hic
1121 3590 1351 3679 exstinguentem

290 3678 399 3744 ignem,
426 3680 472 3732 sed
492 3681 554 3733 oleo
575 3690 667 3734 contra
687 3700 746 3735 eum
766 3701 829 3736 usus
860 3687 914 3736 vim
931 3685 995 3736 inde
1011 3686 1139 3736 maiorem
1159 3672 1352 3754 excitarezptlll

290 3749 376 3814 enim,
396 3752 441 3818 qai
461 3767 520 3804 eum
550 3761 577 3804 et
595 3755 653 3807 eius
683 3757 791 3808 fratrem
810 3758 936 3821 oderant,
963 3756 995 3807 ad
1012 3758 1096 3807 maius
1116 3757 1202 3808 odium
1218 3744 1351 3819 {neptuim

270 3822 417 3876 -excitavit
434 3822 514 3876 lacto.
553 3841 612 3876 curn
632 3835 720 3878 autem
739 3827 921 3880 intellexisset
939 3843 969 3879 se
988 3827 1086 3879 frustra
1105 3829 1132 3879 in
1143 3826 1216 3878 malis
1232 3825 1316 3902 lemn
1329 3808 1348 3884 ἐ

287 3890 315 3938 in
341 3895 471 3962 angustiis
496 3897 611 3948 tentoria
638 3899 746 3964 lacere,
775 3908 802 3950 et
829 3899 916 3950 hieme
951 3901 1071 3966 graviter
1097 3915 1155 3950 curn
1177 3890 1289 3974 milituln!
1309 3887 1348 3930 ⁵⁸¹⁸

288 3964 388 4026 premi,
417 3967 537 4019 excitons
556 3970 702 4021 exercituin
726 3971 759 4021 ad
777 3971 944 4022 occidentem
973 3971 1137 4036 procedebat
1153 3977 1228 4036 atque
1243 3959 1345 4065 ¹P³⁰⁶¹s

288 4029 389 4083 duobus
408 4037 545 4092 ordinibus
561 4040 590 4090 in
610 4041 707 4107 oppido
716 4042 821 4108 Athyra
840 4051 925 4095 castra
937 4042 1041 4108 posuit:
1061 4041 1189 4111 reliquam
1206 4042 1279 4088 autem
1293 4034 1343 4074 ⁰¹¹¹·

287 4101 425 4154 titudinem
444 4108 472 4156 in
491 4109 602 4162 hiberna
621 4113 722 4165 diuisit.

386 4197 452 4252 Sero
471 4211 559 4253 autern
579 4216 605 4257 et
623 4211 697 4261 tarde
716 4225 765 4260 rex
789 4211 945 4262 meminerat
962 4211 1068 4264 Ruselii
1094 4214 1203 4279 eiusque
1219 4185 1339 4255 nobilitatis

287 4270 406 4324 ultimum
431 4280 458 4324 et
481 4274 698 4342 intempestivum
724 4281 794 4348 quod
812 4283 942 4348 prodesse
969 4291 1061 4350 posset
1080 4284 1243 4336 constituens·
1273 4265 1342 4317 *Μ’
