3017 4892
581 335 809 418 msnonm„
1165 336 1240 411 ιω
1337 297 1341 317 '

133 510 239 577 λείων
259 508 305 585 τίς
325 512 437 573 κακίαν
458 504 512 571 καὶ
531 506 737 587 μικρολογίαν
765 505 820 568 κατ’
841 494 936 588 τίγενῆ
958 500 1118 568 πολιτείαν
1139 504 1241 584 διεγι-
1339 515 1346 525 ·

131 610 282 677 νοέσκετο.
335 601 374 692 ἢν
396 610 431 671 δέ
454 598 566 691 οὗτος,
605 600 675 669 ivi
701 600 817 687 κράτος
837 602 977 689 δηλονότι
1003 605 1037 667 έκ
1060 606 1119 667 τοῦ
1141 605 1240 667 έπου-
1351 599 1355 622 ’

132 715 249 798 ρανιόυ
271 712 428 792 βασιλέως
449 705 660 791 μνηστευθείς
680 702 735 769 καί
755 696 842 782 ἄξιος
866 705 953 793 αὐτῷ
974 706 1152 789 λογισθείς,
1173 707 1238 768 Νι-

131 812 277 898 κηφόρος
296 807 535 895 κουροιταλιέτης
558 808 574 875 ὃ
593 798 822 893 Βυτανειόίτης,
852 803 886 871 ὃν
904 814 1062 893 πολλαχοῦ
1081 811 1137 893 τῆς
1155 833 1239 893 γρα-

104 914 200 1000 5φῆς
222 911 266 989 ὥς
285 915 490 997 τρισαριστέα
510 910 566 975 καί
587 908 801 992 δοκιμώτατον
824 904 1021 991 διελάβομεν.
1066 903 1156 987 οὗτος
1175 912 1236 996 γοὶρ

132 1012 268 1098 είγενῆς
282 1015 345 1079 τῶν
369 1015 428 1098 ἀφ’
451 1010 540 1097 ἦλίου
556 1012 717 1077 α’νατολῶν
731 1009 907 1087 καθεστώς,
922 1008 977 1073 καί
995 1013 1048 1093 τῆς
1071 1013 1134 1075 τῶν
1158 1014 1238 1077 σίνα-

132 1117 266 1179 τολικαῖν
288 1116 443 1199 ἐπαρχίας
465 1113 631 1196 τυγχάνων
661 1110 837 1197 πρώτιστος
859 1110 983 1201 πλοέτρν
1005 1109 1061 1175 καί
1080 1116 1162 1194 γένει
1184 1115 1239 1177 καί

132 1219 280 1280 παλαιαῖν
307 1213 408 1300 ἔργων
440 1215 496 1279 κατ’
519 1215 608 1279 νέων
627 1209 848 1299 λαμπρότητι,
881 1215 937 1276 καί
965 1213 1022 1298 τὴν
1050 1216 1239 1296 στρατηγίαν

130 1312 218 1398 ε”χων
238 1318 297 1380 τοῦ
318 1318 421 1381 ου’τοῦ
444 1316 594 1400 θέματος,
615 1315 787 1400 περίλυπος
814 1307 854 1399 ἦν
873 1317 974 1381 ταῦτα
996 1313 1096 1398 έραῖν·
1117 1312 1156 1377 ου’
1175 1310 1237 1394 γὰρ

82 1413 239 1503 λῡέφερε,
261 1418 358 1505 φύσιν
378 1415 461 1499 ἔχων
479 1420 596 1501 εὐσεβῆ
618 1416 673 1483 καί
691 1418 851 1503 φιλόθεον,
873 1419 929 1501 ζῆν
950 1419 1007 1482 καί
1026 1416 1158 1482 τοιαῦτα
1177 1438 1239 1477 κα-

129 1522 232 1603 θορᾶν
260 1520 397 1596 α’νοσίως
420 1521 642 1604 πραττόμενα,
666 1520 722 1584 καί
741 1520 845 1584 πᾶσαν
866 1516 923 1602 την
947 1515 1030 1582 ἐτέον
1052 1525 1118 1589 τοῖς
1142 1521 1238 1579 πολε-

128 1624 218 1702 μιόις
241 1622 429 1691 αὐτίστατυν.
453 1619 508 1683 καί
526 1620 627 1702 αὐτην
652 1620 706 1703 την
735 1621 875 1704 μεγάλην
897 1611 1237 1684 Κωνσταντινοέπολιν

129 1725 368 1804 πολεμουμένην
390 1728 454 1795 τοῖς
486 1722 550 1784 τοῖν
573 1719 773 1804 κρατούντων
794 1720 942 1805 α’κρατιὸς
964 1715 1159 1810 ἀδικήμασι,
1182 1723 1238 1784 καί
1264 1756 1267 1760 ·

129 1818 188 1904 την
205 1817 356 1901 ἑσπερίου
375 1823 432 1905 γῆν
446 1823 710 1907 κατακειρομένην
732 1829 800 1897 τοϊς
821 1817 947 1887 έθνεοιν
969 1820 1025 1885 καί
1043 1828 1108 1897 τοῖς
1129 1826 1236 1903 βλαπ-

9 1944 13 1951 ·
86 1923 228 1996 λὸτικοῖς
253 1918 452 2005 ἐννοήμασιν.
502 1922 571 1987 ἀλλ’
603 1924 774 2009 ιίναφέρων
802 1926 848 1999 εἰς
874 1920 930 2006 τὴν
950 1924 1007 1987 τοῦ
1035 1922 1144 2004 γένους
1164 1923 1235 1986 έπι.

131 2020 316 2106 σημότητα,
338 2020 394 2086 καί
413 2020 633 2106 διανοούμενος
654 2024 791 2107 α’κριβοῖς
807 2020 850 2099 ὦς
871 2026 994 2088 πολλῶν
1016 2025 1072 2086 καί
1089 2027 1235 2105 μεγάλων

131 2121 373 2204 α’ριοτευμοίτων
386 2123 439 2187 καί
458 2122 672 2209 βοηθημάτων
693 2120 711 2207 ἦ
730 2120 898 2204 Ῥωμαιίον
911 2125 1074 2188 α’πέλαυσε
1086 2130 1129 2207 γῆ,
1145 2119 1232 2206 παραὶ

129 2224 193 2287 ταῖν
228 2219 391 2307 προγόνων
414 2224 516 2289 aito&
539 2222 620 2289 κατοὶ
645 2222 823 2311 διαφόρους
856 2220 986 2305 καιρούς
1008 2225 1065 2288 κατ’
1085 2221 1233 2309 χρόνους,

127 2326 182 2388 καί
204 2321 350 2407 δεύτερος
366 2324 507 2413 φανῆναι
528 2322 648 2391 τούτων
671 2322 800 2404 ἀνάξιον
814 2322 1033 2409 λογισάμενος,
1044 2327 1076 2389 εἰ
1088 2322 1235 2407 μηῖβοη-

84 2424 227 2508 λθθὴσαι
260 2433 328 2501 τοῖς
363 2423 779 2510 κάμνουσινόρθοέόξοις,
808 2428 850 2491 δι’
878 2423 935 2501 οὓς
957 2422 1098 2510 Χριστὸς
1119 2422 1136 2489 ὅ
1159 2421 1234 2501 θεὸς
1271 2466 1276 2473 „

128 2526 220 2609 ἡμῶν
241 2523 274 2591 τὸ
300 2530 412 2594 οἰκείαν
433 2519 514 2610 αἷμα
536 2530 649 2611 ἐξέχεε,
675 2526 815 2612 ζηλωτής
837 2527 1078 2613 διατυρυέτατος
1102 2525 1232 2611 γίνεται,

123 2626 185 2688 καί
204 2621 261 2710 τὴν
280 2628 393 2711 ψυχήν
413 2631 515 2693 αὐτοῦ
538 2631 665 2714 τίθησιν
685 2628 767 2711 ὑπὲρ
788 2630 842 2714 τῆς
863 2632 920 2693 τοῦ
932 2630 1076 2713 Χριστοῦ
1097 2632 1233 2711 ποίμνης

130 2727 184 2789 καί
203 2730 257 2792 τοῦ
278 2726 371 2811 εἱγίου
393 2727 507 2805 ἔθνους
530 2724 642 2793 αὐτοῦ.
696 2728 829 2814 καὶτῆς
855 2728 1005 2814 Τούρκων
1028 2725 1074 2794 ἔτι
1099 2728 1232 2815 ζεούσης
1279 2733 1281 2736 ’

129 3044 212 3096 vitate
236 3052 264 3095 at
289 3038 439 3097 bumilitate
468 3051 495 3096 et
519 3043 632 3114 ignobili
659 3044 776 3098 ciuitatis
803 3044 1032 3097 administratione
1056 3052 1136 3097 notus
1164 3054 1230 3098 erat.
1286 3050 1290 3055 '

130 3123 291 3169 enatantem
311 3114 365 3181 hio,
385 3117 430 3185 qui
450 3118 596 3184 potentiam
615 3132 631 3169 a
651 3116 765 3169 coelesti
784 3132 852 3185 rege
871 3124 1072 3184 comparaverat
1091 3123 1118 3167 et
1135 3117 1232 3186 dignus

131 3202 161 3238 ea
179 3195 236 3239 erat
254 3188 376 3252 babitus,
403 3189 569 3256 Nicephorus
594 3189 749 3242 botaniates
775 3188 940 3257 curopalate,
959 3204 1039 3256 quem
1057 3186 1161 3259 quidem
1180 3203 1233 3240 va.

129 3259 168 3310 rie
192 3260 220 3311 iu
244 3261 376 3327 scriptura
401 3268 430 3311 ut
461 3268 502 3312 ter
526 3262 653 3328 optimum
680 3263 958 3329 spectatissimumque
981 3261 1142 3327 accepimus.
1187 3259 1232 3311 bic

131 3331 197 3381 enirn
218 3331 317 3383 nobilis
336 3332 479 3397 intereos,
499 3334 543 3401 qui
564 3349 579 3384 a
597 3332 663 3385 solis
677 3340 737 3385 ortu
755 3334 890 3398 habitant,
911 3334 1074 3385 constitutus
1094 3339 1120 3382 et
1138 3331 1232 3384 orieu.

130 3403 162 3453 tis
180 3403 337 3468 provinciae
356 3402 438 3469 longe
457 3407 556 3471 primus
576 3406 678 3459 divitiis
704 3412 730 3455 et
748 3421 851 3474 genere
870 3413 898 3457 et
915 3404 1044 3456 factorum
1064 3410 1185 3456 veterum
1206 3412 1234 3455 et

130 3478 265 3523 recentum
283 3474 489 3539 magnificentia,
510 3484 537 3527 et
555 3477 693 3544 imperium
709 3476 811 3531 babens
829 3478 947 3531 eiusdem
966 3475 1131 3545 provinciae,
1152 3475 1231 3527 vaide

132 3550 187 3595 erat
204 3542 298 3606 tristis,
316 3542 385 3594 haee
405 3545 530 3598 videndo.
543 3562 632 3614 neque
652 3551 723 3600 enim
741 3550 898 3614 sustinebat,
917 3556 1012 3601 natura
1029 3548 1165 3616 praeditus
1186 3548 1230 3615 pia

132 3620 157 3663 et
175 3614 219 3663 dei
237 3620 359 3675 amante,
378 3615 473 3666 vivere
498 3625 525 3667 et
542 3618 608 3669 talia
625 3621 765 3685 adspicere
789 3623 872 3687 impie
889 3620 968 3684 facta,
989 3629 1016 3671 et
1034 3628 1117 3673 totum
1136 3619 1230 3670 orien-

130 3692 248 3751 temper
267 3682 362 3759 hostes
379 3685 554 3751 devastatum,
574 3696 653 3754 atque
674 3691 759 3755 ipsam
770 3706 891 3759 magnam
907 3690 1158 3759 constantinopolin
1179 3690 1228 3740 de.

130 3753 252 3806 ballatam
282 3755 471 3824 impotentibus
497 3759 682 3825 imperantium
710 3761 833 3825 iniuriis,
861 3769 888 3811 et
912 3762 1106 3816 occidentalem
1131 3771 1230 3814 terram

131 3827 259 3879 desectam
279 3842 328 3895 per
346 3843 465 3897 paganos
482 3838 509 3881 et
521 3831 610 3881 noxiis
624 3830 761 3883 consiliisz
781 3833 828 3885 sed
846 3842 969 3899 spectans
986 3835 1020 3887 ad
1039 3833 1148 3904 generis
1167 3833 1230 3902 glo.

130 3899 192 3950 riam
212 3904 238 3948 et
256 3908 382 3967 reputans
403 3910 536 3965 accurate,
565 3902 724 3955 Graecorum
753 3912 850 3955 terram
868 3906 951 3957 multa
974 3906 1094 3974 gloriose
1114 3906 1184 3958 iacta
1204 3915 1230 3958 et

130 3969 229 4021 auxilia
244 3973 400 4038 percepisse
425 3974 602 4026 amaioribus
624 3973 678 4025 suis
703 3975 818 4027 diversis
842 3976 1028 4030 occasionibus
1054 3987 1080 4028 et
1097 3979 1229 4045 tempori.

129 4042 184 4107 bus,
205 4049 232 4093 et
250 4043 405 4097 inferiorem
426 4060 556 4112 apparere
575 4046 616 4099 bis
636 4046 774 4114 indignum
791 4055 873 4112 ratus,
903 4050 926 4100 si
945 4048 1053 4102 alilictis
1072 4050 1229 4106 orthodoxis

129 4126 178 4164 non
202 4116 309 4167 veniret
334 4114 451 4180 auxilio,
479 4125 587 4183 propter
616 4132 682 4186 quos
710 4118 833 4173 Christus
862 4120 927 4173 deus
951 4128 1044 4173 noster
1071 4125 1229 4192 sanguinem

81 4229 88 4235 .
130 4200 201 4237 suum
220 4184 381 4253 effundebat,
402 4196 585 4257 propugnator
602 4190 664 4242 iudei
691 4192 892 4244 ardentissimus
917 4192 965 4256 fit,
991 4200 1017 4245 et
1035 4194 1150 4245 animum
1169 4196 1227 4245 eius

130 4254 209 4309 tendit
233 4274 314 4327 super
343 4260 442 4315 Christi
469 4275 553 4331 grege
579 4270 605 4313 et
632 4272 723 4317 sancto
750 4265 809 4319 eius
833 4263 950 4331 populo:
978 4273 1057 4334 atque
1086 4266 1227 4319 Turcarum
