3017 4892
258 307 332 395 eos
492 404 495 411 ,
562 297 782 376 ureniana
814 267 1075 373 amasiones

257 480 316 568 μὰρ
340 481 385 557 εἰς
414 478 552 562 πόλεμον
582 482 816 558 α’ντεπεξελθτῖν
858 478 946 565 αύτῷ
979 472 1009 539 oi
1036 476 1071 539 dr
1095 462 1410 557 Ἀδριανυυπόλει

258 585 455 665 συλλεγέντες
484 568 680 665 στρατιῶται
713 574 896 663 ἐτόλμησαν.
941 569 1043 651 ούτως
1068 575 1199 661 Θρᾷκοίς
1218 597 1256 638 τε
1294 620 1304 638 .
1341 620 1354 637 .
1391 618 1405 637 .

258 687 313 747 καί
330 680 410 763 μετὰ
430 682 573 765 πλήθους
595 676 759 761 ἀξιολόγου
789 680 845 762 τῆς
871 675 1034 757 Βύζαντος
1054 671 1147 758 τ’χχύς
1167 671 1398 757 ἐστρατοπε-

218 833 227 845 ,
259 779 421 849 δεύσαντο.
475 780 509 846 τό
544 784 571 845 δ’
589 773 665 845 ἄλλο
701 782 822 862 πλῆθος
857 778 1002 863 ἐπαφῆκε
1029 775 1087 852 τός
1116 773 1227 849 λοιπός
1263 770 1399 850 πόλεις

186 960 193 973 ¹
259 884 313 948 κατ’
333 883 442 969 χιόρας
467 883 645 967 ἀποκείρειν
663 903 699 967 τε
722 883 777 944 κατ’
798 879 904 965 δηούν.
932 878 1049 961 θέρους
1072 879 1111 940 δὲ
1127 869 1215 958 πόροις
1237 878 1396 940 ε’νιστα-
1404 900 1427 950 5

258 988 353 1067 μένης
387 987 443 1049 κατ’
462 987 524 1048 τεόν
547 985 678 1066 καρπῶν
698 977 905 1066 η’ρτημὲνων,
928 978 966 1041 ού
988 979 1088 1064 μικροί
1108 1000 1157 1052 τις
1180 980 1241 1040 τῶν
1269 977 1395 1059 εἶναιγ-

257 1088 356 1150 καίων
376 1084 490 1159 σπάνις
514 1093 640 1165 κατεῖχε
661 1081 717 1165 τὴν
736 1078 969 1164 βασιλεύουσαν
989 1082 1044 1145 κατ’
1064 1075 1120 1154 τός
1135 1076 1248 1152 λοιπός
1272 1070 1390 1143 ἑσπε-

258 1184 468 1271 ριάςπόλεις,
491 1184 534 1258 ὦς
565 1186 618 1247 κατ’
644 1184 752 1257 αὐτοῖς
773 1190 839 1257 τοῖς
866 1178 989 1264 κτήνεσι
1020 1177 1076 1254 τὰς
1099 1176 1221 1265 τροφός
1240 1180 1389 1242 ε’πιλεί-
1438 1209 1444 1217 ·

258 1309 345 1366 πειν,
374 1289 429 1349 καί
454 1286 657 1369 πανταχόθεν
683 1283 922 1362 ἑπιστυγυύζειν
955 1289 1021 1357 τοῖς
1053 1277 1139 1354 όλοις
1165 1279 1199 1343 τό
1224 1272 1386 1364 ‹inopor-

259 1380 414 1469 οὔτεγὰρ
448 1383 607 1468 α”ξιύλογος
628 1380 768 1467 στρατιὰ
803 1386 841 1468 τῇ
862 1386 1006 1464 βασιλίδι
1036 1382 1151 1465 παρῆν,
1174 1380 1246 1454 τούς
1271 1385 1430 1450 πολε-1ο
1494 1457 1495 1460 ¹

259 1488 355 1567 μίους
377 1489 538 1569 δυναμένη
563 1482 769 1570 α’πιύσασδαι,
793 1475 858 1547 ούτ’
883 1473 962 1567 όίλλη
975 1508 1023 1559 τις
1042 1480 1170 1565 μηχανὴ
1194 1474 1386 1555 εὐέλπιδας
1494 1477 1495 1544 l

260 1587 334 1662 τούς
350 1590 478 1663 πολίτας
499 1588 596 1652 ἐποίει
612 1584 689 1669 πρὸς
711 1583 769 1669 τήν
791 1586 848 1649 τού
865 1582 979 1659 ἔθνους
995 1580 1191 1665 οἷπαλλαχηυ.
1213 1580 1284 1645 ἄλλ’
1300 1580 1385 1643 ov'd'

261 1682 278 1749 ό
301 1683 454 1768 βασιλεύς
475 1683 555 1775 λόγῳ
588 1690 643 1751 κατ’
667 1686 819 1770 φρονήσει
840 1688 896 1748 κατ’
920 1686 1109 1771 πολυπειρίρτ
1132 1684 1298 1768 διαφέρων
1323 1672 1380 1763 ἢν,
1494 1671 1495 1722 l

260 1781 340 1852 όίστε
364 1784 417 1850 διὰ
442 1789 497 1869 τῆς
523 1789 637 1861 οἰκείοις
655 1783 803 1871 ύξύτητος
824 1782 916 1850 λύσιν
940 1785 1045 1866 εύρεῖν
1074 1780 1145 1847 τινύι
1169 1784 1228 1847 τού
1250 1784 1378 1846 δεινοῦ.

260 1893 319 1971 μιά
343 1890 377 1952 δὲ
400 1890 497 1953 πᾶσιν
521 1884 623 1953 ε’δύκέι
647 1889 709 1952 τῶν
731 1886 892 1952 τοσούτων
913 1888 1017 1951 κακοῖν
1039 1879 1223 1966 α’παλλαχη·
1268 1880 1288 1966 ἦ
1310 1885 1376 1947 τού
1384 1892 1415 1943 15

262 1984 519 2071 intimaverit
545 1986 735 2073 Νικηφόρου
758 1985 924 2068 πρόςτούς
945 1990 1115 2068 πολεμίους
1130 1981 1265 2057 ἔκδυσις.
1287 1986 1374 2048 τού-

263 2110 318 2153 του
340 2089 401 2171 γύρ
423 2092 565 2172 ἰσχυρῶς
593 2087 736 2171 ἐπεζήτει
759 2093 866 2169 λαβεῖν
888 2090 941 2151 κατ’
969 2084 1102 2153 κολάσαι
1132 2084 1176 2160 ούς
1195 2086 1259 2148 τῶν
1286 2078 1373 2149 όλων

263 2188 429 2270 δυσχερῶν
452 2184 565 2265 αἴτιον,
588 2186 643 2250 κατ’
665 2190 783 2252 ου’τίκα
816 2191 870 2272 τῆς
892 2183 1125 2271 βασιλευούσης
1147 2186 1369 2267 ἀπαναστῆναι

262 2293 316 2352 κατ’
336 2292 447 2355 δοῦναι
471 2286 528 2372 τήν
549 2294 708 2375 προτέραν
730 2282 843 2355 item
864 2290 1118 2371 τοῖςῬωμαίοις
1136 2286 1190 2351 καί
1207 2291 1371 2369 κατακλη-

258 2394 363 2472 ρῶσαι
386 2388 422 2453 τό
446 2381 576 2459 ἓαυτοῖν.
613 2390 681 2453 αλλ’
704 2384 720 2451 ό
743 2387 896 2471 βασιλεύς
920 2390 1022 2455 πάντα
1045 2390 1203 2473 προέσθαι
1223 2386 1280 2449 καί
1300 2407 1409 2463 ssa-20

181 2509 184 2517 ·
262 2492 334 2552 θεῖν
353 2485 478 2569 ἕτοιμος
501 2481 539 2572 ἦν
563 2482 584 2573 ἢ
605 2487 640 2553 τό
665 2491 854 2574 ζητούμενον
876 2472 910 2556 ἐκ
933 2492 1036 2571 μέσου
1058 2490 1267 2572 ποιήσασθαι.
1312 2484 1370 2550 καί

262 2589 359 2655 τούτο
377 2587 437 2673 γὰρ
460 2591 602 2674 ἐζητεῖτο
621 2592 674 2654 καί
697 2586 923 2675 ἐζυχομαχεῖτο
943 2598 1009 2669 τοῖς
1030 2589 1180 2675 πλείοσιν,
1204 2581 1285 2654 οόστε
1306 2580 1366 2651 κόν

263 2687 308 2775 μὴ
331 2688 458 2766 ἔκδοτος
478 2700 543 2767 τοῖς
564 2693 711 2767 ἐναντίοις
735 2694 818 2780 δοθῇ
847 2694 1075 2779 παραλυθῆναι
1095 2696 1172 2768 τέως
1192 2687 1291 2757 αὐτόν
1310 2690 1364 2773 τῆς

337 2854 379 2907 17.
398 2854 520 2929 ἰσχυρούς
534 2854 555 2911 ’δ
576 2857 695 2929 Νέστωρ
713 2854 782 2915 lm?
837 2865 841 2871 '

264 3016 425 3087 disponens:
455 3035 490 3072 ne
530 3036 545 3071 e
570 3021 640 3073 enim
667 3020 700 3073 ad
717 3019 821 3077 bellum
845 3020 974 3073 obvenire
990 3019 1015 3071 ei
1040 3021 1086 3087 qni
1105 3016 1281 3085 Adrianopoli
1300 3016 1359 3070 coi.

264 3090 329 3143 lecti
361 3100 436 3145 erant
465 3093 499 3143 mi
513 3093 564 3145 ites
597 3093 654 3143 ansi
685 3100 761 3144 sunt:
799 3093 838 3144 εἰσ
856 3091 983 3144 -Thraoes
1019 3098 1046 3142 et
1080 3090 1273 3142 multitudinem
1301 3104 1359 3140 me.

263 3169 367 3215 moratu
393 3163 498 3233 dignam
523 3178 607 3231 prope
631 3162 790 3230 Byzantium
828 3164 917 3215 duxit:
950 3162 1081 3231 reliquom
1116 3170 1203 3214 autem
1239 3161 1358 3212 multitu-

265 3235 353 3285 dinem
378 3234 476 3286 dimisit
502 3236 533 3286 ad
567 3243 669 3287 ceteras
701 3233 780 3286 urbes
812 3242 839 3285 et
866 3243 951 3287 terras
984 3232 1130 3286 tondendas
1155 3242 1182 3285 et
1211 3234 1357 3285 vastandas.

265 3312 368 3371 aestate
394 3312 480 3373 nutem
511 3313 655 3372 apparente
682 3313 708 3356 et
735 3305 857 3373 frugibus
886 3308 997 3373 direptis
1020 3321 1074 3358 non
1097 3320 1181 3374 parva
1204 3320 1290 3357 rernm
1307 3319 1359 3355 ne-

266 3375 439 3427 cessariarum
472 3377 563 3442 inopia
590 3375 697 3428 tenebat
724 3376 816 3427 urbem
844 3386 870 3428 et
896 3378 1002 3446 reliqua
1029 3378 1176 3429 occidentis
1202 3376 1307 3443 oppido,
1322 3375 1371 3425 its.
1465 3404 1470 3413 ·

162 3492 188 3523 ,⁴
265 3454 295 3497 ut
320 3447 397 3498 etiam
426 3446 491 3512 ipsis
518 3447 660 3513 pecoribus
695 3448 820 3500 alimento
853 3450 979 3502 deessent
1004 3456 1030 3501 et
1060 3449 1175 3516 undique
1206 3448 1359 3515 frequenta.

265 3524 358 3568 rentur
382 3518 515 3570 universis
541 3521 689 3586 angustiae.
736 3536 825 3589 neque
852 3523 920 3573 euim
943 3520 1124 3572 memorabilis
1152 3520 1286 3572 exercitus
1303 3517 1358 3569 urbi

258 3589 359 3657 regiae
378 3590 484 3661 aderat,
509 3592 554 3660 qui
580 3600 672 3658 posset
693 3592 784 3644 bostes
803 3592 958 3661 depellere,
978 3608 1067 3661 neque
1086 3591 1157 3643 uliud
1176 3590 1259 3643 ullum
1278 3592 1359 3643 artili-

161 3726 165 3731 Ι
268 3661 337 3711 σίτοιο
357 3662 479 3726 iaciebat,
498 3669 527 3714 ut
546 3663 620 3715 cives
638 3663 710 3716 bono
729 3666 816 3715 animo
838 3671 929 3718 essent
945 3665 978 3716 ad
991 3664 1083 3732 populi
1101 3662 1297 3715 liberationem.
1315 3662 1359 3715 sed

265 3748 354 3801 neque
372 3750 421 3785 rex
439 3736 560 3786 oratione
578 3735 624 3787 vel
646 3736 785 3802 prudentia
812 3737 859 3789 vel
889 3738 1056 3804 experientia
1073 3735 1282 3803 praestabam-ut
1297 3747 1358 3801 pro-

260 3806 324 3871 pria
344 3806 489 3875 sagacitate
507 3806 668 3859 solutionem
687 3807 770 3859 ullam
789 3809 913 3860 invenire
932 3810 1063 3876 potuisset
1080 3805 1204 3875 periculi.
1242 3822 1294 3857 nna
1310 3821 1357 3857 an.

264 3882 318 3925 tem
339 3878 459 3930 omnibus
480 3878 621 3931 videbatur
639 3887 771 3931 tantorum
788 3879 917 3933 malorum
942 3880 1083 3944 liberatio,
1102 3880 1123 3931 si
1142 3876 1308 3945 llieepborns
1326 3892 1357 3928 ex

265 3943 404 4012 logotheta
431 3948 552 4002 hostibus
579 3951 741 4003 traderetur:
768 3952 839 4003 bunc
865 3952 935 4003 enim
960 3952 1039 4004 valde
1063 3949 1185 4004 studebat
1209 3964 1306 4016 capere
1331 3955 1357 3997 et

266 4018 398 4084 castigare
424 4028 453 4071 nt
478 4023 594 4087 omnium
623 4022 808 4076 difficultatum
827 4032 977 4088 auctorem,
997 4032 1024 4076 et
1042 4024 1129 4075 statim
1147 4022 1181 4073 ab
1198 4021 1265 4073 urbo
1282 4035 1355 4071 rece-

229 4098 237 4109 ‘
265 4088 340 4151 dere,
360 4097 387 4138 et
404 4090 466 4141 dare
485 4094 601 4158 priorem
619 4096 789 4145 securitatem
799 4094 907 4147 Graecis
928 4102 954 4145 et
972 4102 1044 4146 sorte
1060 4094 1181 4146 dividere
1198 4109 1242 4145 res
1262 4106 1354 4142 eornm.

264 4160 316 4213 sed·
331 4174 379 4213 rex
397 4162 485 4212 omnia
509 4164 664 4234 relinquere
693 4174 720 4217 et
746 4166 800 4231 pati
819 4167 909 4231 potius
929 4173 985 4216 orat
1009 4173 1126 4233 paratus,
1145 4180 1223 4233 quom
1240 4161 1354 4232 postula-

265 4230 343 4285 batur
362 4239 388 4285 et
406 4231 603 4300 disceptabatur
621 4252 637 4287 o
661 4237 801 4303 plurimis,
820 4243 849 4287 ut
866 4238 919 4290 nisi
938 4237 1099 4291 adversariis
1119 4236 1285 4301 traderetur,
1304 4232 1354 4285 dt-
