3017 4892
261 288 315 367 ’80
557 288 777 360 urcndsns
808 285 1069 359 anulonis

262 466 387 545 γίσταις
410 454 611 541 όπαγγελίαις
634 452 691 521 τόν
710 449 850 538 ἄρχοντα
871 452 991 539 ταύτης
1013 446 1291 535 καταστησάμενος
1318 444 1393 514 εύ-

263 568 363 640 ελπιν,
384 560 550 624 συνέπεισε
573 558 774 638 μεταθέσθαι
795 552 874 638 πρός
901 552 941 619 τά
966 552 1102 638 ἡμέτερα
1125 552 1180 615 καί
1200 547 1258 634 τὴν
1279 548 1393 615 πόλιν

263 664 384 726 θέσθαι
400 658 581 739 Ῥωμαίοις.
640 659 695 720 κατ’
723 650 741 717 ό
764 658 823 733 μὲν
841 657 886 737 μὴ
911 651 1124 737 διαψευσθεὶς
1154 648 1213 726 τάς
1236 652 1389 726 ἐλπίδας

263 763 297 825 όν
319 759 510 832 εὐπαθείαις
531 756 587 822 καί
606 755 762 841 άβρότησι
777 755 831 820 καί
845 755 1023 820 ἀντιδόσεσι
1037 750 1177 837 κτήσεων
1196 751 1253 815 κατ’
1270 744 1384 829 άξιω·

252 848 372 944 ’μάτων
399 852 556 942 μεγίστων
586 854 642 923 τόν
672 858 741 938 βίον
769 850 870 921 εἷλκεν
902 852 1093 939 ἐπέραστον·
1150 848 1168 935 ἦ
1202 854 1237 917 δὲ
1266 852 1411 933 πάλις,5

260 956 373 1043 χάραν
393 980 428 1024 τε
461 955 580 1039 πολλὴν
613 953 732 1038 ἔχουσα
761 959 818 1020 κατ’
846 957 992 1036 πολίχνια
1014 948 1068 1016 ύπ’
1091 944 1213 1033 αύτήν,
1235 953 1381 1036 δοοκικῇ

202 1097 206 1100 -
262 1056 484 1142 κατεκοσμήθη
504 1054 608 1144 άρχῇ,
638 1054 718 1139 πρός
742 1064 807 1130 τοῖς
828 1058 997 1136 Συριακοῖς
1030 1056 1089 1117 τού
1114 1054 1224 1135 Τιβίου
1243 1054 1378 1115 διακει-

261 1164 341 1243 μένη
365 1156 485 1241 ὁρίοις,
517 1163 573 1222 κατ’
594 1150 633 1239 ἦν
660 1156 737 1239 ἡμῖν
757 1155 940 1240 χαράκωμα
960 1159 1106 1236 μέγιστον
1126 1149 1183 1218 κατ’
1201 1147 1374 1235 άποτροπὴ

263 1263 326 1324 τῶν
346 1261 470 1323 ἐκεῖθεν
499 1255 675 1339 εἰσβάλλειν
704 1255 884 1337 μελλόντων
911 1256 1082 1339 βαρβάρων
1104 1255 1149 1345 εἰς
1169 1250 1227 1338 την
1249 1254 1375 1343 Ἰβηρι-

173 1382 176 1392 ·
263 1361 331 1443 κη’ν.
373 1355 408 1423 τό
431 1361 466 1424 δὲ
489 1354 647 1445 φειδωλόν
669 1361 730 1422 τοό
752 1361 944 1441 κρατοῦντος
975 1358 1030 1420 καί
1049 1352 1164 1440 ταύτης
1190 1350 1264 1429 τούς
1284 1349 1374 1419 Ῥω·
1388 1366 1423 1419 10

262 1466 378 1543 μαίους
399 1456 582 1544 ἐστέρησεν·
625 1460 697 1523 ε’πεί
715 1460 778 1543 γάρ
807 1460 987 1543 σιτηρέσιον
1010 1459 1064 1521 κατ’
1094 1452 1110 1519 ό
1134 1458 1167 1520 ἐν
1185 1455 1282 1545 ταύτῃ
1302 1466 1376 1521 ’σα-

263 1562 386 1647 τράπης
403 1558 573 1643 ἐλάμβανε,
592 1561 779 1644 προσελθών
800 1584 847 1633 τις
869 1558 1035 1643 Ἀρμένιος
1053 1557 1260 1642 Παγκράτιος
1282 1553 1372 1624 ούτω

207 1674 223 1694 “
263 1659 456 1742 καλούμενος
482 1661 525 1746 τῷ
551 1665 696 1741 βασιλεῖ,
733 1664 919 1724 συντιθεται
951 1658 1052 1746 τούτῳ
1081 1660 1137 1723 κατ’
1165 1656 1370 1741 ύπισχνεῖται

263 1764 363 1846 χωρίς
394 1785 476 1836 τινος
511 1758 705 1844 άπολήψιως
737 1759 793 1841 την
818 1761 967 1845 τοιαύτην
995 1754 1102 1844 άρχὴν
1128 1763 1293 1840 μετελθεῖν
1314 1758 1372 1823 καί

264 1861 450 1945 κρειττόνως
472 1865 672 1947 συντηρῆσαι
693 1860 728 1927 τό
754 1852 846 1941 άστυ,
876 1862 931 1925 καί
951 1856 1011 1946 όση
1032 1860 1131 1948 τούτῳ
1155 1863 1368 1945 παραπέφυκε
1379 1876 1416 1929 15

264 1962 467 2047 σόγκτησις.κ
487 1963 543 2025 καί
564 1962 719 2043 λαμβάνει
741 1960 796 2026 τόν
819 1963 955 2042 βασιλέα
986 1963 1024 2047 τῇ
1045 1960 1217 2040 ύποσχὲσει
1237 1981 1367 2024 συνεπι-
1413 1964 1422 1976 “

265 2056 416 2141 νεύοντα,
447 2063 503 2124 κατ’
525 2058 602 2139 δούξ
624 2056 871 2141 άποδείκνυται,
902 2064 957 2125 καί
982 2056 1222 2143 καταλαμβάνει
1247 2057 1305 2143 την
1333 2062 1368 2123 ἑν

267 2156 390 2233 τούτοις
409 2159 586 2244 ἡγεμονίαν.
641 2162 777 2239 άναξίως
809 2164 844 2225 δὲ
873 2161 912 2226 τά
947 2157 1115 2245 πράγματα
1131 2164 1273 2247 διοικῶν
1281 2210 1289 2241 ,
1314 2160 1369 2223 καί

264 2260 345 2345 μήτε
368 2261 408 2346 τῇ
433 2258 602 2344 α’κροπόλει
624 2269 713 2326 σῖτον
745 2260 788 2339 ὥς
819 2259 854 2329 τό
891 2262 974 2339 εἰκός
1008 2257 1272 2345 προμηθούμενος
1292 2258 1367 2343 μη’τι

266 2354 343 2424 dato
365 2384 394 2426 ιι
428 2355 450 2446 ἢ
470 2359 642 2441 πολεμικόν
675 2358 696 2445 ἢ
717 2361 879 2428 πολιτικόν
902 2364 1011 2446 σ’ρθιός
1036 2364 1091 2427 κατ’
1109 2361 1247 2444 βεβαίως
1268 2363 1414 2441 inno-20

266 2457 457 2543 ρευύμενος,
488 2463 533 2537 εἰς
561 2464 720 2547 μεγάλους
748 2464 915 2541 κινδύνους
945 2462 1001 2548 τη”ν
1020 2462 1208 2544 θαυμασίαν
1236 2466 1367 2547 παρενέ-

265 2564 345 2642 βαλε
380 2560 484 2629 πόλιν.
535 2564 724 2648 παροδεύων
758 2565 820 2650 γάρ
857 2560 871 2628 ό
916 2562 1085 2638 σουλτάυος
1129 2565 1266 2629 ἐκεῖθεν
1288 2588 1367 2628 παν-

211 2674 214 2682 ’
266 2664 401 2752 στρατιρῖ
430 2667 538 2751 (τούτο
568 2663 631 2750 γάρ
666 2656 703 2750 ἦν
738 2659 837 2749 ’όνομα
867 2667 911 2755 τῷ
936 2665 1056 2732 τούτων
1086 2663 1267 2752 ἔξάρχοντι)
1294 2667 1366 2757 παρ’

267 2967 388 3021 maximis
406 2970 544 3037 promissis
569 2973 663 3023 ducem
691 2971 783 3038 buiuss
795 2973 908 3027 reddens
931 2987 980 3040 spe
1000 2971 1101 3023 clatum
1128 2972 1262 3039 persuasit
1284 2972 1309 3023 ci
1336 2977 1364 3023 ut

268 3041 395 3093 transiret
411 3041 445 3093 ad
462 3051 568 3094 nostros
587 3051 614 3094 ct
634 3042 725 3093 urbem
744 3043 852 3095 Graecis
871 3045 1002 3108 traderet,
1027 3052 1108 3111 atque
1126 3042 1170 3094 hic
1190 3043 1294 3111 quidem
1312 3058 1363 3094 nou

268 3111 411 3163 iailcbatur
429 3114 672 3179 exspectationibus
691 3122 717 3163 et
734 3115 761 3164 in
781 3113 885 3166 luxuria
904 3124 930 3167 et
942 3115 1056 3166 mollitio
1074 3124 1100 3165 et
1119 3116 1194 3167 donis
1213 3116 1363 3181 possessio.

267 3198 329 3233 num
348 3189 375 3232 et
394 3184 551 3251 dignitatum
570 3186 740 3235 maximarum
768 3186 849 3237 vitam
874 3187 1029 3238 traducebat
1047 3186 1195 3238 amabilem.
1234 3186 1296 3237 urbs
1314 3202 1362 3236 au.

267 3262 321 3303 tem
339 3261 434 3303 terram
453 3254 560 3305 multam
579 3253 680 3305 habens
695 3264 722 3305 et
744 3258 841 3322 oppida
863 3257 912 3309 sub
932 3273 963 3308 ca
981 3257 1071 3310 ducaii
1090 3259 1218 3310 instructa
1235 3266 1297 3309 suut
1314 3260 1362 3307 im.

267 3323 344 3388 perio
364 3323 397 3373 ad
414 3322 537 3388 Syriacos
557 3324 624 3375 Tibii
649 3328 793 3377 constituta
819 3330 894 3379 [ines.
938 3338 1019 3397 atqua
1045 3337 1101 3381 crat
1124 3328 1202 3381 nobis
1228 3327 1363 3381 castellum

267 3393 417 3455 maximum,
440 3401 466 3444 et
484 3395 605 3447 defensio
625 3404 716 3447 contra
733 3398 838 3465 ingredi
859 3400 919 3455 inde
938 3400 1061 3453 volentes
1079 3399 1205 3451 barbaros
1224 3401 1252 3450 in
1264 3398 1361 3451 iberos.

268 3465 428 3531 parsimonia
450 3472 538 3515 autem
556 3467 722 3532 imperatoris
749 3470 828 3520 ctiam
852 3470 902 3521 hac
922 3471 1036 3523 Graecos
1057 3472 1183 3539 privavit.
1221 3471 1364 3521 cumcuim

268 3543 455 3585 commeatuma
470 3536 548 3587 etiarn
574 3536 652 3589 huius
677 3547 782 3607 satrapa
804 3543 956 3608 acciperet,
981 3544 1072 3595 adiens
1097 3542 1207 3611 quidem
1226 3542 1362 3594 Anncnius

268 3605 422 3661 Pancratius
439 3607 478 3659 sic
496 3617 607 3661 uocatus
626 3626 717 3678 regem
741 3614 884 3678 paciscitur
899 3629 957 3665 cum
970 3613 1024 3665 hoc
1038 3622 1064 3664 et
1085 3614 1214 3681 promittit
1232 3615 1291 3665 sine
1308 3610 1362 3669 ulio

268 3679 455 3746 impedimento
475 3680 529 3731 talc
552 3682 690 3748 imperium
719 3685 847 3736 aditurum
871 3702 901 3736 se
921 3693 948 3736 ct
970 3684 1065 3735 meiius
1090 3692 1257 3737 servaturum
1275 3683 1362 3735 urbem
1425 3688 1427 3695 '

270 3758 295 3799 ct
314 3759 411 3817 quanta
432 3752 456 3802 ei
487 3746 559 3804 'esset
586 3756 731 3805 communis
753 3757 889 3822 possessio
916 3764 942 3807 ct
965 3756 1035 3822 capit
1058 3771 1149 3825 regem
1168 3756 1299 3823 promisso
1316 3754 1361 3804 ad.

267 3830 402 3885 amntem,
425 3831 451 3874 et
470 3824 522 3875 dux
543 3824 694 3911 declarat&
715 3834 742 3876 et
761 3835 874 3893 occupat
901 3828 928 3877 in
949 3826 990 3879 his
1011 3828 1164 3893 imperium,
1187 3827 1297 3893 indigne
1315 3840 1361 3875 au.

267 3897 321 3940 tem
339 3908 383 3943 res
403 3909 496 3945 curans
515 3910 603 3964 neque
632 3912 686 3947 arcs
717 3897 876 3949 frumentum
901 3906 929 3947 ut
956 3914 1003 3963 par
1030 3906 1087 3947 erat
1105 3912 1259 3966 comparans
1278 3912 1361 3965 neque

268 3958 341 4012 aliud
361 3964 423 4029 quid
442 3963 569 4016 bellicum
588 3975 633 4018 aut
652 3967 732 4019 civile
752 3976 825 4018 recte
847 3975 873 4017 ct
893 3968 998 4019 fortiter
1016 3984 1109 4037 agens,
1128 3970 1272 4037 iumagua
1290 3968 1360 4035 peri-

268 4030 329 4081 cula
350 4032 529 4085 admirabilem
548 4037 647 4088 deiecit
673 4038 773 4106 urbem.
818 4040 1037 4103 practervcuicns
1065 4042 1135 4092 enim
1160 4040 1279 4093 sultanus
1304 4038 1361 4089 inda

267 4108 324 4154 toto
344 4104 463 4154 exercitu
483 4105 549 4173 (hoc
574 4110 643 4159 euim
669 4117 725 4158 crat
748 4122 845 4158 nomen
870 4108 963 4159 horum
983 4112 1113 4180 principi)
1134 4111 1167 4163 ab
1187 4127 1220 4163 eu
1239 4120 1266 4163 ct
1285 4126 1362 4177 prae-

267 4179 343 4228 terea
361 4173 442 4226 misso
461 4177 537 4243 regio
556 4192 635 4232 servo
654 4177 730 4231 nulla
747 4180 909 4234 necessitate
929 4190 1021 4235 contra
1039 4182 1120 4247 talem
1141 4182 1234 4235 urbam
1252 4182 1286 4235 ad
1303 4179 1361 4233 bol-
