3017 4892
583 314 792 387 aeroma.
1162 268 1237 388 err·

117 481 295 565 ἔμελλον,
323 481 401 568 μήτε
429 477 483 545 τὸν
510 475 624 574 ρτόλον
652 479 800 555 ἐάσαντες
827 475 1050 560 άνινβέρνητον,
1071 470 1153 539 dati
1177 472 1238 540 κόν

123 579 245 672 τοότιρ
269 580 478 667 όρονγγάριον
500 579 739 664 ἐπιστήσαντες.
1141 580 1145 586 “

248 674 339 749 Οάτω
361 683 396 746 δέ
414 685 477 747 τόν
500 677 581 745 κατά
604 678 660 763 τὴν
682 677 774 743 πόλιν
796 671 992 761 πραγμάτων
1013 672 1163 758 ἐχόντων,
1184 669 1239 736 καί

25 781 35 843 l·
122 787 298 869 βασιλέως
319 785 568 866 καθαιρεθέντος
597 777 755 846 ὁπλιτικόν
775 774 903 862 ἔχοντος
925 780 960 845 ἐκ
980 775 1183 860 μισθοφορᾶς
1205 773 1239 835 έν

30 913 36 925 ·
93 888 277 970 5μυρίασι
299 877 618 975 σνναριθμοόμενον,
648 880 703 944 καί
736 883 797 944 rori
818 877 1033 944 Βοτανειάτοα
1063 871 1240 956 πολεμικοῖς

128 990 194 1051 καί
213 989 366 1068 μαχίμοις
387 985 443 1068 τήν
465 983 546 1066 όπὲρ
571 986 625 1066 τῆς
655 983 760 1064 κοινῆς
792 983 855 1046 τόν
873 980 1040 1062 Ῥωμαίων
1071 978 1237 1058 εόετηρίας

128 1087 245 1170 ὁρμήν
267 1084 503 1169 έξαρτάσαντος,
525 1076 720 1164 ἀναίμακτον
745 1077 830 1147 ἅπαν
849 1080 905 1145 καί
933 1078 1115 1162 ἀνώλεθρον
1141 1097 1239 1141 oona·

129 1183 285 1270 περάνθη
307 1184 342 1252 τὸ
365 1187 576 1266 α’ποτὲλεσμα,
598 1182 640 1261 οἷς
660 1185 743 1268 μηδὲ
767 1177 839 1268 ῥίνά
858 1203 940 1255 τινος
969 1181 1104 1261 αἵματος
1133 1178 1240 1260 μενέτω

24 1354 27 1362 Δ
130 1291 197 1353 θαι
230 1285 421 1370 διάβροχον·
468 1278 544 1369 άπερ
582 1287 695 1368 δεῖγμα
722 1288 779 1368 τῆς
809 1286 854 1358 εἰς
885 1280 961 1347 θεὸν
981 1280 1083 1347 αότοό
1103 1281 1385 1366 πιίιτιινςί.22λτ.Δ

82 1404 121 1458 10
132 1392 193 1454 καί
213 1391 270 1472 τῆς
291 1386 326 1454 έν
341 1391 421 1452 θεοῦ
440 1390 668 1472 προχειρίσεως
691 1383 808 1450 τοότοσ
829 1380 1035 1469 σαφέστατόν
1058 1403 1093 1446 τε
1113 1381 1169 1445 καί
1189 1379 1239 1442 αι’-

24 1528 35 1575 ς.
131 1494 307 1556 κενότατον.
350 1489 430 1554 άλλά
449 1489 483 1554 τό
508 1492 566 1569 μὲν
582 1485 644 1551 άπὸ
669 1488 828 1567 βασιλέοιν
850 1481 944 1564 ἔσχεν
967 1482 986 1546 ό
1006 1484 1063 1563 τῆς
1083 1479 1240 1563 θεομὴτο-

25 1635 26 1660 ι
134 1613 193 1674 ρος
215 1593 248 1655 έν
269 1592 470 1672 Βλαχέρναις
492 1576 587 1669 σηκόςΙ
609 1583 791 1670 ἱερώτατος,
813 1583 868 1649 καί
882 1589 1077 1668 περιέσωσεν
1094 1581 1131 1646 ’έν
1154 1579 1241 1666 αὐτῷ

30 1739 35 1751 .
133 1687 194 1773 τήν
219 1693 317 1774 τρίχα
338 1686 392 1752 καί
412 1683 468 1752 τόν
491 1684 608 1767 κόσμον
629 1682 894 1768 ε’κτιναξάμενον·
939 1682 995 1748 τόν
1018 1683 1047 1746 d’
1069 1679 1132 1747 άτιό
1146 1687 1240 1763 λοχα-

24 1841 30 1888 ρ
139 1792 245 1854 θετόν
267 1792 321 1852 καί
341 1787 396 1853 τόν
423 1781 539 1853 τοότοο
565 1784 785 1871 προασπιστην
805 1787 937 1868 Δαβίδ,
966 1783 1001 1850 τό
1024 1785 1083 1850 roal
1103 1775 1242 1866 μεγάλαν

25 1921 52 1979 ¹·
95 1915 129 1968 15
139 1882 369 1973 έταιρειάρχοα
389 1891 574 1973 κεκτημένον
596 1887 771 1972 άφφίκισν,
795 1881 828 1962 ὃς
849 1885 883 1950 εἰι
905 1887 1119 1972 παραγγελίας
1141 1881 1242 1947 αότοῦ

25 1973 32 1996 “
139 1991 198 2053 τοῦ
219 1985 280 2052 άπὸ
301 1990 478 2070 λογοθετιάν
499 1982 552 2050 τὸν
576 1988 810 2070 depraedante
830 1985 920 2068 ἱεράς
950 1986 1107 2070 τραπέζης
1134 1986 1168 2047 ἐν
1200 1985 1241 2068 τῷ
1302 2005 1308 2014 ’

146 2088 366 2176 θυσιαστηρίῳ
388 2093 447 2172 τῆςΙ
466 2089 524 2153 rod
544 2090 620 2152 θεοῦ
640 2087 735 2170 λόγον
755 2091 872 2173 σοφίας
892 2089 1008 2168 βιαίας
1037 2086 1239 2163 άνειλιιντεν,
1331 2173 1335 2177 ἢ
1395 2095 1399 2100 ’
1439 2097 1443 2113 ‘

145 2189 251 2264 οόόείς
282 2174 367 2264 θείας
394 2188 489 2271 δόμος
513 2191 640 2268 ε’θέξατο
663 2191 719 2254 καί
747 2193 956 2273 περιέστειλεν
983 2182 1113 2252 ἔνδοθεν
1141 2185 1238 2273 (gfdd-

143 2295 269 2376 σθησαν
281 2288 343 2373 γάρ
356 2296 541 2373 προσελθεῖν
556 2289 611 2354 καί
619 2288 832 2374 ’προσρνῆναι
854 2289 985 2364 ἐκείνοις
1003 2277 1049 2352 ὧν
1062 2283 1121 2370 τὴν
1141 2310 1241 2351 ιιατιι-

25 2441 28 2490 i
100 2411 135 2467 20
146 2390 250 2476 φυγήν
273 2385 380 2464 ἄλλοις
405 2392 500 2456 αότοί
519 2390 754 2476 άπηχόρεοσαν,
775 2388 830 2455 καί
847 2379 894 2467 οἷν
914 2382 1008 2472 ὕβριν
1025 2390 1081 2453 καί
1111 2389 1241 2470 άτιμίιιν

145 2494 180 2557 ἐκ
200 2493 389 2575 προπετείας
412 2489 618 2567 άτασθάλσας
639 2495 821 2576 κατέχεον),
851 2487 934 2555 άλλά
955 2492 1018 2556 τάν
1038 2490 1143 2554 ἵππων
1174 2492 1241 2554 dur·

145 2589 253 2672 βάντες
273 2587 332 2656 σόν
356 2589 472 2672 ὀλίγοις
495 2594 559 2656 τόν
580 2592 662 2676 άμφ’
686 2588 805 2664 αότοάς
826 2587 906 2673 πρός
927 2582 1067 2673 ἑσπέραν
1095 2584 1242 2673 ἐξόρμη-

147 2715 214 2756 σαν.
256 2691 311 2756 καί
331 2691 613 2772 καταλαμβάνουσι
633 2689 688 2756 τὸν
702 2690 881 2756 Ῥονσίλιον
900 2693 947 2764 εἰς
963 2687 1165 2775 Ἡράκλειαν
1179 2679 1243 2772 ἤδη

148 2795 201 2875 τῆς
214 2789 300 2858 κατά
315 2793 380 2857 τάν
402 2788 580 2856 άντιπάλοιν
599 2791 684 2874 νίκης
706 2787 746 2856 τοὶ
769 2790 965 2878 χαριστήρια
988 2785 1126 2854 odorra·
1148 2779 1245 2854 dose-

150 3053 211 3106 tium
228 3053 347 3106 ordinem
365 3053 519 3106 adornaturi
538 3058 623 3118 eraut,
641 3068 729 3121 neque
749 3052 861 3122 classem
879 3051 1049 3121 reliquerunt
1065 3051 1124 3106 siue
1142 3049 1244 3118 guber.
1317 3090 1322 3093 .

151 3134 249 3192 natare,
269 3126 316 3178 sed
336 3126 415 3178 eiiam
435 3124 497 3176 huic
515 3126 686 3193 drungarium
703 3125 895 3192 imposuerunt.

244 3221 308 3277 Cum
327 3230 415 3274 autem
435 3221 474 3275 sic
493 3223 521 3273 iu
540 3221 605 3274 urhe
623 3237 667 3274 res
686 3237 716 3274 so
735 3221 884 3286 haberent,
910 3228 937 3273 et
956 3236 1005 3274 rex
1023 3219 1145 3274 sublatus
1163 3225 1243 3284 esset,

152 3295 193 3363 qui
211 3297 354 3347 exercitum
374 3295 464 3361 gravis
489 3302 637 3346 armaturae
657 3292 769 3347 haberet
795 3293 919 3346 mercede
945 3294 978 3345 ad
997 3292 1129 3360 myriades
1147 3307 1243 3344 nume.

151 3373 239 3429 ratum,
259 3381 371 3433 cumque
390 3365 544 3420 Botauiates
573 3364 705 3418 bellicose
725 3372 752 3416 et
780 3366 885 3416 fortiter
904 3366 1050 3418 commuuio
1068 3364 1245 3417 Romanorum

153 3435 238 3486 salutis
257 3436 370 3488 studium
385 3435 556 3503 gubernaret,
576 3438 634 3488 sine
654 3452 750 3488 cruore
773 3438 859 3488 omnis
885 3445 912 3488 et
929 3437 1091 3500 sinecaede
1108 3436 1243 3505 perlectus

154 3514 190 3557 est
208 3507 309 3568 exitus,
336 3506 373 3556 ita
390 3513 420 3556 ut
443 3522 479 3557 ue
496 3521 577 3558 nasus
604 3507 708 3572 quidem
727 3508 881 3574 cuiusquam
907 3509 1038 3576 sauguine
1061 3510 1245 3577 tingueretura

153 3576 177 3625 id
195 3577 261 3641 quod
281 3575 466 3626 documentum
486 3578 543 3626 eius
562 3575 624 3626 fidei
644 3577 687 3627 dei
709 3585 736 3626 et
753 3578 861 3631 divinae
880 3580 1023 3631 creationis
1050 3577 1128 3631 huius
1147 3577 1245 3629 certis-

154 3646 238 3696 simum
258 3653 299 3697 est
318 3652 344 3696 et
362 3646 475 3696 maxime
494 3645 650 3712 proprium:
671 3646 718 3696 sed
742 3661 834 3714 regern
853 3646 947 3698 habuit
964 3648 1007 3698 dei
1025 3651 1115 3700 matris
1133 3649 1161 3699 in
1179 3646 1246 3698 Bla.

155 3713 258 3767 cliernis.
277 3714 402 3782 templum
432 3717 626 3768 sanctissimum
646 3723 672 3766 et
691 3718 826 3781 servarit,
850 3726 989 3784 postquam
1020 3719 1049 3768 iu
1068 3733 1100 3769 eo
1120 3717 1246 3785 capillum

158 3794 181 3837 et
199 3793 316 3838 ornatum
336 3787 472 3854 deposuit:
492 3785 656 3854 logothetam
682 3794 769 3838 autem
788 3789 892 3840 eteius
919 3796 1144 3857 propugnatorem
1160 3790 1246 3842 Davi..

124 3914 125 3925 χ
158 3858 208 3910 dem
227 3860 271 3924 qui
297 3860 385 3926 magni
406 3859 563 3911 societatum
583 3858 656 3910 ducis
676 3857 805 3912 habuerat
830 3859 958 3923 cilicium,
977 3860 1023 3927 qui
1050 3861 1155 3928 quidem
1171 3861 1245 3912 iussu

155 3927 299 3996 logothetae
332 3945 458 3984 summum
483 3930 636 3997 pontificem
664 3946 680 3982 ο
715 3939 805 3982 sancta
837 3945 928 3982 mensa
960 3932 988 3981 in
1016 3945 1062 3982 ara
1097 3931 1245 3999 sapientiae

155 4001 229 4052 divini
255 4001 331 4054 verbi
357 4002 386 4055 vi
405 4003 539 4066 detraxit,
571 4001 644 4054 nulla
674 4002 765 4054 divina
792 4003 883 4053 domus
915 4002 1022 4068 excepit
1049 4009 1077 4054 ei
1102 4004 1169 4055 texit
1199 4002 1244 4053 in.

155 4078 202 4124 tus:
221 4074 300 4125 veriti
323 4073 393 4126 enim
418 4081 479 4126 sunt
502 4073 631 4126 accedere
658 4081 684 4124 et
707 4074 921 4141 appropinquare
950 4071 1023 4139 illis,
1049 4089 1157 4143 quarum
1176 4087 1244 4124 con.

156 4143 222 4212 fugio
240 4143 300 4198 aliis
318 4144 371 4211 ipsi
394 4145 603 4210 interdixerant,
630 4153 657 4196 et
675 4145 702 4196 iu
722 4159 787 4213 quas
813 4143 964 4212 superbiam
987 4153 1013 4197 et
1030 4144 1146 4200 dedecus
1163 4145 1245 4212 impia

156 4215 255 4274 romeis
274 4215 438 4274 effuderantr
457 4216 505 4274 sed
524 4231 607 4286 equos
625 4216 802 4273 ascendentes
831 4231 891 4271 cum
908 4217 1001 4288 parci·
1017 4231 1127 4275 aaaron
1143 4216 1177 4274 nd
1194 4229 1243 4271 οτ-
