3017 4892
605 336 813 405 maroam.
1045 428 1049 433 ¹
1121 396 1123 403 .
1191 324 1261 403 149

162 508 293 577 κατόπιν
317 505 461 573 ε’λαδνοον
488 507 528 570 οδ
547 509 702 590 προέθετο
723 512 882 589 συμμῖξαι
910 514 973 585 τοῖς
993 511 1262 589 προασσσταλεϊσι
1349 508 1353 521 ’

162 613 217 676 καί
238 612 283 695 τῷ
306 610 412 673 Χλίατ
432 611 642 691 προσβαλεῖν·
692 608 759 672 ἀλλ’
782 610 910 694 ἐπείπερ
935 606 1022 695 ἔφθη
1043 607 1124 672 κατοὶ
1145 603 1179 671 τὸ
1200 631 1264 670 πα.

161 707 279 795 paratv
300 706 369 784 ἔτος
388 704 614 792 χειρώσασθαι
632 707 814 792 Ῥωμαϊκήν
837 710 927 776 πόλιν
950 711 1149 792 Μανζικίερτ
1171 714 1263 791 λεγο-

160 814 257 895 μένην
293 808 309 872 δ
340 811 404 874 τοῖν
436 810 575 892 Περσῶν
607 807 749 893 α’ρχηγδς
771 807 969 894 (nouissima
1000 802 1067 873 οἶδε
1101 808 1212 873 τοῦτον
1244 804 1263 891 ἦ

136 909 288 977 {tinuimus
309 916 417 975 καλεῖν
439 907 572 995 φωνή),
595 907 651 973 καί
671 909 816 995 φύλακας
846 912 1080 994 ἐγκαταστῆσαι
1105 902 1268 992 Τοιῖρκουξ

161 1009 394 1093 ἷκανοδςχμετοὶ
417 1011 472 1073 καί
491 1012 689 1090 Διλιμιταῖν,
708 1013 820 1094 διέγνω
839 1010 949 1077 λοιπδν
972 1010 988 1074 δ
1008 1006 1160 1091 βασιλεῦς
1182 1006 1262 1089 πρό-

160 1135 252 1198 τερον
267 1114 317 1188 ἐἰς
346 1110 380 1177 τὸ
415 1104 492 1176 ἄστυ
513 1112 605 1177 τοῦτο
636 1117 834 1196 παραβαλεῖν
863 1115 917 1177 κατ’
939 1110 1187 1195 ἅναρρύσασθαι
1210 1108 1271 1175 καδ

159 1219 198 1303 τῇ
215 1217 383 1296 Ῥωμαίων
410 1214 667 1297 ἀποκαταστῆσαι
677 1234 693 1297 ,·
709 1216 765 1278 κατ’
786 1210 870 1279 οδτω
898 1222 965 1287 τοϊς
989 1214 1164 1295 α’λλοτρίοις
1183 1230 1264 1293 πρα-

160 1320 351 1398 σεπιβαλεῖν,
373 1306 441 1397 ἢτοι
461 1315 503 1400 τῷ
514 1311 627 1393 Χλιἀτ,
645 1310 689 1397 μη
715 1310 749 1377 ἐκ
770 1315 888 1377 πολλοῦ
907 1314 1099 1399 συγκειμένῳ
1124 1313 1168 1397 τηῖ
1189 1310 1264 1373 δια-

117 1412 309 1498 Ιθστήματι.
353 1409 599 1499 καταφρονήσας
621 1406 680 1479 οὖν
701 1415 761 1479 τοῖν
791 1408 1142 1498 καστροφυλακοδντων
1166 1414 1200 1475 ἐν
1221 1414 1264 1497 τῷ

160 1514 383 1597 Μαντζικίερτ
397 1499 557 1596 πολεμίων
577 1514 620 1592 ὥς
642 1518 703 1597 οὐχ
724 1513 841 1579 ἱκανῶν
864 1514 1041 1597 ὑποστῆναι
1064 1500 1121 1593 την
1144 1510 1260 1573 τούτου

159 1615 288 1702 ἔφοδον,
311 1616 366 1681 καί
387 1611 497 1697 ἑτέραν
519 1624 637 1698 μοῖραν
659 1609 890 1695 ἀποτεμόμενος
913 1617 1060 1695 πλείστην
1082 1613 1140 1673 τοῦ
1161 1634 1261 1693 στρα-

158 1721 234 1798 τοῦ,
265 1715 312 1781 ἔνι’
344 1720 406 1780 τοῖν
442 1714 605 1797 ἐπισήμων
633 1717 803 1798 ἐγχειρίζει
831 1711 889 1798 τήν
922 1716 1115 1795 στρατηγίαν
1149 1704 1261 1790 edred,

157 1815 274 1900 Ἰωσήφ
297 1815 461 1903 μαγέστριρ
482 1816 526 1903 τῷ
545 1814 764 1901 Τραχανιώτη,
787 1811 999 1897 προσεπιδοδς
1016 1814 1102 1900 αὐτῷ
1120 1812 1176 1876 καί
1193 1819 1263 1877 στῖ-

116 1930 150 1983 15
160 1941 219 2002 pec
241 1918 343 1994 πεζῶν
364 1916 422 1979 etis
444 1914 731 2001 εδκαταφρδνητον.
764 1909 803 2000 ἦν
825 1917 860 1980 δὲ
878 1912 913 1978 τδ
936 1915 1136 1998 ε’γχειρισδὲν
1155 1910 1262 2003 ἐκείνῳ
1355 1993 1366 2009 ⁴

159 2014 385 2099 στρατιωτικὸν
414 2015 449 2080 τὸ
481 2013 619 2099 ἔκκριτόν
652 2039 684 2078 τε
718 2019 772 2080 καί
803 2013 1069 2099 δυσμαχώτατον,
1102 2014 1159 2076 κα’ν
1192 2022 1261 2089 ταῖς

159 2123 356 2198 συμπλοκαῖς
378 2120 434 2181 καί
455 2125 521 2193 τοῖς
540 2109 647 2191 ἄλλοις
668 2120 816 2199 πολέμοις
839 2118 1086 2199 προκινδυνεῦον
1108 2117 1162 2177 καί
1184 2137 1261 2199 προ.
1283 2195 1286 2203 1
1361 2196 1364 2202 .

156 2214 431 2300 μαχόμενον,καί
461 2218 506 2314 εἷς
527 2221 648 2300 πλῆθος
672 2216 749 2280 πολδ
774 2218 910 2303 προέχον
937 2219 998 2281 τιδν
1020 2214 1262 2300 δποκρατηθὲν-

158 2342 221 2383 των.
240 2319 284 2405 τῷ
302 2322 437 2400 βασιλεῖ.
490 2316 545 2381 κατ’
575 2316 636 2402 γὰρ
666 2320 700 2382 ἐν
730 2326 800 2393 ταῖς
834 2317 1108 2403 προηγησαμένοις
1139 2313 1260 2398 μάχαις
1312 2338 1314 2345 ‘

114 2420 195 2485 atet
219 2418 355 2503 τοσαύτη
376 2422 524 2504 περιέστη
546 2427 613 2494 τοῖς
628 2419 800 2500 Ῥωμαίοις
835 2415 956 2502 ἀνάγκη
986 2416 1066 2499 μετὰ
1086 2421 1144 2481 τοῦ
1165 2421 1258 2499 βασι-

159 2523 247 2604 λέως,
271 2515 351 2584 ciete
372 2521 427 2584 καί
448 2517 505 2603 την
525 2518 625 2583 αδτοιῖ
644 2526 772 2600 μοῖραν,
794 2517 828 2581 τὸ
849 2514 1013 2601 λεγόμενον
1027 2516 1176 2600 συνήθως
1199 2519 1257 2581 α’λ-

158 2619 288 2702 λὰγιον,
320 2607 578 2684 διακινδυνεῦσαι
613 2622 669 2685 καί
703 2617 840 2697 πόλεμον
876 2616 1116 2699 ἀγωνίσασθαι·
1174 2618 1256 2679 α’λλοὶ

158 2716 427 2803 προαρσαζόντων
452 2717 509 2801 την
531 2724 616 2805 νίκην
641 2723 701 2784 τῶν
722 2720 841 2783 λοιπῶν
874 2715 985 2798 ἔμενον
1016 2713 1046 2779 οἱ
1065 2720 1109 2803 τῷ
1129 2720 1263 2798 βασιλεῖ

229 2923 253 2973 1.
273 2923 431 2993 προσέθετο
449 2920 479 2975 G.
595 2922 638 2975 23.
658 2923 769 2977 λοιπῶν
789 2922 930 2994 δλλαγλυν
951 2908 1102 2994 ἔμενονὊ.

158 3113 288 3167 commisit
312 3122 341 3164 ut
367 3115 575 3181 coniungeretur
600 3130 658 3165 cum
677 3122 756 3165 antee
781 3114 868 3165 missis
896 3119 922 3162 et
941 3110 1029 3165 Chliat
1047 3110 1254 3177 aggrederetur:

157 3187 204 3238 sed
230 3186 353 3253 queniam
381 3193 556 3237 anteveneret
581 3202 639 3237 eum
665 3187 810 3253 praeterito
837 3198 905 3235 anne
934 3182 1100 3235 subiiciendo
1127 3180 1254 3233 Graecam

157 3257 248 3311 urbem
268 3256 417 3310 diensikert
435 3258 529 3309 dictam
549 3257 688 3309 Persarum
713 3258 766 3309 dux
786 3256 933 3325 (sultanum
958 3254 1035 3306 novit
1054 3252 1124 3303 huuc
1145 3251 1254 3303 illorum
1350 3274 1354 3280 ·

157 3344 256 3379 vocare
275 3328 381 3396 lingua)
402 3338 429 3379 et
448 3330 572 3381 custodes
590 3329 750 3397 imponendo
770 3328 867 3380 Turcas
886 3327 1050 3379 sufficientes
1070 3341 1128 3376 cum
1146 3322 1255 3375 Dilimi-

157 3402 191 3451 tis
210 3415 326 3467 queque,
346 3401 437 3450 statuit
454 3402 505 3450 iam
524 3417 572 3452 rex
590 3410 668 3453 antea
688 3400 739 3450 hec
758 3400 882 3467 oppidum
901 3398 1005 3468 ingredi
1024 3406 1051 3448 et
1068 3411 1207 3458 revocare,
1228 3400 1255 3443 ct

158 3471 318 3523 Graecorum
337 3471 448 3535 imperio
467 3474 624 3536 restituere,
644 3480 670 3521 et
697 3472 733 3521 ita
752 3470 841 3523 aliena
865 3471 993 3539 aggredi,
1012 3470 1135 3520 nimirum
1155 3465 1253 3527 culiae,

159 3538 229 3607 quod
248 3554 301 3589 non
328 3539 409 3605 longo
429 3540 536 3592 abesset
564 3544 660 3607 spatie.
705 3551 878 3593 centemnens
906 3544 988 3611 igitur
1012 3541 1103 3593 hostes
1128 3540 1156 3589 in
1187 3534 1253 3588 urbe

158 3609 306 3663 Mannikert
325 3608 464 3659 castellum
481 3620 619 3663 servantes
639 3620 736 3663 utnon
756 3614 921 3663 sufficientes
940 3613 972 3663 sd
991 3611 1155 3663 subeundum
1174 3607 1252 3657 huius
1285 3622 1297 3657 ι

159 3683 294 3743 impetum,
315 3686 342 3728 et
360 3678 471 3729 alteram
496 3689 596 3745 partem
622 3682 780 3732 abscindens
806 3684 942 3732 mammam
972 3683 1115 3741 exercitus,
1135 3679 1180 3727 uni
1200 3690 1252 3726 uo-

159 3749 252 3802 bilium
276 3749 355 3801 tradit
380 3751 519 3816 imperium
548 3753 625 3816 cius,
645 3750 760 3817 losephe
789 3754 915 3819 magistro
934 3751 1136 3813 Trachaniotac,
1155 3746 1252 3799 addens

159 3824 184 3873 ei
205 3821 282 3872 etism
302 3836 397 3888 agmen
410 3821 526 3887 peditum
545 3838 598 3873 non
610 3822 798 3890 spernendum.
837 3831 893 3877 erat
911 3831 998 3873 autem
1015 3821 1125 3873 traditus
1142 3818 1183 3871 illi
1203 3834 1253 3869 ex..

160 3894 258 3945 ercitus
287 3900 314 3944 et
344 3891 446 3943 electus
473 3902 499 3943 et
523 3893 693 3963 impugabiiis
718 3896 746 3943 in
775 3894 946 3946 conserendis
965 3890 1085 3965 nppnibus
1105 3899 1132 3942 ct
1154 3890 1252 3941 ceteris

158 3964 238 4017 bellis
256 3965 368 4030 primum
387 3962 535 4029 periculum
555 3974 582 4015 et
601 3974 736 4017 certamen
765 3956 923 4033 suscipiens,
943 3973 970 4016 et
983 3962 1150 4016 multitudine
1169 3961 1251 4031 longe
1299 4012 1306 4019 ,
1330 3973 1335 3979 ’

157 4050 286 4102 supernus
305 4037 364 4101 regi
382 4036 527 4088 subiectos.
566 4038 663 4089 etenim
690 4038 716 4087 in
734 4038 887 4113 praeteritis
912 4037 1008 4104 pugnis
1027 4050 1081 4086 nan
1102 4042 1173 4087 tanta
1195 4043 1251 4085 erat

158 4108 266 4159 Graccis
284 4109 432 4159 necessitas
453 4124 510 4157 cum
530 4124 605 4176 tege,
623 4117 652 4159 ut
669 4110 748 4160 etiam
769 4110 826 4161 cius
845 4124 923 4177 pars,
944 4108 1025 4176 vulgo
1045 4108 1108 4158 dicti
1128 4114 1249 4172 „mutan-

157 4188 229 4243 νειμ
257 4178 407 4245 periculum
434 4179 535 4231 subiret
561 4188 587 4231 ct
612 4180 713 4232 bellum
730 4182 898 4246 decertaret,
924 4181 970 4233 sed
995 4176 1250 4246 praeoccupantibus

158 4251 295 4302 victorium
315 4253 413 4305 ceteris
434 4251 624 4319 „mutantibus“
651 4255 792 4306 manebant
811 4254 916 4306 ordines
944 4254 1002 4320 regi
1021 4251 1156 4305 coniuncti
1176 4252 1251 4325 extra
