3017 4892
284 344 359 435 'tol
492 392 495 396 -
577 350 795 428 ntentans
814 348 1083 430 ,trrmromn

284 543 435 627 βλοβείας
457 532 650 614 ῦπέδειγμα;
682 522 759 594 ὅθεν
785 532 840 593 καί
858 526 1038 606 θαυμάζειν
1065 545 1121 605 μοι
1145 519 1249 586 έπεισι
1277 520 1378 594 πῶς
1407 518 1452 584 οῖ

282 640 450 723 Ῥωμαίων
469 638 612 717 βασιλεῖς
633 628 705 704 τοῦς
728 628 852 703 εἰδότας
872 626 998 710 ἔχοντες
1022 625 1143 690 πολλοῦν
1164 620 1342 707 ἱστοριαῦν
1370 620 1449 685 καί

286 741 431 825 πράξειαν
452 733 632 819 έπιγνοῦσεις
654 733 709 795 καί
728 726 830 812 τάχος
849 725 1000 813 λαμπράς
1019 728 1076 790 κατ’
1093 725 1246 799 ταπεινάς
1264 727 1442 807 γινομέ-

286 868 344 918 νας
366 840 399 920 ἐξ
421 840 530 906 αἰτιοῦν
562 830 854 918 προφανεστάτοον,
877 822 923 892 οἷν
951 830 1067 909 μέν’έκ
1088 826 1180 890 θείου
1202 824 1322 907 χόλου
1351 832 1438 898 τοῖς

288 943 563 1027 ἁμαρτανομένοις
586 935 735 1019 σφοδρῶς
751 928 1022 1011 έπαναπτομένου,
1046 919 1091 992 οῦν
1112 929 1147 992 δὲ
1168 925 1230 990 α’τιδ
1255 931 1460 1007 βουλευ-5

288 1043 398 1128 μάταν
421 1044 581 1125 γλίσχραν
604 1037 659 1097 καί
681 1027 819 1114 α’χεννοῦν
850 1024 1174 1103 ratiocinatores&
1196 1024 1429 1111 πράγμασιν,

288 1145 404 1209 ου’δένα
426 1138 518 1223 λόγον
534 1136 639 1203 αὐτῶν
652 1132 849 1216 πεποίηνται,
872 1133 944 1195 οὐδ’
965 1132 1091 1209 άξιοῦσι
1112 1129 1170 1204 τοὶς
1183 1130 1295 1202 αι’τιάς
1322 1153 1429 1207 μαν-

287 1241 399 1309 θάνειν
421 1244 454 1317 ἐξ
475 1230 519 1303 ὧν
538 1236 578 1301 τά
602 1239 734 1301 τοιαῦτα
765 1229 996 1317 δυστυχήματα
1029 1232 1070 1314 τῇ
1088 1230 1256 1311 Ῥωμαίων
1278 1228 1423 1311 ἡγεμο-

263 1410 265 1416 ,
286 1350 339 1433 νίρι
352 1346 610 1427 προσπίπτουσιν·
628 1338 694 1401 ἀλλ’
709 1332 770 1417 έλξω
783 1339 885 1420 πάσης
902 1336 1020 1417 βουλῆς
1037 1334 1211 1418 θεοφιλοῦς
1224 1334 1283 1394 καί
1299 1334 1424 1412 θερα-
1446 1378 1450 1383 -

288 1448 381 1518 πειάς
408 1443 465 1508 τοῦ
487 1443 578 1503 θείου
604 1436 659 1502 καί
684 1441 741 1522 τῆς
768 1442 831 1502 τῶν
853 1436 996 1516 πατρίων
1018 1431 1125 1513 νόμων
1138 1431 1457 1513 incorporassent

289 1544 526 1624 καθιστάμενοι,
540 1539 685 1621 οἷβοάλως
701 1542 757 1603 καί
771 1536 932 1620 προπετῶς
944 1538 989 1610 εἰς
1003 1524 1159 1614 πολέμους
1172 1528 1342 1616 μεγάλους
1354 1534 1419 1597 κατ’

289 1643 463 1725 κινδύνους,
485 1643 530 1725 μή
553 1643 704 1724 πρότερον
727 1637 872 1708 τὸνθοὸν
894 1635 1116 1717 ἱλεοισάμενοι,
1140 1631 1197 1711 τάς
1213 1633 1415 1713 Ῥωμαϊκὰς

290 1742 442 1827 δυνάμεις
464 1739 636 1826 εἰσάγουσι,
661 1744 715 1805 καί
735 1742 909 1823 πάσχοντες
925 1744 1027 1811 κακοῖς
1042 1735 1097 1800 καί
1110 1732 1287 1819 ἡττώμενοι
1317 1735 1410 1818 sinq-

290 1846 351 1919 νοῦς
374 1842 525 1928 αἴσθησιν
545 1844 586 1905 ου’
606 1840 807 1923 λαμβάνουσι
824 1840 880 1922 τής
900 1840 934 1903 έκ
948 1840 1008 1903 τοῦ
1028 1839 1121 1900 θειόυ
1133 1839 1301 1915 νεμέσεως.
1329 1834 1406 1897 ἀλλ’

290 1943 322 2008 οἳ
343 1944 442 2009 πάλαι
459 1941 614 2027 Ῥωμαῖοι
638 1943 699 2025 οὐχ
724 1927 807 2007 οῦτοι
830 1942 1013 2019 ποιοῦντες,
1031 1936 1089 2012 τάς
1110 1933 1251 2021 φοβερὰς
1265 1934 1448 2012 Ιε’κείνας15

290 2051 346 2112 κατ’
365 2047 476 2129 μάχας
507 2045 561 2109 κατ’
591 2040 1012 2129 στρατηγιοιςκατοέρθουν,
1043 2034 1123 2103 άλλοὶ
1145 2039 1256 2120 κοιάιερ
1281 2039 1343 2121 τήν
1363 2040 1404 2101 ἐκ

290 2150 349 2211 τοῦ
370 2148 449 2209 θεοῦ
471 2142 565 2227 λόχου
581 2146 711 2235 καὶτῆς
733 2146 768 2207 ἐκ
789 2147 845 2227 τῆς
866 2142 1007 2226 οἲρρήτου
1028 2138 1083 2204 καί
1100 2137 1288 2224 ὑπερφυοῦς
1315 2160 1403 2219 σαρ-

291 2246 417 2320 κιέσεοις
442 2246 542 2310 ου’τοῦ
562 2247 616 2309 καί
636 2242 714 2308 κατά
738 2239 826 2308 τόνδε
848 2242 900 2333 τὸν
916 2243 1034 2325 κόσμον
1057 2241 1323 2323 συναναστροφῆς
1341 2260 1401 2302 νο-

293 2352 449 2429 μοθεσίαν
469 2350 579 2429 μηκέτι
609 2346 757 2427 λαβόντες
779 2346 834 2408 έπί
851 2342 887 2407 τά
913 2347 1018 2422 σέβειν
1048 2342 1087 2407 τά
1112 2347 1185 2406 θεῖα
1208 2342 1263 2403 καί
1282 2338 1399 2421 άρετῆς

201 2454 205 2462 ’
294 2452 531 2513 α’ντιποιεῖσθαι
546 2450 599 2510 καί
620 2442 695 2520 τοῦς
717 2450 771 2528 τῆς
789 2448 1000 2530 α’γαθοεργιάς
1021 2445 1139 2525 νόμους
1162 2442 1218 2505 καί
1231 2433 1436 2520 εῦσεβείαςλλ

263 2614 266 2625 ,
294 2548 350 2613 καί
370 2544 587 2631 καθαρότητος
617 2542 764 2627 έκθῦμοις
787 2554 918 2630 τηρεῖν,
954 2542 1040 2624 ῦμοος
1059 2549 1097 2630 τῇ
1118 2544 1239 2629 φυσικῇ
1260 2546 1396 2621 μεγαλο-

207 2654 209 2657 ’
296 2648 441 2739 φρασάνη
463 2647 541 2732 πρὸς
564 2648 621 2723 τ’άς
645 2650 762 2713 τούτων
794 2646 1034 2731 παρατηρήσεις
1064 2646 1221 2726 νουνεχῶς
1243 2639 1393 2705 έπαιδεῦ-

296 2772 378 2832 οντο,
398 2749 452 2814 καὶ
474 2748 560 2836 εἴπερ
584 2753 658 2816 ποτὲ
678 2754 795 2835 συνέβη
817 2749 856 2834 τῇ
870 2748 978 2835 Ῥώμη
999 2746 1062 2814 εἴτε
1076 2742 1166 2832 ἥττης
1183 2743 1391 2829 ’.δοσκλήρημιι

369 2935 410 2988 18.
430 2938 608 3009 νομοθεσίας
624 2934 654 2990 G.

298 3117 417 3177 babeant
437 3133 493 3185 eos,
514 3118 560 3186 qni
580 3117 697 3171 calleant
716 3116 898 3186 cognitionem
915 3116 1055 3170 multarum
1080 3116 1250 3170 historiarum
1265 3124 1386 3169 strenam

300 3200 329 3243 et
346 3191 467 3242 fortunas
487 3190 640 3256 splendidas
659 3197 686 3240 et
708 3189 833 3251 humiles,
855 3197 927 3241 ortas
949 3191 1035 3242 causis
1054 3190 1276 3243 manifestissimis
1299 3190 1386 3257 partim

297 3264 340 3313 ira
358 3262 449 3313 divina
469 3262 587 3326 peccatis
608 3260 784 3313 vehementer
800 3261 890 3311 addita
907 3263 1002 3327 partim
1027 3260 1147 3329 consiliis
1171 3262 1277 3313 minutis
1305 3269 1329 3311 et
1343 3263 1385 3329 ig-

298 3332 436 3384 nobilibus
456 3339 482 3382 et
500 3332 533 3381 ad
551 3346 594 3381 res
611 3333 666 3382 no'n
686 3333 765 3397 aptis,
785 3331 886 3384 nnllam
914 3333 1044 3385 rationem
1062 3349 1153 3384 eorum
1178 3332 1311 3383 habuerim
1337 3348 1385 3383 ne-

301 3418 354 3471 qne
374 3403 498 3453 studeant
517 3416 610 3453 causas
630 3417 808 3469 cognoscere,
828 3402 924 3482 quibup
943 3403 1008 3455 talia
1026 3404 1096 3456 mala
1116 3405 1274 3457 Graecorum
1283 3404 1383 3469 imperio

300 3473 431 3536 accidant,
450 3473 497 3524 sed
517 3481 591 3523 extra
611 3489 689 3525 omne
708 3474 850 3527 consilium
868 3475 919 3526 (leo
938 3486 1077 3543 acceptum
1096 3484 1124 3527 et
1155 3476 1255 3528 cultam
1282 3474 1383 3526 numinis

298 3546 384 3597 tlivini
408 3552 434 3595 ct
452 3545 650 3596 restitutionem
670 3545 761 3613 legum
792 3548 935 3613 patriarum
963 3550 1075 3612 versati,
1100 3548 1280 3615 imprudenter
1305 3554 1328 3596 ct
1343 3548 1383 3596 in-

299 3617 403 3669 cautius
422 3616 450 3668 in
468 3614 542 3669 bella
561 3632 656 3685 magna
676 3626 702 3669 et
722 3618 853 3685 pericula,
873 3635 926 3671 non
945 3628 1024 3672 antea
1051 3622 1101 3672 deo
1129 3620 1256 3686 placato,
1281 3618 1381 3670 Graecos

298 3690 433 3741 exereitus
456 3688 553 3740 ducant
572 3697 598 3739 et
617 3690 686 3741 male
705 3690 794 3742 allecti
814 3700 841 3743 et
857 3692 924 3743 vieti
944 3690 1098 3755 crudeliter,
1117 3706 1171 3741 non
1190 3690 1382 3742 animadvertant

297 3762 415 3814 divinam
435 3759 573 3812 ultionem.
612 3763 659 3813 sed
673 3762 754 3828 prisci
773 3762 885 3814 Romani
903 3778 957 3814 non
976 3764 1016 3815 sio
1029 3772 1152 3831 agentes,
1179 3760 1307 3814 terribiles
1327 3760 1381 3811 illas

300 3840 328 3884 et
347 3848 449 3900 pugnas
470 3841 496 3883 et
515 3833 700 3900 expeditiones
728 3832 845 3887 feliciter
870 3834 1007 3902 agebant:
1027 3843 1054 3886 at
1081 3848 1237 3904 quamquam
1262 3832 1329 3883 verbi
1343 3831 1380 3882 di-

301 3904 369 3967 vini,
387 3906 501 3969 mystico
520 3913 546 3956 et
565 3920 645 3971 supra
662 3914 781 3957 naturam
800 3907 878 3957 modo
896 3907 1026 3958 incarnati
1046 3914 1073 3957 et
1089 3908 1117 3957 in
1142 3905 1195 3957 boc
1218 3904 1307 3956 mundo
1324 3917 1380 3955 aar.

305 3974 356 4024 sati
374 3973 462 4042 legem
481 3991 535 4027 non
555 3986 716 4043 acceperant
734 3978 766 4028 ad
785 3978 897 4030 colenda
915 3979 1008 4029 divina
1027 3986 1055 4029 et
1070 3980 1198 4030 virtutem
1216 3976 1342 4044 petendam
1358 3980 1383 4024 et

257 4074 269 4093 x
303 4042 382 4108 leges
401 4045 609 4101 beneficientiae
627 4056 654 4099 et
672 4050 780 4115 pietatis
800 4058 827 4100 et
844 4050 1007 4117 integritatis
1024 4051 1144 4103 studiose
1161 4048 1382 4113 observandum-

300 4129 362 4167 men
386 4117 500 4169 naturali
521 4122 738 4187 magnanimitate
757 4121 790 4171 ad
811 4120 902 4171 barum
921 4136 1010 4173 rernm
1028 4123 1244 4175 observationem
1260 4122 1383 4189 prudentor

303 4186 484 4240 educabantur
507 4198 587 4257 atque
609 4192 755 4260 siquando
787 4190 885 4242 accidit
911 4191 1012 4245 Romae
1036 4196 1096 4248 sive
1124 4195 1208 4246 cladis
1234 4191 1383 4245 infortunium

303 4260 365 4317 sive
384 4265 414 4311 ut
431 4259 536 4328 signum
554 4277 610 4315 non
631 4264 746 4318 laustum
770 4270 921 4332 appareret,
937 4264 1047 4319 multum
1068 4265 1245 4321 instituebant
1254 4266 1382 4332 intonari·
