<?xml version="1.0" encoding="UTF-8"?>
<!DOCTYPE html PUBLIC "-//W3C//DTD XHTML 1.0 Transitional//EN"
    "http://www.w3.org/TR/xhtml1/DTD/xhtml1-transitional.dtd">
<html xmlns="http://www.w3.org/1999/xhtml" xml:lang="en" lang="en">
 <head>
  <title>
</title>
<meta http-equiv="Content-Type" content="text/html;charset=utf-8" />
  <meta name='ocr-system' content='tesseract 3.04.00' />
  <meta name='ocr-capabilities' content='ocr_page ocr_carea ocr_par ocr_line ocrx_word'/>
</head>
<body>
  <div class='ocr_page' id='page_1' title='image "./corpusscriptoru06theogoog/corpusscriptoru06theogoog_0368.png"; bbox 0 0 3017 4892; ppageno 0'>
   <div class='ocr_carea' id='block_1_1' title="bbox 303 307 1173 401">
    <p class='ocr_par' dir='ltr' id='par_1_1' title="bbox 303 307 1173 401">
     <span class='ocr_line' id='line_1_1' title="bbox 303 307 1173 401; baseline 0.007 -5"><span class='ocrx_word' id='word_1_1' title='bbox 303 307 378 396; x_wconf 77' lang='lat' dir='ltr'><strong>tte</strong></span> <span class='ocrx_word' id='word_1_2' title='bbox 600 323 821 398; x_wconf 71' lang='lat' dir='ltr'><strong>ntentans</strong></span> <span class='ocrx_word' id='word_1_3' title='bbox 849 321 1111 401; x_wconf 73' lang='lat' dir='ltr'><strong>eminuere</strong></span> <span class='ocrx_word' id='word_1_4' title='bbox 1168 356 1173 362; x_wconf 96' lang='lat'>·</span> 
     </span>
    </p>
   </div>
   <div class='ocr_carea' id='block_1_2' title="bbox 228 483 1453 2695">
    <p class='ocr_par' dir='ltr' id='par_1_2' title="bbox 228 483 1453 2695">
     <span class='ocr_line' id='line_1_2' title="bbox 302 483 1444 576; baseline 0.006 -24"><span class='ocrx_word' id='word_1_5' title='bbox 302 511 337 552; x_wconf 82' lang='grc' dir='ltr'><strong>τε</strong></span> <span class='ocrx_word' id='word_1_6' title='bbox 357 483 412 553; x_wconf 83' lang='grc' dir='ltr'><strong><em>καί</em></strong></span> <span class='ocrx_word' id='word_1_7' title='bbox 431 489 562 554; x_wconf 79' lang='grc' dir='ltr'><em>πόλεσιν.</em></span> <span class='ocrx_word' id='word_1_8' title='bbox 606 488 660 554; x_wconf 85' lang='grc' dir='ltr'><strong>διά</strong></span> <span class='ocrx_word' id='word_1_9' title='bbox 688 494 792 556; x_wconf 77' lang='grc' dir='ltr'><em>ταῦτα’</em></span> <span class='ocrx_word' id='word_1_10' title='bbox 816 517 866 558; x_wconf 91' lang='grc' dir='ltr'><strong>τοι</strong></span> <span class='ocrx_word' id='word_1_11' title='bbox 887 496 944 558; x_wconf 82' lang='grc' dir='ltr'><em>καί</em></span> <span class='ocrx_word' id='word_1_12' title='bbox 970 492 1066 576; x_wconf 84' lang='grc' dir='ltr'><em>νόμον</em></span> <span class='ocrx_word' id='word_1_13' title='bbox 1095 495 1184 576; x_wconf 77' lang='grc' dir='ltr'><em>περὶ</em></span> <span class='ocrx_word' id='word_1_14' title='bbox 1197 493 1444 559; x_wconf 54' lang='lat' dir='ltr'><strong>&#39;erithbe-</strong></span> 
     </span>
     <span class='ocr_line' id='line_1_3' title="bbox 228 583 1442 678; baseline 0.009 -28"><span class='ocrx_word' id='word_1_15' title='bbox 228 624 230 634; x_wconf 93' lang='lat'><em>·</em></span> <span class='ocrx_word' id='word_1_16' title='bbox 266 583 451 670; x_wconf 66' lang='grc' dir='ltr'><em>’γράψατο</em></span> <span class='ocrx_word' id='word_1_17' title='bbox 473 589 532 671; x_wconf 72' lang='grc' dir='ltr'><strong>τὴν</strong></span> <span class='ocrx_word' id='word_1_18' title='bbox 553 589 703 676; x_wconf 87' lang='grc' dir='ltr'><em>τοιαάτην</em></span> <span class='ocrx_word' id='word_1_19' title='bbox 732 599 913 673; x_wconf 72' lang='grc' dir='ltr'><strong><em>πλεονεξίαν</em></strong></span> <span class='ocrx_word' id='word_1_20' title='bbox 942 597 998 661; x_wconf 83' lang='grc' dir='ltr'><em>καί</em></span> <span class='ocrx_word' id='word_1_21' title='bbox 1027 597 1274 678; x_wconf 81' lang='grc' dir='ltr'><em>δεινοπραξίαν</em></span> <span class='ocrx_word' id='word_1_22' title='bbox 1315 597 1442 661; x_wconf 81' lang='grc' dir='ltr'><em>διακυ-</em></span> 
     </span>
     <span class='ocr_line' id='line_1_4' title="bbox 298 685 1439 781; baseline 0.009 -31"><span class='ocrx_word' id='word_1_23' title='bbox 298 685 425 774; x_wconf 76' lang='grc' dir='ltr'><em>λόοντα,</em></span> <span class='ocrx_word' id='word_1_24' title='bbox 451 689 493 765; x_wconf 74' lang='grc' dir='ltr'><em>ὥς</em></span> <span class='ocrx_word' id='word_1_25' title='bbox 513 693 559 765; x_wconf 79' lang='grc' dir='ltr'><em>εἰς</em></span> <span class='ocrx_word' id='word_1_26' title='bbox 580 688 700 770; x_wconf 83' lang='grc' dir='ltr'><em>πάντας</em></span> <span class='ocrx_word' id='word_1_27' title='bbox 718 692 795 769; x_wconf 86' lang='grc' dir='ltr'><em>τοός</em></span> <span class='ocrx_word' id='word_1_28' title='bbox 812 695 997 776; x_wconf 81' lang='grc' dir='ltr'><em>βασιλικοός</em></span> <span class='ocrx_word' id='word_1_29' title='bbox 1018 692 1226 779; x_wconf 72' lang='grc' dir='ltr'><strong><em>ἀνθρώπους</em></strong></span> <span class='ocrx_word' id='word_1_30' title='bbox 1253 697 1439 781; x_wconf 79' lang='grc' dir='ltr'><em>άφὲριιοο-</em></span> 
     </span>
     <span class='ocr_line' id='line_1_5' title="bbox 298 791 1438 878; baseline 0.006 -24"><span class='ocrx_word' id='word_1_31' title='bbox 298 811 359 854; x_wconf 90' lang='grc' dir='ltr'><em>σαν</em></span> <span class='ocrx_word' id='word_1_32' title='bbox 382 793 436 854; x_wconf 80' lang='grc' dir='ltr'><em>καί</em></span> <span class='ocrx_word' id='word_1_33' title='bbox 455 799 519 864; x_wconf 81' lang='grc' dir='ltr'><em>τοῖς</em></span> <span class='ocrx_word' id='word_1_34' title='bbox 541 794 708 871; x_wconf 77' lang='grc' dir='ltr'><em>βασιλεῦσι</em></span> <span class='ocrx_word' id='word_1_35' title='bbox 729 791 786 876; x_wconf 66' lang='grc' dir='ltr'><strong>τὴν</strong></span> <span class='ocrx_word' id='word_1_36' title='bbox 801 796 948 860; x_wconf 80' lang='grc' dir='ltr'><em>’δουλείαν</em></span> <span class='ocrx_word' id='word_1_37' title='bbox 969 797 1227 878; x_wconf 84' lang='grc' dir='ltr'><em>άποστεροῦσαν</em></span> <span class='ocrx_word' id='word_1_38' title='bbox 1255 800 1335 860; x_wconf 73' lang='grc' dir='ltr'><em>τῶν</em></span> <span class='ocrx_word' id='word_1_39' title='bbox 1352 805 1438 861; x_wconf 77' lang='grc' dir='ltr'><em>πλεί-</em></span> 
     </span>
     <span class='ocr_line' id='line_1_6' title="bbox 262 893 1451 982; baseline 0.009 -32"><span class='ocrx_word' id='word_1_40' title='bbox 262 941 268 950; x_wconf 91' lang='grc'><strong>.</strong></span> <span class='ocrx_word' id='word_1_41' title='bbox 299 913 380 955; x_wconf 80' lang='grc' dir='ltr'><em>οταν</em></span> <span class='ocrx_word' id='word_1_42' title='bbox 399 895 456 955; x_wconf 86' lang='grc' dir='ltr'><em>καί</em></span> <span class='ocrx_word' id='word_1_43' title='bbox 475 893 743 975; x_wconf 75' lang='grc' dir='ltr'><em>άγαθιὸνάνδράν</em></span> <span class='ocrx_word' id='word_1_44' title='bbox 757 894 848 982; x_wconf 73' lang='grc' dir='ltr'><strong>φόβῳ</strong></span> <span class='ocrx_word' id='word_1_45' title='bbox 870 898 927 978; x_wconf 81' lang='grc' dir='ltr'><strong>τῆς</strong></span> <span class='ocrx_word' id='word_1_46' title='bbox 949 899 1063 979; x_wconf 88' lang='grc' dir='ltr'><em>πικράς</em></span> <span class='ocrx_word' id='word_1_47' title='bbox 1083 901 1139 962; x_wconf 83' lang='grc' dir='ltr'><strong><em>καί</em></strong></span> <span class='ocrx_word' id='word_1_48' title='bbox 1153 900 1356 981; x_wconf 74' lang='grc' dir='ltr'><strong>βιωτικῆς</strong></span> <span class='ocrx_word' id='word_1_49' title='bbox 1368 902 1451 963; x_wconf 74' lang='grc' dir='ltr'><em>ἐτι-ἒ</em></span> 
     </span>
     <span class='ocr_line' id='line_1_7' title="bbox 300 988 1434 1080; baseline 0.007 -24"><span class='ocrx_word' id='word_1_50' title='bbox 300 995 420 1068; x_wconf 76' lang='grc' dir='ltr'><em>θέσεως</em></span> <span class='ocrx_word' id='word_1_51' title='bbox 441 988 566 1074; x_wconf 87' lang='grc' dir='ltr'><em>ταάτης.</em></span> <span class='ocrx_word' id='word_1_52' title='bbox 611 997 666 1064; x_wconf 85' lang='grc' dir='ltr'><em>καί</em></span> <span class='ocrx_word' id='word_1_53' title='bbox 685 997 807 1078; x_wconf 87' lang='grc' dir='ltr'><em>μηδένα</em></span> <span class='ocrx_word' id='word_1_54' title='bbox 830 995 951 1060; x_wconf 85' lang='grc' dir='ltr'><em>τοότυν</em></span> <span class='ocrx_word' id='word_1_55' title='bbox 972 992 988 1058; x_wconf 83' lang='grc' dir='ltr'><em>ό</em></span> <span class='ocrx_word' id='word_1_56' title='bbox 1009 996 1185 1073; x_wconf 73' lang='grc' dir='ltr'><em>θειότατος</em></span> <span class='ocrx_word' id='word_1_57' title='bbox 1206 989 1321 1074; x_wconf 81' lang='grc' dir='ltr'><em>οὗτος</em></span> <span class='ocrx_word' id='word_1_58' title='bbox 1341 1005 1434 1080; x_wconf 82' lang='grc' dir='ltr'><em>βασι-</em></span> 
     </span>
     <span class='ocr_line' id='line_1_8' title="bbox 301 1089 1431 1184; baseline 0.009 -28"><span class='ocrx_word' id='word_1_59' title='bbox 301 1089 375 1166; x_wconf 84' lang='grc' dir='ltr'><em>λεός</em></span> <span class='ocrx_word' id='word_1_60' title='bbox 405 1092 592 1174; x_wconf 74' lang='grc' dir='ltr'><em>ἐδογμάτισε</em></span> <span class='ocrx_word' id='word_1_61' title='bbox 627 1091 682 1156; x_wconf 84' lang='grc' dir='ltr'><strong><em>καί</em></strong></span> <span class='ocrx_word' id='word_1_62' title='bbox 711 1096 879 1160; x_wconf 72' lang='grc' dir='ltr'><em>ἐθέσπισεν</em></span> <span class='ocrx_word' id='word_1_63' title='bbox 907 1095 971 1163; x_wconf 85' lang='grc' dir='ltr'><em>εἴτε</em></span> <span class='ocrx_word' id='word_1_64' title='bbox 997 1097 1108 1173; x_wconf 73' lang='grc' dir='ltr'><em>ου’σιας</em></span> <span class='ocrx_word' id='word_1_65' title='bbox 1139 1098 1348 1184; x_wconf 83' lang='grc' dir='ltr'><em>άφαίρεσιν</em></span> <span class='ocrx_word' id='word_1_66' title='bbox 1377 1099 1431 1166; x_wconf 76' lang='grc' dir='ltr'><em>εἴτε</em></span> 
     </span>
     <span class='ocr_line' id='line_1_9' title="bbox 297 1189 1433 1284; baseline 0.01 -28"><span class='ocrx_word' id='word_1_67' title='bbox 297 1191 478 1276; x_wconf 77' lang='grc' dir='ltr'><em>έναλλαγην</em></span> <span class='ocrx_word' id='word_1_68' title='bbox 498 1193 721 1269; x_wconf 79' lang='grc' dir='ltr'><em>καταστάσεως</em></span> <span class='ocrx_word' id='word_1_69' title='bbox 741 1194 799 1260; x_wconf 82' lang='grc' dir='ltr'><em>εἴτ’</em></span> <span class='ocrx_word' id='word_1_70' title='bbox 820 1189 917 1282; x_wconf 81' lang='grc' dir='ltr'><em>άλλης</em></span> <span class='ocrx_word' id='word_1_71' title='bbox 939 1198 1008 1262; x_wconf 89' lang='grc' dir='ltr'><em>τινά</em></span> <span class='ocrx_word' id='word_1_72' title='bbox 1028 1201 1152 1284; x_wconf 76' lang='grc' dir='ltr'><em>βλάβης</em></span> <span class='ocrx_word' id='word_1_73' title='bbox 1161 1204 1230 1265; x_wconf 84' lang='grc' dir='ltr'><strong>ιιαί</strong></span> <span class='ocrx_word' id='word_1_74' title='bbox 1251 1199 1433 1277; x_wconf 66' lang='grc' dir='ltr'><em>κακώσεως</em></span> 
     </span>
     <span class='ocr_line' id='line_1_10' title="bbox 301 1290 1431 1384; baseline 0.007 -28"><span class='ocrx_word' id='word_1_75' title='bbox 301 1295 509 1374; x_wconf 90' lang='grc' dir='ltr'><em>περιπέτειαν,</em></span> <span class='ocrx_word' id='word_1_76' title='bbox 529 1295 560 1357; x_wconf 78' lang='grc' dir='ltr'><em>εἰ</em></span> <span class='ocrx_word' id='word_1_77' title='bbox 578 1290 624 1377; x_wconf 76' lang='grc' dir='ltr'><em>μή</em></span> <span class='ocrx_word' id='word_1_78' title='bbox 648 1295 683 1358; x_wconf 79' lang='grc' dir='ltr'><strong>ἐκ</strong></span> <span class='ocrx_word' id='word_1_79' title='bbox 706 1297 895 1377; x_wconf 71' lang='grc' dir='ltr'><em>δοκιμασίας</em></span> <span class='ocrx_word' id='word_1_80' title='bbox 914 1302 969 1363; x_wconf 83' lang='grc' dir='ltr'><em>καί</em></span> <span class='ocrx_word' id='word_1_81' title='bbox 991 1297 1198 1384; x_wconf 74' lang='grc' dir='ltr'><em>διαγνώσεως</em></span> <span class='ocrx_word' id='word_1_82' title='bbox 1230 1306 1299 1367; x_wconf 82' lang='grc' dir='ltr'><em>καί</em></span> <span class='ocrx_word' id='word_1_83' title='bbox 1322 1305 1431 1383; x_wconf 84' lang='grc' dir='ltr'><em>νόμοις</em></span> 
     </span>
     <span class='ocr_line' id='line_1_11' title="bbox 301 1392 1453 1486; baseline 0.009 -31"><span class='ocrx_word' id='word_1_84' title='bbox 301 1392 503 1478; x_wconf 75' lang='grc' dir='ltr'><em>ἡρμοσμένην</em></span> <span class='ocrx_word' id='word_1_85' title='bbox 534 1398 645 1459; x_wconf 76' lang='grc' dir='ltr'><em>τεκαὶ</em></span> <span class='ocrx_word' id='word_1_86' title='bbox 674 1393 878 1485; x_wconf 75' lang='grc' dir='ltr'><em>συνᾴδουσιν</em></span> <span class='ocrx_word' id='word_1_87' title='bbox 900 1395 1064 1484; x_wconf 80' lang='grc' dir='ltr'><em>α’πάφαόιν</em></span> <span class='ocrx_word' id='word_1_88' title='bbox 1088 1397 1330 1486; x_wconf 78' lang='grc' dir='ltr'><em>άπενέγκοιτο.</em></span> <span class='ocrx_word' id='word_1_89' title='bbox 1380 1403 1453 1466; x_wconf 70' lang='grc' dir='ltr'><em>ου’-ί</em></span> 
     </span>
     <span class='ocr_line' id='line_1_12' title="bbox 301 1492 1428 1584; baseline 0.012 -29"><span class='ocrx_word' id='word_1_90' title='bbox 301 1495 381 1558; x_wconf 80' lang='grc' dir='ltr'><em>ναόν</em></span> <span class='ocrx_word' id='word_1_91' title='bbox 402 1492 457 1558; x_wconf 83' lang='grc' dir='ltr'><em>καί</em></span> <span class='ocrx_word' id='word_1_92' title='bbox 474 1492 603 1569; x_wconf 81' lang='grc' dir='ltr'><em>’πάντες</em></span> <span class='ocrx_word' id='word_1_93' title='bbox 634 1497 833 1580; x_wconf 84' lang='grc' dir='ltr'><em>εδχαρίστως</em></span> <span class='ocrx_word' id='word_1_94' title='bbox 862 1497 896 1562; x_wconf 89' lang='grc' dir='ltr'><strong>τό</strong></span> <span class='ocrx_word' id='word_1_95' title='bbox 925 1504 983 1563; x_wconf 79' lang='grc' dir='ltr'><strong>τοῦ</strong></span> <span class='ocrx_word' id='word_1_96' title='bbox 1011 1502 1167 1584; x_wconf 87' lang='grc' dir='ltr'><em>δόγματος</em></span> <span class='ocrx_word' id='word_1_97' title='bbox 1195 1503 1428 1584; x_wconf 71' lang='grc' dir='ltr'><em>ἐννομώτατα</em></span> 
     </span>
     <span class='ocr_line' id='line_1_13' title="bbox 248 1591 1425 1686; baseline 0.011 -30"><span class='ocrx_word' id='word_1_98' title='bbox 248 1647 252 1656; x_wconf 93' lang='grc'>.</span> <span class='ocrx_word' id='word_1_99' title='bbox 301 1591 357 1660; x_wconf 81' lang='grc' dir='ltr'><em>καί</em></span> <span class='ocrx_word' id='word_1_100' title='bbox 377 1592 580 1660; x_wconf 81' lang='grc' dir='ltr'><em>δικαιότατον</em></span> <span class='ocrx_word' id='word_1_101' title='bbox 596 1593 625 1659; x_wconf 83' lang='grc' dir='ltr'><em>οἱ</em></span> <span class='ocrx_word' id='word_1_102' title='bbox 648 1600 702 1681; x_wconf 80' lang='grc' dir='ltr'><strong>τῆς</strong></span> <span class='ocrx_word' id='word_1_103' title='bbox 722 1605 895 1679; x_wconf 78' lang='grc' dir='ltr'><em>πολιτείας,</em></span> <span class='ocrx_word' id='word_1_104' title='bbox 915 1605 969 1666; x_wconf 81' lang='grc' dir='ltr'><em>καί</em></span> <span class='ocrx_word' id='word_1_105' title='bbox 979 1595 1048 1666; x_wconf 79' lang='grc' dir='ltr'><em>ὅσοι</em></span> <span class='ocrx_word' id='word_1_106' title='bbox 1062 1605 1118 1685; x_wconf 81' lang='grc' dir='ltr'><strong>τῆς</strong></span> <span class='ocrx_word' id='word_1_107' title='bbox 1130 1604 1341 1686; x_wconf 75' lang='grc' dir='ltr'><em>συγκλήτου</em></span> <span class='ocrx_word' id='word_1_108' title='bbox 1352 1610 1425 1686; x_wconf 71' lang='lat' dir='ltr'><strong>pov-</strong></span> 
     </span>
     <span class='ocr_line' id='line_1_14' title="bbox 302 1695 1424 1791; baseline 0.012 -32"><span class='ocrx_word' id='word_1_109' title='bbox 302 1697 370 1778; x_wconf 79' lang='grc' dir='ltr'><em>λῆς,</em></span> <span class='ocrx_word' id='word_1_110' title='bbox 392 1695 558 1775; x_wconf 83' lang='grc' dir='ltr'><em>δεξάμενοι</em></span> <span class='ocrx_word' id='word_1_111' title='bbox 580 1697 633 1761; x_wconf 79' lang='grc' dir='ltr'><em>καί</em></span> <span class='ocrx_word' id='word_1_112' title='bbox 653 1699 882 1780; x_wconf 82' lang='grc' dir='ltr'><em>α’πσδεξάμενοι</em></span> <span class='ocrx_word' id='word_1_113' title='bbox 903 1707 963 1788; x_wconf 84' lang='grc' dir='ltr'><em>(εἰς</em></span> <span class='ocrx_word' id='word_1_114' title='bbox 986 1705 1118 1786; x_wconf 75' lang='grc' dir='ltr'><em>ἐπήκοον</em></span> <span class='ocrx_word' id='word_1_115' title='bbox 1141 1705 1211 1788; x_wconf 88' lang='grc' dir='ltr'><strong>γάρ</strong></span> <span class='ocrx_word' id='word_1_116' title='bbox 1232 1707 1424 1791; x_wconf 73' lang='grc' dir='ltr'><em>ἀνεγνώσθη</em></span> 
     </span>
     <span class='ocr_line' id='line_1_15' title="bbox 305 1777 1425 1891; baseline 0.013 -33"><span class='ocrx_word' id='word_1_117' title='bbox 305 1795 446 1880; x_wconf 83' lang='grc' dir='ltr'><em>πάντων)</em></span> <span class='ocrx_word' id='word_1_118' title='bbox 471 1777 602 1872; x_wconf 78' lang='grc' dir='ltr'><em>πολλαῖς</em></span> <span class='ocrx_word' id='word_1_119' title='bbox 627 1799 803 1884; x_wconf 84' lang='grc' dir='ltr'><em>εόφημίαις</em></span> <span class='ocrx_word' id='word_1_120' title='bbox 826 1805 881 1867; x_wconf 81' lang='grc' dir='ltr'><em>καί</em></span> <span class='ocrx_word' id='word_1_121' title='bbox 902 1804 1026 1886; x_wconf 83' lang='grc' dir='ltr'><em>κρότοις</em></span> <span class='ocrx_word' id='word_1_122' title='bbox 1046 1803 1101 1868; x_wconf 91' lang='grc' dir='ltr'><strong>τόν</strong></span> <span class='ocrx_word' id='word_1_123' title='bbox 1111 1804 1260 1891; x_wconf 78' lang='grc' dir='ltr'><em>εόρετῆν</em></span> <span class='ocrx_word' id='word_1_124' title='bbox 1271 1812 1346 1874; x_wconf 72' lang='grc' dir='ltr'><strong>τῶν</strong></span> <span class='ocrx_word' id='word_1_125' title='bbox 1356 1817 1425 1874; x_wconf 83' lang='grc' dir='ltr'><em>κολ-</em></span> 
     </span>
     <span class='ocr_line' id='line_1_16' title="bbox 302 1898 1444 1990; baseline 0.012 -30"><span class='ocrx_word' id='word_1_126' title='bbox 302 1898 415 1960; x_wconf 74' lang='lat' dir='ltr'><strong>llorere</strong></span> <span class='ocrx_word' id='word_1_127' title='bbox 436 1898 492 1961; x_wconf 86' lang='grc' dir='ltr'><em>καί</em></span> <span class='ocrx_word' id='word_1_128' title='bbox 508 1899 729 1984; x_wconf 79' lang='grc' dir='ltr'><em>έλευθερωτην</em></span> <span class='ocrx_word' id='word_1_129' title='bbox 752 1903 815 1966; x_wconf 78' lang='grc' dir='ltr'><strong>τῶν</strong></span> <span class='ocrx_word' id='word_1_130' title='bbox 838 1903 1019 1988; x_wconf 74' lang='grc' dir='ltr'><em>ἀνθρώπων</em></span> <span class='ocrx_word' id='word_1_131' title='bbox 1039 1907 1198 1990; x_wconf 84' lang='grc' dir='ltr'><em>ἐτίμησάν</em></span> <span class='ocrx_word' id='word_1_132' title='bbox 1225 1933 1266 1972; x_wconf 89' lang='grc' dir='ltr'><strong>τε</strong></span> <span class='ocrx_word' id='word_1_133' title='bbox 1293 1916 1360 1974; x_wconf 78' lang='grc' dir='ltr'><em>καί</em></span> <span class='ocrx_word' id='word_1_134' title='bbox 1373 1905 1444 1990; x_wconf 64' lang='lat' dir='ltr'><strong>sis-c</strong></span> 
     </span>
     <span class='ocr_line' id='line_1_17' title="bbox 303 1995 1421 2095; baseline 0.013 -35"><span class='ocrx_word' id='word_1_135' title='bbox 303 2017 400 2080; x_wconf 75' lang='grc' dir='ltr'><em>νησαν</em></span> <span class='ocrx_word' id='word_1_136' title='bbox 422 1995 465 2072; x_wconf 68' lang='lat' dir='ltr'><strong>cir</strong></span> <span class='ocrx_word' id='word_1_137' title='bbox 490 1995 544 2060; x_wconf 77' lang='grc' dir='ltr'><em>καί</em></span> <span class='ocrx_word' id='word_1_138' title='bbox 564 1999 669 2063; x_wconf 85' lang='grc' dir='ltr'><em>κοινὸν</em></span> <span class='ocrx_word' id='word_1_139' title='bbox 692 2001 859 2086; x_wconf 84' lang='grc' dir='ltr'><em>εδεργέτην</em></span> <span class='ocrx_word' id='word_1_140' title='bbox 889 1997 963 2070; x_wconf 82' lang='grc' dir='ltr'><em>ὅντα</em></span> <span class='ocrx_word' id='word_1_141' title='bbox 991 2013 1055 2079; x_wconf 72' lang='grc' dir='ltr'><em>τοῖς</em></span> <span class='ocrx_word' id='word_1_142' title='bbox 1083 2015 1421 2095; x_wconf 67' lang='grc' dir='ltr'><em>κοινοῖςιπαραγγίλ-</em></span> 
     </span>
     <span class='ocr_line' id='line_1_18' title="bbox 300 2090 1420 2195; baseline 0.016 -36"><span class='ocrx_word' id='word_1_143' title='bbox 300 2090 381 2176; x_wconf 84' lang='grc' dir='ltr'><em>μασι</em></span> <span class='ocrx_word' id='word_1_144' title='bbox 404 2100 459 2161; x_wconf 83' lang='grc' dir='ltr'><em>καί</em></span> <span class='ocrx_word' id='word_1_145' title='bbox 480 2097 688 2182; x_wconf 80' lang='grc' dir='ltr'><em>θεσπίσμασι,</em></span> <span class='ocrx_word' id='word_1_146' title='bbox 710 2107 765 2166; x_wconf 82' lang='grc' dir='ltr'><em>καί</em></span> <span class='ocrx_word' id='word_1_147' title='bbox 785 2106 851 2190; x_wconf 75' lang='grc' dir='ltr'><em>ἰδία</em></span> <span class='ocrx_word' id='word_1_148' title='bbox 861 2105 981 2180; x_wconf 82' lang='grc' dir='ltr'><em>πάντας</em></span> <span class='ocrx_word' id='word_1_149' title='bbox 1003 2106 1082 2170; x_wconf 88' lang='grc' dir='ltr'><em>κατά</em></span> <span class='ocrx_word' id='word_1_150' title='bbox 1105 2106 1141 2173; x_wconf 91' lang='grc' dir='ltr'><strong>τό</strong></span> <span class='ocrx_word' id='word_1_151' title='bbox 1156 2118 1309 2195; x_wconf 82' lang='grc' dir='ltr'><em>συνεχὲς</em></span> <span class='ocrx_word' id='word_1_152' title='bbox 1334 2117 1420 2177; x_wconf 79' lang='grc' dir='ltr'><em>ἑπευ-</em></span> 
     </span>
     <span class='ocr_line' id='line_1_19' title="bbox 303 2195 1417 2300; baseline 0.019 -41"><span class='ocrx_word' id='word_1_153' title='bbox 303 2195 490 2281; x_wconf 82' lang='grc' dir='ltr'><em>φροίνοντα,</em></span> <span class='ocrx_word' id='word_1_154' title='bbox 514 2203 568 2264; x_wconf 82' lang='grc' dir='ltr'><em>καί</em></span> <span class='ocrx_word' id='word_1_155' title='bbox 585 2200 625 2265; x_wconf 88' lang='grc' dir='ltr'><strong>τά</strong></span> <span class='ocrx_word' id='word_1_156' title='bbox 649 2205 748 2266; x_wconf 83' lang='grc' dir='ltr'><em>οἰκεία</em></span> <span class='ocrx_word' id='word_1_157' title='bbox 770 2205 983 2288; x_wconf 85' lang='grc' dir='ltr'><em>χαριζόμενον</em></span> <span class='ocrx_word' id='word_1_158' title='bbox 1003 2211 1121 2274; x_wconf 87' lang='grc' dir='ltr'><em>δίκαια.</em></span> <span class='ocrx_word' id='word_1_159' title='bbox 1164 2211 1323 2290; x_wconf 78' lang='grc' dir='ltr'><em>πολλοάς</em></span> <span class='ocrx_word' id='word_1_160' title='bbox 1347 2213 1417 2300; x_wconf 87' lang='grc' dir='ltr'><em>γάρ,</em></span> 
     </span>
     <span class='ocr_line' id='line_1_20' title="bbox 300 2293 1417 2396; baseline 0.021 -38"><span class='ocrx_word' id='word_1_161' title='bbox 300 2299 422 2376; x_wconf 89' lang='grc' dir='ltr'><em>μάλλον</em></span> <span class='ocrx_word' id='word_1_162' title='bbox 450 2299 487 2361; x_wconf 81' lang='grc' dir='ltr'><strong>δὲ</strong></span> <span class='ocrx_word' id='word_1_163' title='bbox 516 2293 681 2381; x_wconf 76' lang='grc' dir='ltr'><em>ἅπαντας,</em></span> <span class='ocrx_word' id='word_1_164' title='bbox 710 2313 779 2377; x_wconf 82' lang='grc' dir='ltr'><em>ταῖς</em></span> <span class='ocrx_word' id='word_1_165' title='bbox 810 2314 1096 2396; x_wconf 81' lang='grc' dir='ltr'><em>προαφηρημέναις</em></span> <span class='ocrx_word' id='word_1_166' title='bbox 1124 2313 1255 2378; x_wconf 87' lang='grc' dir='ltr'><em>τοότων</em></span> <span class='ocrx_word' id='word_1_167' title='bbox 1296 2319 1417 2391; x_wconf 79' lang='grc' dir='ltr'><em>ου’σιάις</em></span> 
     </span>
     <span class='ocr_line' id='line_1_21' title="bbox 302 2395 1441 2503; baseline 0.018 -43"><span class='ocrx_word' id='word_1_168' title='bbox 302 2395 548 2486; x_wconf 73' lang='grc' dir='ltr'><em>ἀποκατέστησε,</em></span> <span class='ocrx_word' id='word_1_169' title='bbox 569 2407 623 2465; x_wconf 85' lang='grc' dir='ltr'><em>καί</em></span> <span class='ocrx_word' id='word_1_170' title='bbox 643 2402 781 2469; x_wconf 79' lang='grc' dir='ltr'><em>κάθοδον</em></span> <span class='ocrx_word' id='word_1_171' title='bbox 802 2408 910 2473; x_wconf 81' lang='grc' dir='ltr'><em>αότάὶν</em></span> <span class='ocrx_word' id='word_1_172' title='bbox 935 2408 969 2490; x_wconf 80' lang='grc' dir='ltr'><strong>ἐξ</strong></span> <span class='ocrx_word' id='word_1_173' title='bbox 996 2407 1176 2496; x_wconf 81' lang='grc' dir='ltr'><em>όπεροριάν</em></span> <span class='ocrx_word' id='word_1_174' title='bbox 1198 2413 1441 2503; x_wconf 51' lang='lat' dir='ltr'><strong>&amp;mammetem</strong></span> 
     </span>
     <span class='ocr_line' id='line_1_22' title="bbox 304 2496 1413 2604; baseline 0.021 -42"><span class='ocrx_word' id='word_1_175' title='bbox 304 2497 360 2562; x_wconf 79' lang='grc' dir='ltr'><em>καί</em></span> <span class='ocrx_word' id='word_1_176' title='bbox 380 2505 541 2581; x_wconf 76' lang='grc' dir='ltr'><em>κειμένους</em></span> <span class='ocrx_word' id='word_1_177' title='bbox 564 2496 626 2589; x_wconf 80' lang='grc' dir='ltr'><strong>ἢδη</strong></span> <span class='ocrx_word' id='word_1_178' title='bbox 648 2504 702 2570; x_wconf 83' lang='grc' dir='ltr'>καί</span> <span class='ocrx_word' id='word_1_179' title='bbox 732 2511 926 2590; x_wconf 76' lang='grc' dir='ltr'><em>τεθυμένους</em></span> <span class='ocrx_word' id='word_1_180' title='bbox 947 2512 1091 2599; x_wconf 80' lang='grc' dir='ltr'><em>ὲζιόωσε,</em></span> <span class='ocrx_word' id='word_1_181' title='bbox 1122 2515 1177 2579; x_wconf 83' lang='grc' dir='ltr'><em>καί</em></span> <span class='ocrx_word' id='word_1_182' title='bbox 1208 2517 1322 2604; x_wconf 77' lang='grc' dir='ltr'><em>πνοὴν</em></span> <span class='ocrx_word' id='word_1_183' title='bbox 1353 2525 1413 2587; x_wconf 83' lang='grc' dir='ltr'><em>ένέ·</em></span> 
     </span>
     <span class='ocr_line' id='line_1_23' title="bbox 300 2594 902 2695; baseline 0.022 -31"><span class='ocrx_word' id='word_1_184' title='bbox 300 2623 433 2668; x_wconf 89' lang='grc' dir='ltr'><em>πνευσεν</em></span> <span class='ocrx_word' id='word_1_185' title='bbox 454 2594 490 2686; x_wconf 81' lang='grc' dir='ltr'><em>ἧς</em></span> <span class='ocrx_word' id='word_1_186' title='bbox 503 2603 536 2669; x_wconf 87' lang='grc' dir='ltr'><strong>τά</strong></span> <span class='ocrx_word' id='word_1_187' title='bbox 563 2607 703 2690; x_wconf 74' lang='grc' dir='ltr'><em>πρόσθεν</em></span> <span class='ocrx_word' id='word_1_188' title='bbox 725 2610 902 2695; x_wconf 81' lang='grc' dir='ltr'><em>ἐστέρηντο.</em></span> 
     </span>
    </p>
   </div>
   <div class='ocr_carea' id='block_1_3' title="bbox 301 2721 1453 2924">
    <p class='ocr_par' dir='ltr' id='par_1_3' title="bbox 301 2721 1453 2924">
     <span class='ocr_line' id='line_1_24' title="bbox 326 2721 1453 2825; baseline 0.021 -41"><span class='ocrx_word' id='word_1_189' title='bbox 326 2769 343 2800; x_wconf 78' lang='grc'><em>,</em></span> <span class='ocrx_word' id='word_1_190' title='bbox 400 2725 470 2786; x_wconf 85' lang='grc' dir='ltr'><em>Καί</em></span> <span class='ocrx_word' id='word_1_191' title='bbox 489 2724 521 2788; x_wconf 82' lang='grc' dir='ltr'><strong>τί</strong></span> <span class='ocrx_word' id='word_1_192' title='bbox 538 2721 602 2807; x_wconf 75' lang='grc' dir='ltr'><strong>χρῆ</strong></span> <span class='ocrx_word' id='word_1_193' title='bbox 623 2723 663 2789; x_wconf 92' lang='grc' dir='ltr'><strong>τά</strong></span> <span class='ocrx_word' id='word_1_194' title='bbox 687 2727 787 2793; x_wconf 91' lang='grc' dir='ltr'><em>πολλά</em></span> <span class='ocrx_word' id='word_1_195' title='bbox 809 2736 929 2814; x_wconf 73' lang='grc' dir='ltr'><em>λέγεινς</em></span> <span class='ocrx_word' id='word_1_196' title='bbox 954 2731 982 2798; x_wconf 79' lang='grc' dir='ltr'><em>εἰ</em></span> <span class='ocrx_word' id='word_1_197' title='bbox 1003 2733 1108 2812; x_wconf 87' lang='grc' dir='ltr'><em>πάσας</em></span> <span class='ocrx_word' id='word_1_198' title='bbox 1126 2736 1205 2801; x_wconf 87' lang='grc' dir='ltr'><em>κατά</em></span> <span class='ocrx_word' id='word_1_199' title='bbox 1229 2743 1340 2825; x_wconf 86' lang='grc' dir='ltr'><em>μέρος</em></span> <span class='ocrx_word' id='word_1_200' title='bbox 1361 2744 1410 2816; x_wconf 87' lang='grc' dir='ltr'><strong>τός</strong></span> <span class='ocrx_word' id='word_1_201' title='bbox 1451 2748 1453 2773; x_wconf 56' lang='lat'>⁸</span> 
     </span>
     <span class='ocr_line' id='line_1_25' title="bbox 301 2818 1410 2924; baseline 0.017 -38"><span class='ocrx_word' id='word_1_202' title='bbox 301 2818 415 2886; x_wconf 74' lang='grc' dir='ltr'><em>τούτου</em></span> <span class='ocrx_word' id='word_1_203' title='bbox 435 2825 667 2909; x_wconf 74' lang='grc' dir='ltr'><em>μεγαλουργίας</em></span> <span class='ocrx_word' id='word_1_204' title='bbox 690 2829 910 2914; x_wconf 84' lang='grc' dir='ltr'><em>α’νογράπτους</em></span> <span class='ocrx_word' id='word_1_205' title='bbox 932 2841 1032 2899; x_wconf 85' lang='grc' dir='ltr'><em>ποιεῖν</em></span> <span class='ocrx_word' id='word_1_206' title='bbox 1053 2832 1283 2923; x_wconf 75' lang='grc' dir='ltr'><em>όπιβῑάλλοιμι,</em></span> <span class='ocrx_word' id='word_1_207' title='bbox 1308 2837 1410 2924; x_wconf 80' lang='grc' dir='ltr'><em>ὅμοιος</em></span> 
     </span>
    </p>
   </div>
   <div class='ocr_carea' id='block_1_4' title="bbox 371 3003 558 3080">
    <p class='ocr_par' dir='ltr' id='par_1_4' title="bbox 371 3003 558 3080">
     <span class='ocr_line' id='line_1_26' title="bbox 371 3003 558 3080; baseline 0.016 -20"><span class='ocrx_word' id='word_1_208' title='bbox 371 3003 397 3060; x_wconf 83' lang='grc'><strong>6.</strong></span> <span class='ocrx_word' id='word_1_209' title='bbox 417 3003 558 3080; x_wconf 71' lang='grc' dir='ltr'><em>μηδενόςλ</em></span> 
     </span>
    </p>
   </div>
   <div class='ocr_carea' id='block_1_5' title="bbox 213 3179 1406 3976">
    <p class='ocr_par' dir='ltr' id='par_1_5' title="bbox 213 3179 1406 3626">
     <span class='ocr_line' id='line_1_27' title="bbox 298 3179 1406 3257; baseline 0.024 -27"><span class='ocrx_word' id='word_1_210' title='bbox 298 3179 512 3246; x_wconf 72' lang='lat' dir='ltr'><strong>persecutionem</strong></span> <span class='ocrx_word' id='word_1_211' title='bbox 532 3182 609 3236; x_wconf 85' lang='lat' dir='ltr'><strong>hano.</strong></span> <span class='ocrx_word' id='word_1_212' title='bbox 654 3193 733 3256; x_wconf 87' lang='lat' dir='ltr'><strong>atque</strong></span> <span class='ocrx_word' id='word_1_213' title='bbox 752 3190 884 3241; x_wconf 90' lang='lat' dir='ltr'><strong>neminem</strong></span> <span class='ocrx_word' id='word_1_214' title='bbox 909 3190 1002 3244; x_wconf 90' lang='lat' dir='ltr'><strong>horum</strong></span> <span class='ocrx_word' id='word_1_215' title='bbox 1020 3195 1133 3246; x_wconf 86' lang='lat' dir='ltr'><strong>maxime</strong></span> <span class='ocrx_word' id='word_1_216' title='bbox 1159 3198 1270 3252; x_wconf 89' lang='lat' dir='ltr'><strong>divinus</strong></span> <span class='ocrx_word' id='word_1_217' title='bbox 1302 3203 1348 3256; x_wconf 89' lang='lat' dir='ltr'><strong>bic</strong></span> <span class='ocrx_word' id='word_1_218' title='bbox 1366 3222 1406 3257; x_wconf 87' lang='lat' dir='ltr'><strong>rer</strong></span> 
     </span>
     <span class='ocr_line' id='line_1_28' title="bbox 298 3249 1405 3332; baseline 0.025 -30"><span class='ocrx_word' id='word_1_219' title='bbox 298 3249 455 3304; x_wconf 79' lang='lat' dir='ltr'><strong>diiudicarit</strong></span> <span class='ocrx_word' id='word_1_220' title='bbox 471 3269 559 3322; x_wconf 90' lang='lat' dir='ltr'><strong>neque</strong></span> <span class='ocrx_word' id='word_1_221' title='bbox 580 3258 722 3323; x_wconf 88' lang='lat' dir='ltr'><strong>imperavit</strong></span> <span class='ocrx_word' id='word_1_222' title='bbox 746 3261 804 3312; x_wconf 90' lang='lat' dir='ltr'><strong>sive</strong></span> <span class='ocrx_word' id='word_1_223' title='bbox 821 3261 950 3315; x_wconf 91' lang='lat' dir='ltr'><strong>bonorum</strong></span> <span class='ocrx_word' id='word_1_224' title='bbox 971 3268 1135 3332; x_wconf 79' lang='lat' dir='ltr'><strong>ereptionem</strong></span> <span class='ocrx_word' id='word_1_225' title='bbox 1150 3270 1210 3321; x_wconf 84' lang='lat' dir='ltr'><strong>sive</strong></span> <span class='ocrx_word' id='word_1_226' title='bbox 1231 3279 1405 3328; x_wconf 73' lang='lat' dir='ltr'><strong>mutationem</strong></span> 
     </span>
     <span class='ocr_line' id='line_1_29' title="bbox 299 3321 1403 3405; baseline 0.024 -29"><span class='ocrx_word' id='word_1_227' title='bbox 299 3321 462 3376; x_wconf 86' lang='lat' dir='ltr'><strong>conditionis</strong></span> <span class='ocrx_word' id='word_1_228' title='bbox 482 3325 541 3376; x_wconf 87' lang='lat' dir='ltr'><strong>sive</strong></span> <span class='ocrx_word' id='word_1_229' title='bbox 573 3327 645 3380; x_wconf 87' lang='lat' dir='ltr'><strong>aliud</strong></span> <span class='ocrx_word' id='word_1_230' title='bbox 664 3330 750 3381; x_wconf 86' lang='lat' dir='ltr'><strong>damni</strong></span> <span class='ocrx_word' id='word_1_231' title='bbox 772 3341 798 3383; x_wconf 91' lang='lat' dir='ltr'><strong>et</strong></span> <span class='ocrx_word' id='word_1_232' title='bbox 817 3333 974 3387; x_wconf 79' lang='lat' dir='ltr'><strong>calamitatis</strong></span> <span class='ocrx_word' id='word_1_233' title='bbox 992 3338 1154 3405; x_wconf 81' lang='lat' dir='ltr'><strong>discrimen,</strong></span> <span class='ocrx_word' id='word_1_234' title='bbox 1174 3343 1229 3392; x_wconf 91' lang='lat' dir='ltr'><strong>nisi</strong></span> <span class='ocrx_word' id='word_1_235' title='bbox 1250 3361 1283 3396; x_wconf 89' lang='lat' dir='ltr'><strong>re</strong></span> <span class='ocrx_word' id='word_1_236' title='bbox 1308 3351 1403 3400; x_wconf 85' lang='lat' dir='ltr'><strong>exami-</strong></span> 
     </span>
     <span class='ocr_line' id='line_1_30' title="bbox 298 3394 1401 3472; baseline 0.025 -27"><span class='ocrx_word' id='word_1_237' title='bbox 298 3401 360 3446; x_wconf 87' lang='lat' dir='ltr'><strong>nata</strong></span> <span class='ocrx_word' id='word_1_238' title='bbox 380 3401 407 3445; x_wconf 89' lang='lat' dir='ltr'><strong>et</strong></span> <span class='ocrx_word' id='word_1_239' title='bbox 425 3394 569 3447; x_wconf 90' lang='lat' dir='ltr'><strong>diiudicata</strong></span> <span class='ocrx_word' id='word_1_240' title='bbox 586 3407 611 3449; x_wconf 89' lang='lat' dir='ltr'><strong>et</strong></span> <span class='ocrx_word' id='word_1_241' title='bbox 624 3399 731 3467; x_wconf 78' lang='lat' dir='ltr'><strong>iegibus</strong></span> <span class='ocrx_word' id='word_1_242' title='bbox 750 3407 972 3458; x_wconf 86' lang='lat' dir='ltr'><strong>accommodatam</strong></span> <span class='ocrx_word' id='word_1_243' title='bbox 989 3415 1015 3459; x_wconf 84' lang='lat' dir='ltr'><strong>et</strong></span> <span class='ocrx_word' id='word_1_244' title='bbox 1034 3413 1222 3464; x_wconf 88' lang='lat' dir='ltr'><strong>concinentem</strong></span> <span class='ocrx_word' id='word_1_245' title='bbox 1243 3424 1401 3472; x_wconf 86' lang='lat' dir='ltr'><strong>sententian</strong></span> 
     </span>
     <span class='ocr_line' id='line_1_31' title="bbox 301 3465 1402 3558; baseline 0.025 -41"><span class='ocrx_word' id='word_1_246' title='bbox 301 3465 446 3532; x_wconf 84' lang='lat' dir='ltr'><strong>acciperet.</strong></span> <span class='ocrx_word' id='word_1_247' title='bbox 469 3481 533 3534; x_wconf 81' lang='lat' dir='ltr'><strong>ergo</strong></span> <span class='ocrx_word' id='word_1_248' title='bbox 555 3470 632 3520; x_wconf 90' lang='lat' dir='ltr'><strong>etiam</strong></span> <span class='ocrx_word' id='word_1_249' title='bbox 653 3486 743 3526; x_wconf 90' lang='lat' dir='ltr'><strong>omnes</strong></span> <span class='ocrx_word' id='word_1_250' title='bbox 764 3485 840 3544; x_wconf 83' lang='lat' dir='ltr'><strong>grato</strong></span> <span class='ocrx_word' id='word_1_251' title='bbox 860 3480 947 3530; x_wconf 87' lang='lat' dir='ltr'><strong>animo</strong></span> <span class='ocrx_word' id='word_1_252' title='bbox 967 3480 1102 3532; x_wconf 88' lang='lat' dir='ltr'><strong>decretum</strong></span> <span class='ocrx_word' id='word_1_253' title='bbox 1121 3486 1236 3546; x_wconf 85' lang='lat' dir='ltr'><strong>maxime</strong></span> <span class='ocrx_word' id='word_1_254' title='bbox 1255 3488 1402 3558; x_wconf 84' lang='lat' dir='ltr'><strong>legitimum</strong></span> 
     </span>
     <span class='ocr_line' id='line_1_32' title="bbox 213 3538 1403 3626; baseline 0.024 -39"><span class='ocrx_word' id='word_1_255' title='bbox 213 3547 216 3554; x_wconf 93' lang='grc'>’</span> <span class='ocrx_word' id='word_1_256' title='bbox 300 3544 327 3589; x_wconf 88' lang='lat' dir='ltr'><strong>et</strong></span> <span class='ocrx_word' id='word_1_257' title='bbox 344 3538 443 3588; x_wconf 88' lang='lat' dir='ltr'><strong>iustum</strong></span> <span class='ocrx_word' id='word_1_258' title='bbox 469 3538 543 3591; x_wconf 85' lang='lat' dir='ltr'><strong>eires</strong></span> <span class='ocrx_word' id='word_1_259' title='bbox 569 3549 595 3592; x_wconf 94' lang='lat' dir='ltr'><strong>et</strong></span> <span class='ocrx_word' id='word_1_260' title='bbox 619 3551 760 3598; x_wconf 81' lang='lat' dir='ltr'><strong>senatores</strong></span> <span class='ocrx_word' id='word_1_261' title='bbox 786 3550 949 3615; x_wconf 85' lang='lat' dir='ltr'><strong>accipientes</strong></span> <span class='ocrx_word' id='word_1_262' title='bbox 976 3560 1003 3603; x_wconf 92' lang='lat' dir='ltr'><strong>et</strong></span> <span class='ocrx_word' id='word_1_263' title='bbox 1021 3555 1184 3619; x_wconf 87' lang='lat' dir='ltr'><strong>recipientes</strong></span> <span class='ocrx_word' id='word_1_264' title='bbox 1205 3561 1317 3626; x_wconf 89' lang='lat' dir='ltr'><strong>(coram</strong></span> <span class='ocrx_word' id='word_1_265' title='bbox 1339 3568 1403 3615; x_wconf 86' lang='lat' dir='ltr'><strong>enin</strong></span> 
     </span>
    </p>

    <p class='ocr_par' dir='ltr' id='par_1_6' title="bbox 299 3607 1403 3976">
     <span class='ocr_line' id='line_1_33' title="bbox 299 3607 1403 3704; baseline 0.023 -45"><span class='ocrx_word' id='word_1_266' title='bbox 299 3607 420 3660; x_wconf 88' lang='lat' dir='ltr'><strong>omnibus</strong></span> <span class='ocrx_word' id='word_1_267' title='bbox 439 3611 578 3663; x_wconf 87' lang='lat' dir='ltr'><strong>recitatum</strong></span> <span class='ocrx_word' id='word_1_268' title='bbox 598 3619 651 3683; x_wconf 84' lang='lat' dir='ltr'><strong>est)</strong></span> <span class='ocrx_word' id='word_1_269' title='bbox 672 3617 762 3670; x_wconf 90' lang='lat' dir='ltr'><strong>multis</strong></span> <span class='ocrx_word' id='word_1_270' title='bbox 781 3619 903 3672; x_wconf 88' lang='lat' dir='ltr'><strong>laudibus</strong></span> <span class='ocrx_word' id='word_1_271' title='bbox 923 3629 950 3672; x_wconf 91' lang='lat' dir='ltr'><strong>et</strong></span> <span class='ocrx_word' id='word_1_272' title='bbox 970 3622 1129 3677; x_wconf 89' lang='lat' dir='ltr'><strong>clamoribus</strong></span> <span class='ocrx_word' id='word_1_273' title='bbox 1148 3629 1325 3685; x_wconf 81' lang='lat' dir='ltr'><strong>inventorem</strong></span> <span class='ocrx_word' id='word_1_274' title='bbox 1344 3637 1403 3704; x_wconf 87' lang='lat' dir='ltr'><strong>pul.</strong></span> 
     </span>
     <span class='ocr_line' id='line_1_34' title="bbox 300 3679 1402 3774; baseline 0.025 -42"><span class='ocrx_word' id='word_1_275' title='bbox 300 3679 490 3733; x_wconf 90' lang='lat' dir='ltr'><strong>cherrimorum</strong></span> <span class='ocrx_word' id='word_1_276' title='bbox 517 3691 543 3735; x_wconf 90' lang='lat' dir='ltr'><strong>et</strong></span> <span class='ocrx_word' id='word_1_277' title='bbox 566 3684 738 3740; x_wconf 82' lang='lat' dir='ltr'><strong>liberatorem</strong></span> <span class='ocrx_word' id='word_1_278' title='bbox 768 3691 904 3742; x_wconf 88' lang='lat' dir='ltr'><strong>bominum</strong></span> <span class='ocrx_word' id='word_1_279' title='bbox 930 3694 1096 3748; x_wconf 87' lang='lat' dir='ltr'><strong>honorarunt</strong></span> <span class='ocrx_word' id='word_1_280' title='bbox 1119 3698 1352 3774; x_wconf 86' lang='lat' dir='ltr'><strong>celebraruntque</strong></span> <span class='ocrx_word' id='word_1_281' title='bbox 1379 3719 1402 3760; x_wconf 88' lang='lat' dir='ltr'><strong>nt</strong></span> 
     </span>
     <span class='ocr_line' id='line_1_35' title="bbox 300 3753 1400 3845; baseline 0.024 -44"><span class='ocrx_word' id='word_1_282' title='bbox 300 3753 344 3822; x_wconf 90' lang='lat' dir='ltr'><strong>qni</strong></span> <span class='ocrx_word' id='word_1_283' title='bbox 365 3760 392 3803; x_wconf 86' lang='lat' dir='ltr'><strong>et</strong></span> <span class='ocrx_word' id='word_1_284' title='bbox 410 3753 518 3819; x_wconf 92' lang='lat' dir='ltr'><strong>publice</strong></span> <span class='ocrx_word' id='word_1_285' title='bbox 537 3754 673 3810; x_wconf 88' lang='lat' dir='ltr'><strong>benclicus</strong></span> <span class='ocrx_word' id='word_1_286' title='bbox 695 3769 767 3812; x_wconf 86' lang='lat' dir='ltr'><strong>esset</strong></span> <span class='ocrx_word' id='word_1_287' title='bbox 790 3765 972 3817; x_wconf 89' lang='lat' dir='ltr'><strong>communibus</strong></span> <span class='ocrx_word' id='word_1_288' title='bbox 992 3769 1072 3820; x_wconf 89' lang='lat' dir='ltr'><strong>iussis</strong></span> <span class='ocrx_word' id='word_1_289' title='bbox 1094 3778 1120 3820; x_wconf 93' lang='lat' dir='ltr'><strong>et</strong></span> <span class='ocrx_word' id='word_1_290' title='bbox 1138 3772 1245 3838; x_wconf 89' lang='lat' dir='ltr'><strong>edictis,</strong></span> <span class='ocrx_word' id='word_1_291' title='bbox 1264 3785 1293 3827; x_wconf 88' lang='lat' dir='ltr'><strong>et</strong></span> <span class='ocrx_word' id='word_1_292' title='bbox 1312 3782 1400 3845; x_wconf 79' lang='lat' dir='ltr'><strong>priva.</strong></span> 
     </span>
     <span class='ocr_line' id='line_1_36' title="bbox 301 3831 1400 3908; baseline 0.025 -34"><span class='ocrx_word' id='word_1_293' title='bbox 301 3831 342 3875; x_wconf 89' lang='lat' dir='ltr'><strong>tos</strong></span> <span class='ocrx_word' id='word_1_294' title='bbox 362 3839 453 3878; x_wconf 89' lang='lat' dir='ltr'><strong>omues</strong></span> <span class='ocrx_word' id='word_1_295' title='bbox 481 3835 610 3895; x_wconf 87' lang='lat' dir='ltr'><strong>perpetuo</strong></span> <span class='ocrx_word' id='word_1_296' title='bbox 641 3831 822 3899; x_wconf 80' lang='lat' dir='ltr'><strong>exhilararet,</strong></span> <span class='ocrx_word' id='word_1_297' title='bbox 848 3843 875 3886; x_wconf 92' lang='lat' dir='ltr'><strong>et</strong></span> <span class='ocrx_word' id='word_1_298' title='bbox 899 3837 1045 3908; x_wconf 83' lang='lat' dir='ltr'><strong>domestica</strong></span> <span class='ocrx_word' id='word_1_299' title='bbox 1073 3841 1278 3902; x_wconf 84' lang='lat' dir='ltr'><strong>donaretiura:</strong></span> <span class='ocrx_word' id='word_1_300' title='bbox 1307 3853 1400 3904; x_wconf 82' lang='lat' dir='ltr'><strong>multos</strong></span> 
     </span>
     <span class='ocr_line' id='line_1_37' title="bbox 301 3895 1397 3976; baseline 0.029 -31"><span class='ocrx_word' id='word_1_301' title='bbox 301 3895 380 3960; x_wconf 88' lang='lat' dir='ltr'><strong>enim,</strong></span> <span class='ocrx_word' id='word_1_302' title='bbox 398 3898 536 3967; x_wconf 83' lang='lat' dir='ltr'><strong>magisque</strong></span> <span class='ocrx_word' id='word_1_303' title='bbox 557 3915 647 3953; x_wconf 87' lang='lat' dir='ltr'><strong>ornnes</strong></span> <span class='ocrx_word' id='word_1_304' title='bbox 667 3905 694 3954; x_wconf 88' lang='lat' dir='ltr'><strong>in</strong></span> <span class='ocrx_word' id='word_1_305' title='bbox 713 3903 784 3956; x_wconf 89' lang='lat' dir='ltr'><strong>bona</strong></span> <span class='ocrx_word' id='word_1_306' title='bbox 797 3913 875 3957; x_wconf 87' lang='lat' dir='ltr'><strong>antea</strong></span> <span class='ocrx_word' id='word_1_307' title='bbox 895 3917 987 3976; x_wconf 89' lang='lat' dir='ltr'><strong>erepta</strong></span> <span class='ocrx_word' id='word_1_308' title='bbox 999 3913 1118 3963; x_wconf 91' lang='lat' dir='ltr'><strong>restituit</strong></span> <span class='ocrx_word' id='word_1_309' title='bbox 1131 3922 1158 3965; x_wconf 93' lang='lat' dir='ltr'><strong>et</strong></span> <span class='ocrx_word' id='word_1_310' title='bbox 1175 3918 1293 3970; x_wconf 87' lang='lat' dir='ltr'><strong>reditum</strong></span> <span class='ocrx_word' id='word_1_311' title='bbox 1313 3939 1397 3976; x_wconf 84' lang='lat' dir='ltr'><strong>corun</strong></span> 
     </span>
    </p>
   </div>
   <div class='ocr_carea' id='block_1_6' title="bbox 300 3967 1395 4113">
    <p class='ocr_par' dir='ltr' id='par_1_7' title="bbox 300 3967 1395 4113">
     <span class='ocr_line' id='line_1_38' title="bbox 301 3967 1395 4064; baseline 0.026 -49"><span class='ocrx_word' id='word_1_312' title='bbox 301 3978 335 4016; x_wconf 84' lang='lat' dir='ltr'><strong>ex</strong></span> <span class='ocrx_word' id='word_1_313' title='bbox 354 3967 450 4019; x_wconf 86' lang='lat' dir='ltr'><strong>exsilio</strong></span> <span class='ocrx_word' id='word_1_314' title='bbox 470 3970 590 4025; x_wconf 87' lang='lat' dir='ltr'><strong>decrevit</strong></span> <span class='ocrx_word' id='word_1_315' title='bbox 612 3981 638 4024; x_wconf 93' lang='lat' dir='ltr'><strong>et</strong></span> <span class='ocrx_word' id='word_1_316' title='bbox 659 3975 779 4029; x_wconf 89' lang='lat' dir='ltr'><strong>iacentes</strong></span> <span class='ocrx_word' id='word_1_317' title='bbox 798 3978 849 4029; x_wconf 92' lang='lat' dir='ltr'><strong>iam</strong></span> <span class='ocrx_word' id='word_1_318' title='bbox 870 3987 896 4031; x_wconf 91' lang='lat' dir='ltr'><strong>et</strong></span> <span class='ocrx_word' id='word_1_319' title='bbox 914 3981 1063 4036; x_wconf 85' lang='lat' dir='ltr'><strong>immolatos</strong></span> <span class='ocrx_word' id='word_1_320' title='bbox 1082 3988 1256 4041; x_wconf 86' lang='lat' dir='ltr'><strong>resuscitavit</strong></span> <span class='ocrx_word' id='word_1_321' title='bbox 1275 4001 1305 4044; x_wconf 92' lang='lat' dir='ltr'><strong>et</strong></span> <span class='ocrx_word' id='word_1_322' title='bbox 1320 3999 1395 4064; x_wconf 88' lang='lat' dir='ltr'><strong>spiri.</strong></span> 
     </span>
     <span class='ocr_line' id='line_1_39' title="bbox 300 4038 876 4113; baseline 0.026 -26"><span class='ocrx_word' id='word_1_323' title='bbox 300 4041 355 4089; x_wconf 90' lang='lat' dir='ltr'><strong>tum</strong></span> <span class='ocrx_word' id='word_1_324' title='bbox 374 4038 486 4108; x_wconf 83' lang='lat' dir='ltr'><strong>inflavit,</strong></span> <span class='ocrx_word' id='word_1_325' title='bbox 506 4058 558 4112; x_wconf 85' lang='lat' dir='ltr'><strong>quo</strong></span> <span class='ocrx_word' id='word_1_326' title='bbox 579 4052 656 4096; x_wconf 89' lang='lat' dir='ltr'><strong>antea</strong></span> <span class='ocrx_word' id='word_1_327' title='bbox 674 4049 772 4113; x_wconf 88' lang='lat' dir='ltr'><strong>privati</strong></span> <span class='ocrx_word' id='word_1_328' title='bbox 793 4058 876 4102; x_wconf 88' lang='lat' dir='ltr'><strong>erant.</strong></span> 
     </span>
    </p>
   </div>
   <div class='ocr_carea' id='block_1_7' title="bbox 300 4131 1396 4293">
    <p class='ocr_par' dir='ltr' id='par_1_8' title="bbox 300 4131 1396 4293">
     <span class='ocr_line' id='line_1_40' title="bbox 314 4131 1396 4222; baseline 0.03 -39"><span class='ocrx_word' id='word_1_329' title='bbox 314 4159 317 4165; x_wconf 92' lang='lat'>·</span> <span class='ocrx_word' id='word_1_330' title='bbox 398 4131 486 4202; x_wconf 73' lang='lat' dir='ltr'><strong>Atque</strong></span> <span class='ocrx_word' id='word_1_331' title='bbox 506 4140 568 4206; x_wconf 89' lang='lat' dir='ltr'><strong>quid</strong></span> <span class='ocrx_word' id='word_1_332' title='bbox 588 4148 694 4209; x_wconf 93' lang='lat' dir='ltr'><strong>oportet</strong></span> <span class='ocrx_word' id='word_1_333' title='bbox 712 4144 795 4196; x_wconf 90' lang='lat' dir='ltr'><strong>multa</strong></span> <span class='ocrx_word' id='word_1_334' title='bbox 813 4146 924 4200; x_wconf 81' lang='lat' dir='ltr'><strong>dicere?</strong></span> <span class='ocrx_word' id='word_1_335' title='bbox 941 4135 970 4200; x_wconf 55' lang='lat' dir='ltr'><strong>&#39;si</strong></span> <span class='ocrx_word' id='word_1_336' title='bbox 990 4154 1078 4204; x_wconf 88' lang='lat' dir='ltr'><strong>omnia</strong></span> <span class='ocrx_word' id='word_1_337' title='bbox 1096 4154 1225 4222; x_wconf 85' lang='lat' dir='ltr'><strong>deinceps</strong></span> <span class='ocrx_word' id='word_1_338' title='bbox 1246 4157 1324 4214; x_wconf 87' lang='lat' dir='ltr'><strong>buius</strong></span> <span class='ocrx_word' id='word_1_339' title='bbox 1340 4179 1396 4215; x_wconf 84' lang='lat' dir='ltr'><strong>ma-</strong></span> 
     </span>
     <span class='ocr_line' id='line_1_41' title="bbox 300 4205 1396 4293; baseline 0.03 -36"><span class='ocrx_word' id='word_1_340' title='bbox 300 4218 353 4278; x_wconf 66' lang='lat' dir='ltr'><strong>gua</strong></span> <span class='ocrx_word' id='word_1_341' title='bbox 372 4205 442 4260; x_wconf 79' lang='lat' dir='ltr'><strong>laeta</strong></span> <span class='ocrx_word' id='word_1_342' title='bbox 460 4205 612 4264; x_wconf 88' lang='lat' dir='ltr'><strong>describere</strong></span> <span class='ocrx_word' id='word_1_343' title='bbox 631 4215 784 4283; x_wconf 86' lang='lat' dir='ltr'><strong>suscipiam,</strong></span> <span class='ocrx_word' id='word_1_344' title='bbox 805 4218 900 4274; x_wconf 89' lang='lat' dir='ltr'><strong>similis</strong></span> <span class='ocrx_word' id='word_1_345' title='bbox 920 4235 966 4273; x_wconf 92' lang='lat' dir='ltr'><strong>ero</strong></span> <span class='ocrx_word' id='word_1_346' title='bbox 986 4223 1037 4289; x_wconf 88' lang='lat' dir='ltr'><strong>iis,</strong></span> <span class='ocrx_word' id='word_1_347' title='bbox 1056 4226 1102 4293; x_wconf 86' lang='lat' dir='ltr'><strong>qui</strong></span> <span class='ocrx_word' id='word_1_348' title='bbox 1129 4226 1289 4286; x_wconf 85' lang='lat' dir='ltr'><strong>atlanticum</strong></span> <span class='ocrx_word' id='word_1_349' title='bbox 1305 4235 1396 4290; x_wconf 83' lang='lat' dir='ltr'><strong>rolnnt</strong></span> 
     </span>
    </p>
   </div>
   <div class='ocr_carea' id='block_1_8' title="bbox 0 0 1524 4892">
    <p class='ocr_par' dir='ltr' id='par_1_9' title="bbox 0 0 1524 4892">
     <span class='ocr_line' id='line_1_42' title="bbox 0 0 1524 4892; baseline 0 0"><span class='ocrx_word' id='word_1_350' title='bbox 0 0 1524 4892; x_wconf 95' lang='lat' dir='ltr'><strong> </strong></span> 
     </span>
    </p>
   </div>
  </div>
 </body>
</html>
