3017 4892
249 324 301 404 nt
553 321 772 396 urentuus
802 317 1060 391 tmmromu

251 495 354 582 ριάντι
376 495 502 578 νικῆσαι
524 482 870 575 διαθρυλλοάμενος,“
853 513 903 553 οτι
928 513 982 552 και
1009 486 1043 551 τά
1066 476 1173 606 ἄλγος
1181 468 1321 546 οὐδὲν
1297 503 1370 562 ητ-

252 621 306 664 τον
328 596 413 682 αὐτῷ
434 592 512 658 κατά
537 616 571 657 τε
596 589 653 674 τὴν
680 587 836 656 ἔκπτωσιν
857 589 913 669 τῆς
939 587 1042 704 ἀρχῆς
1064 585 1119 648 κατ’
1138 581 1196 665 τὴν
1216 585 1274 665 τῆς
1296 603 1369 644 πσ-

253 701 370 772 λιτειας
392 695 447 760 καὶ
467 698 522 778 τῆς
544 715 723 776 παρρησιας
745 717 798 755 και
816 692 916 771 αὐτῆς
938 689 994 770 τῆς
1012 687 1160 768 μεγίστης
1183 683 1367 798 προεδρίας

254 798 426 918 ἀφαιρέσει
451 797 652 874 άιεδεάκνυτο,
676 817 727 856 και
750 791 785 856 τά
809 795 896 864 ἓλκος
916 787 992 872 πρὸς
1018 787 1121 850 ταῦτα
1141 782 1367 866 σογκρινάμει-

253 922 305 963 νον
327 897 458 979 ἡττᾶτο,
481 898 579 980 φέρον
610 896 665 975 τῆς
695 889 848 975 πατρίδος
868 890 923 954 καὶ
943 889 997 969 τῆς
1023 888 1164 966 σοζάγοα
1186 881 1244 965 τὴν
1266 881 1393 946 ἄντι-5
1498 916 1499 979 ρ

253 993 402 1080 σήκασιν.
445 996 581 1076 εὐλογῶν
607 991 668 1075 γάρ
690 991 814 1073 εάλάγει
836 988 892 1054 τάν
912 987 1042 1071 κάριον,
1073 1010 1125 1049 και
1155 983 1364 1066 εάχαριστιαν
1498 994 1499 997 ’

255 1097 311 1162 οὐκ
332 1098 424 1177 α’νιέι,
448 1098 501 1158 καὶ
522 1093 624 1168 πάθος
652 1093 710 1156 oda
734 1092 889 1156 ἀπεκάλει
912 1087 1072 1162 τὸπάθος
1103 1083 1185 1149 άλλά
1211 1084 1361 1165 πύρωσιν

254 1192 371 1282 άκριβῆ
399 1200 454 1262 καί
482 1198 651 1261 παίδευσιν
673 1192 749 1275 πρὸς
771 1193 949 1276 τελειότητα
980 1194 1143 1274 φέρουσαν
1164 1186 1220 1251 κατ’
1241 1185 1363 1268 α’ρετῆς

254 1299 400 1378 ἐπίβασιν
421 1297 586 1380 κρεάτονος.
627 1290 672 1377 μὴ
695 1292 911 1378 ἀφιστάμενος
934 1294 969 1355 δὲ
985 1289 1039 1355 καί
1060 1292 1114 1372 τῆς
1136 1282 1362 1360 ταπεινώσεως

255 1398 452 1482 ἀντεγκαλῶν
466 1422 503 1481 ην
518 1396 615 1514 αρ’τός
629 1391 740 1482 ἑαυτῷ,
754 1419 807 1458 και
804 1386 894 1468 άξια
910 1393 1103 1456 πεπονθεναι
1111 1390 1362 1469 κατατιθέμενος
1373 1397 1409 1449 tt)

221 1557 233 1572 ,
255 1501 311 1564 καί
339 1521 416 1583 προς
436 1493 550 1562 θεὸν
535 1492 620 1564 άπαν
643 1493 887 1578 αἰχμαλωτίζονν
908 1485 1027 1575 νόημα,
1049 1516 1101 1554 και
1098 1471 1179 1553 dns
1200 1491 1278 1552 πᾶσι
1299 1491 1361 1551 τοῦ

117 1617 136 1670 t.
158 1611 244 1669 trev.
255 1599 400 1682 εὐγενοῦς
430 1600 532 1664 πνέων
566 1595 614 1662 ἔτι
644 1600 688 1684 τῷ
710 1585 773 1659 im
796 1591 1005 1678 φρονήματος.
1049 1591 1086 1654 οὐ
1108 1588 1170 1675 γάρ
1192 1591 1363 1654 κατέπεσεν

257 1695 348 1778 άλως,
375 1701 451 1764 suot
471 1702 528 1762 τοῦ
555 1700 650 1782 ζήλου
671 1698 871 1775 e've'dooreo‚o
855 1687 907 1758 οἷα
932 1691 1069 1775 πάσχειν
1089 1686 1156 1756 οἶδε
1179 1685 1270 1773 ψυχή
1292 1697 1362 1760 τοῖς

256 1799 374 1874 άλικοῖς
391 1801 596 1883 άτεπτοημὲνρ
622 1823 676 1862 και
697 1795 779 1862 κάτα
803 1799 969 1880 φέρουσιν.

348 1888 438 1963 7Ὠν
423 1923 456 1995 εν
475 1898 588 2013 γνώσει
604 1894 794 1980 γινάμενοςά
818 1897 942 1979 κρατῶν
956 1886 1096 1976 ἤσχαλλε
1114 1918 1167 1957 και
1166 1891 1363 1974 μεταμελον
1372 1898 1406 1949 15

258 1995 371 2080 ἔτρεφε
387 2022 438 2060 και
451 1996 507 2080 τὴν
517 1987 738 2078 ἐπανόρθωσιν
753 1997 853 2075 adripe
867 1999 935 2074 μέν,
953 1994 1011 2056 otia
1024 1988 1092 2076 εἶχε
1106 1987 1167 2058 d'‘'
1150 2007 1235 2067 οπως
1246 1989 1364 2056 εαοτάν

257 2096 451 2178 στηλιτεάσοι
471 2096 572 2170 κακῶς
594 2091 850 2178 διανοησάμενον.
893 2097 1103 2175 βεβούλευται
1124 2100 1232 2158 τοίνυν
1253 2089 1363 2158 αἰτιά-

257 2222 323 2276 οεις
340 2203 508 2282 προθεῖναι
528 2199 593 2261 κατ’
605 2198 718 2276 αὐτοῦ,
731 2197 785 2259 καὶ
798 2193 1000 2279 α’ναξιάτηιος
1012 2193 1203 2279 γράψασθαι
1214 2192 1268 2259 τάν
1282 2190 1363 2277 χρά·

258 2323 322 2375 νοις
347 2291 407 2382 ἤδη
427 2303 553 2374 πολλοῖς
586 2296 642 2380 τήν
662 2297 753 2375 άξίαν
776 2294 1033 2379 διακοσμήσαντα
1057 2299 1113 2360 καί
1133 2293 1187 2361 τὸν
1208 2295 1362 2376 σωτήριον

258 2397 345 2484 λόγον
373 2397 645 2484 σ’ρθοτομήσαντα.
702 2399 757 2462 κατ’
784 2398 926 2480 γεγόνασι
950 2402 1010 2477 μὲν
1029 2399 1085 2480 τῆς
1105 2394 1217 2462 τοάτου
1243 2399 1405 2478 βοολῆςλι)

258 2504 319 2565 τῶν
334 2505 367 2566 ἐν
385 2505 463 2564 τέλει
487 2506 585 2578 τινές,
607 2503 690 2584 μηδὲ
715 2501 749 2563 τὸ
776 2501 834 2562 rod
854 2495 972 2583 άνδράς
991 2499 1175 2582 ἀγνοοῦντες
1197 2500 1359 2574 ἐπίδοξον·

258 2594 345 2682 άμεος
365 2603 401 2666 dd
423 2602 565 2685 γεγόνασι
587 2598 910 2683 ονμμεταβαλάμενοι
924 2604 968 2686 τῷ
990 2600 1101 2688 καιρῷ,
1122 2595 1271 2665 άποῖατά
1293 2600 1359 2663 τάν

260 2932 335 2984 tione
354 2932 452 2985 vicisse
478 2933 547 2984 fama
572 2932 739 3016 celebratus,
766 2946 825 2982 curn
851 2931 929 2982 etiam
954 2931 1031 2985 dolor
1048 2932 1116 2983 nihil
1141 2931 1228 2984 minor
1246 2932 1271 2983 ei
1291 2931 1379 3000 quod·

262 3005 357 3054 attinet
376 3004 554 3056 adiecturum
579 3004 683 3069 imperii
711 3011 737 3054 et
756 3003 990 3054 administrationis
1019 3012 1046 3054 et
1069 3005 1196 3072 loquelae
1214 3002 1315 3056 liberae
1334 3011 1362 3053 et

261 3075 367 3125 maximi
376 3075 550 3158 principatus
570 3064 719 3126 ademtion'e
735 3075 878 3125 diiudicata
896 3074 1009 3124 interior
1028 3083 1101 3138 erat,
1128 3077 1241 3128 afferens
1260 3076 1361 3144 patriae

262 3154 290 3197 et
307 3146 397 3197 uxoris
425 3148 628 3198 restitutionem.
674 3144 813 3196 celebrans
842 3146 912 3195 enim
931 3145 1083 3199 celebrabat
1101 3147 1233 3198 dominum
1254 3156 1280 3200 et
1298 3162 1361 3215 gra-

260 3218 312 3266 tias
331 3232 412 3283 agere
431 3232 484 3267 non
512 3217 667 3279 desistebat,
689 3225 714 3266 et
732 3217 828 3266 malum
853 3232 906 3267 non
931 3218 1084 3268 nominabat
1101 3218 1207 3282 malum,
1227 3219 1276 3271 sed
1294 3235 1361 3269 exu-

262 3288 375 3340 stionem
395 3296 544 3337 accuratam
564 3295 591 3337 et
610 3288 801 3337 institutionem
821 3288 852 3338 ad
878 3288 1070 3354 perfectionem
1089 3289 1238 3353 ducentem,
1260 3299 1287 3340 et
1304 3292 1362 3342 vir-

261 3357 325 3406 tutis
346 3358 527 3408 accessionem
545 3356 680 3420 melioris3
699 3373 752 3408 non
778 3367 866 3409 autern
885 3358 1029 3409 desistebat
1048 3367 1074 3407 et
1093 3358 1250 3411 humilitatis
1270 3378 1300 3411 se
1319 3363 1361 3411 in-

262 3427 405 3478 cusabat'
398 3443 473 3493 ipse,
494 3437 521 3478 et
539 3437 567 3478 ut
590 3429 669 3496 digna
695 3444 801 3495 passum
827 3447 856 3481 se
875 3430 987 3480 reddens
1014 3437 1040 3478 et
1067 3429 1117 3478 deo
1142 3443 1220 3480 omne
1240 3432 1361 3483 vinciens
1383 3485 1389 3492 ,

262 3499 422 3564 cogitatum,
443 3501 513 3549 etin
534 3500 653 3550 omnibus
673 3499 790 3551 nobilem
810 3503 912 3567 spirans
938 3507 991 3549 tum
1011 3515 1107 3550 revera
1125 3501 1255 3552 animum.
1274 3518 1362 3571 neque

263 3570 333 3620 enim
352 3569 450 3621 decidit
479 3585 603 3638 prorsus,
623 3587 711 3639 neque
730 3574 851 3623 ardorem
870 3571 989 3633 remisit,
1010 3569 1100 3638 qualia
1118 3573 1173 3638 pati
1192 3576 1243 3624 scit
1261 3576 1360 3626 animus

261 3657 277 3693 a
298 3644 435 3710 corporeis
456 3642 598 3694 deterritus
619 3651 645 3693 et
664 3643 696 3694 iis
717 3660 785 3712 quae
804 3643 926 3695 deorsum
947 3608 1045 3694 sedunt.
1178 3642 1190 3660 ‘

362 3731 463 3794 Quibus
483 3732 597 3800 cognitis
622 3747 670 3782 rex
691 3747 773 3798 aegre
799 3731 902 3782 ferebat
930 3738 956 3780 et
983 3734 1173 3796 poenitentiam
1194 3732 1316 3795 habebat,
1336 3741 1361 3784 et

261 3803 457 3853 restitutionem
485 3803 564 3854 valde
584 3803 722 3869 cupiebat,
742 3812 797 3852 non
816 3811 904 3853 autem
923 3803 1042 3866 sciebat,
1063 3804 1193 3870 quomodo
1213 3820 1242 3855 se
1262 3805 1359 3855 fatere.

263 3878 304 3920 tur
323 3871 391 3924 male
410 3874 572 3925 meditatum.
593 3889 747 3941 persuasum
767 3874 849 3939 igitur
869 3881 909 3923 est
920 3875 963 3955 εἰ,
985 3883 1013 3925 ut
1031 3891 1124 3926 causas
1142 3875 1276 3942 proterret
1295 3888 1359 3926 con-

263 3947 303 3988 tra
323 3957 381 3990 eum
400 3951 426 3992 et
445 3945 609 4009 indignitatis
629 3952 768 3995 accusaret
788 3959 861 4005 eum,
882 3945 926 4009 qui
946 3960 995 4009 per
1013 3945 1135 3997 multos
1128 3962 1180 3996 ram
1199 3961 1282 3998 annos
1301 3947 1358 4013 dig-

262 4011 371 4060 nitatem
398 4023 538 4065 ornaverat
564 4023 590 4064 et
623 4015 717 4066 salutis
751 4012 861 4064 uerbum
886 4023 985 4064 rect-um
1014 4018 1179 4080 reddiderat;
1204 4027 1231 4068 et
1256 4018 1360 4068 bierunt

262 4079 341 4131 huius
362 4082 467 4132 consilii
487 4085 591 4166 quidam
610 4088 750 4151 primores,
772 4083 836 4132 iicet
854 4099 908 4132 non
927 4085 1083 4150 ignorantes
1103 4090 1154 4139 viri
1174 4088 1358 4155 gloriam‚ta-

261 4166 322 4202 men
343 4151 450 4203 fuerunt
474 4155 566 4204 mutati
592 4163 727 4222 ternpore,
756 4162 785 4204 ut
809 4154 974 4206 adulatorum
1004 4173 1091 4241 nugae
1110 4169 1179 4211 sunt.
1219 4160 1357 4227 experiens

262 4230 350 4284 autem
369 4239 444 4280 suum
461 4225 623 4291 propositum
641 4225 849 4288 rennonnullos
866 4225 938 4279 urbis
957 4230 1098 4294 antistites,
1112 4245 1179 4300 quos
1199 4233 1277 4284 etiam
1296 4245 1359 4301 pru.
