<?xml version="1.0" encoding="UTF-8"?>
<!DOCTYPE html PUBLIC "-//W3C//DTD XHTML 1.0 Transitional//EN"
    "http://www.w3.org/TR/xhtml1/DTD/xhtml1-transitional.dtd">
<html xmlns="http://www.w3.org/1999/xhtml" xml:lang="en" lang="en">
 <head>
  <title>
</title>
<meta http-equiv="Content-Type" content="text/html;charset=utf-8" />
  <meta name='ocr-system' content='tesseract 3.04.00' />
  <meta name='ocr-capabilities' content='ocr_page ocr_carea ocr_par ocr_line ocrx_word'/>
</head>
<body>
  <div class='ocr_page' id='page_1' title='image "./corpusscriptoru06theogoog/corpusscriptoru06theogoog_0140.png"; bbox 0 0 3017 4892; ppageno 0'>
   <div class='ocr_carea' id='block_1_1' title="bbox 263 282 1100 393">
    <p class='ocr_par' dir='ltr' id='par_1_1' title="bbox 263 282 1100 393">
     <span class='ocr_line' id='line_1_1' title="bbox 263 282 1100 393; baseline -0.002 -8"><span class='ocrx_word' id='word_1_1' title='bbox 263 314 338 393; x_wconf 76' lang='lat' dir='ltr'>sta</span> <span class='ocrx_word' id='word_1_2' title='bbox 425 289 433 298; x_wconf 85' lang='grc'>’</span> <span class='ocrx_word' id='word_1_3' title='bbox 552 282 773 387; x_wconf 66' lang='lat' dir='ltr'>mouimus</span> <span class='ocrx_word' id='word_1_4' title='bbox 805 314 1062 386; x_wconf 70' lang='lat' dir='ltr'>amarioris</span> <span class='ocrx_word' id='word_1_5' title='bbox 1096 335 1100 343; x_wconf 95' lang='lat'>·</span> 
     </span>
    </p>
   </div>
   <div class='ocr_carea' id='block_1_2' title="bbox 123 469 1413 2482">
    <p class='ocr_par' dir='ltr' id='par_1_2' title="bbox 123 469 1413 1672">
     <span class='ocr_line' id='line_1_2' title="bbox 258 469 1369 567; baseline -0.001 -23"><span class='ocrx_word' id='word_1_6' title='bbox 258 480 386 567; x_wconf 80' lang='grc' dir='ltr'><strong><em>ροίμαει</em></strong></span> <span class='ocrx_word' id='word_1_7' title='bbox 408 473 483 545; x_wconf 69' lang='grc' dir='ltr'><strong><em>οὔτε</em></strong></span> <span class='ocrx_word' id='word_1_8' title='bbox 503 476 624 566; x_wconf 73' lang='grc' dir='ltr'><strong><em>ταύτην</em></strong></span> <span class='ocrx_word' id='word_1_9' title='bbox 653 476 735 545; x_wconf 76' lang='grc' dir='ltr'><strong><em>ἑλεῖν</em></strong></span> <span class='ocrx_word' id='word_1_10' title='bbox 758 478 779 563; x_wconf 78' lang='grc' dir='ltr'><em>ἢ</em></span> <span class='ocrx_word' id='word_1_11' title='bbox 809 485 1001 566; x_wconf 74' lang='grc' dir='ltr'><strong><em>προσβαλεῖν</em></strong></span> <span class='ocrx_word' id='word_1_12' title='bbox 1028 474 1264 563; x_wconf 83' lang='grc' dir='ltr'><strong><em>παρετόλμησον</em></strong></span> <span class='ocrx_word' id='word_1_13' title='bbox 1286 469 1369 543; x_wconf 75' lang='grc' dir='ltr'><strong><em>οὔτε</em></strong></span> 
     </span>
     <span class='ocr_line' id='line_1_3' title="bbox 258 578 1368 673; baseline -0.008 -24"><span class='ocrx_word' id='word_1_14' title='bbox 258 583 301 673; x_wconf 71' lang='grc' dir='ltr'><strong><em>τῷ</em></strong></span> <span class='ocrx_word' id='word_1_15' title='bbox 315 582 455 671; x_wconf 71' lang='grc' dir='ltr'><strong><em>Ἀμοριλρι</em></strong></span> <span class='ocrx_word' id='word_1_16' title='bbox 476 586 727 668; x_wconf 72' lang='grc' dir='ltr'><strong><em>προσβοηθῆσαι,</em></strong></span> <span class='ocrx_word' id='word_1_17' title='bbox 750 578 801 648; x_wconf 79' lang='grc' dir='ltr'><strong><em>ἐτι</em></strong></span> <span class='ocrx_word' id='word_1_18' title='bbox 818 580 862 668; x_wconf 76' lang='grc' dir='ltr'><strong><em>μή</em></strong></span> <span class='ocrx_word' id='word_1_19' title='bbox 884 585 1005 663; x_wconf 78' lang='grc' dir='ltr'><strong><em>μᾶλλον</em></strong></span> <span class='ocrx_word' id='word_1_20' title='bbox 1019 578 1048 646; x_wconf 79' lang='grc' dir='ltr'><strong><em>οἱ</em></strong></span> <span class='ocrx_word' id='word_1_21' title='bbox 1062 581 1198 662; x_wconf 76' lang='grc' dir='ltr'><strong><em>Τσέρκοι</em></strong></span> <span class='ocrx_word' id='word_1_22' title='bbox 1215 581 1261 665; x_wconf 72' lang='grc' dir='ltr'><strong><em>τῷ</em></strong></span> <span class='ocrx_word' id='word_1_23' title='bbox 1277 580 1368 657; x_wconf 80' lang='grc' dir='ltr'><strong><em>Τζα-</em></strong></span> 
     </span>
     <span class='ocr_line' id='line_1_4' title="bbox 257 680 1367 771; baseline -0.005 -24"><span class='ocrx_word' id='word_1_24' title='bbox 257 685 367 771; x_wconf 75' lang='grc' dir='ltr'><strong><em>μακτῷ</em></strong></span> <span class='ocrx_word' id='word_1_25' title='bbox 386 686 647 767; x_wconf 72' lang='grc' dir='ltr'><strong><em>προσεγγιλτανεες</em></strong></span> <span class='ocrx_word' id='word_1_26' title='bbox 669 686 703 749; x_wconf 85' lang='grc' dir='ltr'><strong><em>ἐκ</em></strong></span> <span class='ocrx_word' id='word_1_27' title='bbox 725 686 767 771; x_wconf 76' lang='grc' dir='ltr'><strong><em>τῷ</em></strong></span> <span class='ocrx_word' id='word_1_28' title='bbox 789 686 952 749; x_wconf 75' lang='grc' dir='ltr'><strong><em>ἐπανιέναι</em></strong></span> <span class='ocrx_word' id='word_1_29' title='bbox 966 680 1101 758; x_wconf 76' lang='grc' dir='ltr'><strong><em>πολλοὺς</em></strong></span> <span class='ocrx_word' id='word_1_30' title='bbox 1122 684 1181 759; x_wconf 81' lang='grc' dir='ltr'><strong><em>μὲν</em></strong></span> <span class='ocrx_word' id='word_1_31' title='bbox 1201 684 1262 745; x_wconf 77' lang='grc' dir='ltr'><strong><em>τῶν</em></strong></span> <span class='ocrx_word' id='word_1_32' title='bbox 1284 682 1367 745; x_wconf 82' lang='grc' dir='ltr'><strong><em>ἐπα-</em></strong></span> 
     </span>
     <span class='ocr_line' id='line_1_5' title="bbox 258 776 1365 871; baseline -0.005 -22"><span class='ocrx_word' id='word_1_33' title='bbox 258 783 387 863; x_wconf 66' lang='lat' dir='ltr'>trenes</span> <span class='ocrx_word' id='word_1_34' title='bbox 401 782 571 865; x_wconf 85' lang='grc' dir='ltr'><strong><em>Ῥωμαίων</em></strong></span> <span class='ocrx_word' id='word_1_35' title='bbox 593 785 728 871; x_wconf 81' lang='grc' dir='ltr'><strong><em>α’νεῖλον,</em></strong></span> <span class='ocrx_word' id='word_1_36' title='bbox 748 781 821 859; x_wconf 80' lang='grc' dir='ltr'><strong><em>τούς</em></strong></span> <span class='ocrx_word' id='word_1_37' title='bbox 846 786 873 848; x_wconf 81' lang='grc' dir='ltr'><strong><em>δ’</em></strong></span> <span class='ocrx_word' id='word_1_38' title='bbox 895 776 1010 857; x_wconf 74' lang='grc' dir='ltr'><strong><em>ἄλλους</em></strong></span> <span class='ocrx_word' id='word_1_39' title='bbox 1031 784 1076 857; x_wconf 86' lang='grc' dir='ltr'><strong><em>εἰς</em></strong></span> <span class='ocrx_word' id='word_1_40' title='bbox 1099 778 1137 845; x_wconf 81' lang='grc' dir='ltr'><strong><em>τοὶ</em></strong></span> <span class='ocrx_word' id='word_1_41' title='bbox 1161 779 1365 863; x_wconf 88' lang='grc' dir='ltr'><strong><em>ἐρυμνότατα</em></strong></span> 
     </span>
     <span class='ocr_line' id='line_1_6' title="bbox 259 877 1394 966; baseline -0.005 -17"><span class='ocrx_word' id='word_1_42' title='bbox 259 884 318 949; x_wconf 76' lang='grc' dir='ltr'><strong><em>τοῦ</em></strong></span> <span class='ocrx_word' id='word_1_43' title='bbox 339 882 476 966; x_wconf 75' lang='grc' dir='ltr'><strong><em>καστρου</em></strong></span> <span class='ocrx_word' id='word_1_44' title='bbox 499 886 711 948; x_wconf 74' lang='grc' dir='ltr'><strong><em>κατέκλεισαν.</em></strong></span> <span class='ocrx_word' id='word_1_45' title='bbox 757 882 903 957; x_wconf 74' lang='grc' dir='ltr'><strong><em>οἰκισθείς</em></strong></span> <span class='ocrx_word' id='word_1_46' title='bbox 919 883 953 945; x_wconf 82' lang='grc' dir='ltr'><strong><em>δέ</em></strong></span> <span class='ocrx_word' id='word_1_47' title='bbox 975 877 1172 961; x_wconf 78' lang='grc' dir='ltr'><strong><em>ἐβασιλεές,</em></strong></span> <span class='ocrx_word' id='word_1_48' title='bbox 1191 882 1244 944; x_wconf 85' lang='grc' dir='ltr'><strong><em>καί</em></strong></span> <span class='ocrx_word' id='word_1_49' title='bbox 1263 881 1394 943; x_wconf 70' lang='lat' dir='ltr'>nidero</span> 
     </span>
     <span class='ocr_line' id='line_1_7' title="bbox 259 979 1367 1073; baseline -0.005 -25"><span class='ocrx_word' id='word_1_50' title='bbox 259 1006 289 1048; x_wconf 84' lang='grc' dir='ltr'><strong><em>τι</em></strong></span> <span class='ocrx_word' id='word_1_51' title='bbox 309 979 446 1067; x_wconf 72' lang='grc' dir='ltr'><strong><em>’ποιῆσαι</em></strong></span> <span class='ocrx_word' id='word_1_52' title='bbox 474 981 519 1066; x_wconf 75' lang='grc' dir='ltr'><strong><em>μὴ</em></strong></span> <span class='ocrx_word' id='word_1_53' title='bbox 551 984 701 1073; x_wconf 73' lang='grc' dir='ltr'><strong><em>δυνηθείς</em></strong></span> <span class='ocrx_word' id='word_1_54' title='bbox 731 981 785 1046; x_wconf 84' lang='grc' dir='ltr'><strong><em>διαὶ</em></strong></span> <span class='ocrx_word' id='word_1_55' title='bbox 818 980 853 1047; x_wconf 83' lang='grc' dir='ltr'><strong><em>τέ</em></strong></span> <span class='ocrx_word' id='word_1_56' title='bbox 879 984 937 1046; x_wconf 75' lang='grc' dir='ltr'><strong><em>τοῦ</em></strong></span> <span class='ocrx_word' id='word_1_57' title='bbox 969 984 1124 1064; x_wconf 76' lang='grc' dir='ltr'><strong><em>χειμῶνος</em></strong></span> <span class='ocrx_word' id='word_1_58' title='bbox 1146 982 1286 1063; x_wconf 79' lang='grc' dir='ltr'><strong><em>ἐπαχθὲς</em></strong></span> <span class='ocrx_word' id='word_1_59' title='bbox 1307 980 1367 1043; x_wconf 86' lang='grc' dir='ltr'><strong><em>καί</em></strong></span> 
     </span>
     <span class='ocr_line' id='line_1_8' title="bbox 261 1074 1364 1176; baseline -0.005 -28"><span class='ocrx_word' id='word_1_60' title='bbox 261 1081 461 1176; x_wconf 74' lang='grc' dir='ltr'><strong><em>ἀσύμφορον,</em></strong></span> <span class='ocrx_word' id='word_1_61' title='bbox 483 1081 520 1148; x_wconf 81' lang='grc' dir='ltr'><strong><em>τὸ</em></strong></span> <span class='ocrx_word' id='word_1_62' title='bbox 541 1086 601 1165; x_wconf 82' lang='grc' dir='ltr'><strong><em>μὲν</em></strong></span> <span class='ocrx_word' id='word_1_63' title='bbox 622 1081 868 1171; x_wconf 74' lang='grc' dir='ltr'><strong><em>μισθοφορικόν,</em></strong></span> <span class='ocrx_word' id='word_1_64' title='bbox 892 1083 948 1147; x_wconf 84' lang='grc' dir='ltr'><strong><em>καί</em></strong></span> <span class='ocrx_word' id='word_1_65' title='bbox 967 1077 1037 1147; x_wconf 79' lang='grc' dir='ltr'><strong><em>ὅσοι</em></strong></span> <span class='ocrx_word' id='word_1_66' title='bbox 1055 1084 1108 1165; x_wconf 74' lang='grc' dir='ltr'><strong><em>τῆς</em></strong></span> <span class='ocrx_word' id='word_1_67' title='bbox 1129 1074 1278 1165; x_wconf 73' lang='grc' dir='ltr'><strong><em>ἑσπερίοις</em></strong></span> <span class='ocrx_word' id='word_1_68' title='bbox 1299 1103 1364 1161; x_wconf 85' lang='grc' dir='ltr'><strong><em>με-</em></strong></span> 
     </span>
     <span class='ocr_line' id='line_1_9' title="bbox 123 1174 1367 1268; baseline -0.004 -20"><span class='ocrx_word' id='word_1_69' title='bbox 123 1181 207 1241; x_wconf 65' lang='grc' dir='ltr'>ῑ191</span> <span class='ocrx_word' id='word_1_70' title='bbox 221 1184 347 1268; x_wconf 52' lang='grc' dir='ltr'><strong><em>νηίδος</em></strong></span> <span class='ocrx_word' id='word_1_71' title='bbox 367 1181 548 1268; x_wconf 69' lang='grc' dir='ltr'><strong><em>ἐτύγχανον,</em></strong></span> <span class='ocrx_word' id='word_1_72' title='bbox 571 1186 618 1261; x_wconf 81' lang='grc' dir='ltr'><strong><em>εἰς</em></strong></span> <span class='ocrx_word' id='word_1_73' title='bbox 638 1182 900 1268; x_wconf 73' lang='grc' dir='ltr'><strong><em>παραχειμασίαν</em></strong></span> <span class='ocrx_word' id='word_1_74' title='bbox 913 1185 1073 1263; x_wconf 76' lang='grc' dir='ltr'><strong><em>διέδωκεν,</em></strong></span> <span class='ocrx_word' id='word_1_75' title='bbox 1100 1180 1199 1256; x_wconf 74' lang='grc' dir='ltr'><strong><em>αὐτὸς</em></strong></span> <span class='ocrx_word' id='word_1_76' title='bbox 1221 1182 1255 1245; x_wconf 80' lang='lat' dir='ltr'><strong><em>dd</em></strong></span> <span class='ocrx_word' id='word_1_77' title='bbox 1276 1174 1367 1261; x_wconf 75' lang='grc' dir='ltr'><strong><em>μετὰ</em></strong></span> 
     </span>
     <span class='ocr_line' id='line_1_10' title="bbox 137 1275 1363 1369; baseline -0.007 -19"><span class='ocrx_word' id='word_1_78' title='bbox 137 1284 151 1298; x_wconf 84' lang='grc'><strong>”</strong></span> <span class='ocrx_word' id='word_1_79' title='bbox 259 1287 321 1350; x_wconf 75' lang='lat' dir='ltr'><strong><em>ttlr</em></strong></span> <span class='ocrx_word' id='word_1_80' title='bbox 344 1283 628 1369; x_wconf 74' lang='grc' dir='ltr'><strong><em>σωματοφυλάκων</em></strong></span> <span class='ocrx_word' id='word_1_81' title='bbox 649 1275 714 1349; x_wconf 81' lang='grc' dir='ltr'><strong><em>’καί</em></strong></span> <span class='ocrx_word' id='word_1_82' title='bbox 732 1288 919 1364; x_wconf 84' lang='grc' dir='ltr'><strong><em>Βυζαντίων</em></strong></span> <span class='ocrx_word' id='word_1_83' title='bbox 954 1284 1008 1349; x_wconf 81' lang='grc' dir='ltr'>καί</span> <span class='ocrx_word' id='word_1_84' title='bbox 1027 1285 1087 1348; x_wconf 77' lang='grc' dir='ltr'><strong><em>ταῖν</em></strong></span> <span class='ocrx_word' id='word_1_85' title='bbox 1108 1278 1363 1367; x_wconf 74' lang='grc' dir='ltr'><strong><em>οἰκοφυλακοέν-</em></strong></span> 
     </span>
     <span class='ocr_line' id='line_1_11' title="bbox 259 1384 1413 1471; baseline -0.005 -20"><span class='ocrx_word' id='word_1_86' title='bbox 259 1404 334 1452; x_wconf 71' lang='grc' dir='ltr'><strong><em>των,</em></strong></span> <span class='ocrx_word' id='word_1_87' title='bbox 346 1386 382 1450; x_wconf 76' lang='grc' dir='ltr'><strong><em>ἐκ</em></strong></span> <span class='ocrx_word' id='word_1_88' title='bbox 402 1384 577 1468; x_wconf 76' lang='grc' dir='ltr'><strong><em>βασιλείοις</em></strong></span> <span class='ocrx_word' id='word_1_89' title='bbox 598 1389 644 1463; x_wconf 82' lang='grc' dir='ltr'><strong><em>εἰς</em></strong></span> <span class='ocrx_word' id='word_1_90' title='bbox 664 1385 722 1471; x_wconf 78' lang='grc' dir='ltr'><strong><em>την</em></strong></span> <span class='ocrx_word' id='word_1_91' title='bbox 742 1386 979 1469; x_wconf 78' lang='grc' dir='ltr'><strong><em>βασιλεύουσαν</em></strong></span> <span class='ocrx_word' id='word_1_92' title='bbox 998 1386 1183 1468; x_wconf 74' lang='grc' dir='ltr'><strong><em>εἰσελήλυθε</em></strong></span> <span class='ocrx_word' id='word_1_93' title='bbox 1203 1384 1278 1467; x_wconf 77' lang='grc' dir='ltr'><strong><em>περὶ</em></strong></span> <span class='ocrx_word' id='word_1_94' title='bbox 1298 1384 1413 1463; x_wconf 74' lang='lat' dir='ltr'>rix-10</span> 
     </span>
     <span class='ocr_line' id='line_1_12' title="bbox 257 1476 1361 1573; baseline -0.001 -25"><span class='ocrx_word' id='word_1_95' title='bbox 257 1481 323 1568; x_wconf 74' lang='grc' dir='ltr'><strong><em>μην</em></strong></span> <span class='ocrx_word' id='word_1_96' title='bbox 345 1482 402 1550; x_wconf 65' lang='grc' dir='ltr'><strong><em>τοτ’»</em></strong></span> <span class='ocrx_word' id='word_1_97' title='bbox 423 1488 579 1568; x_wconf 71' lang='grc' dir='ltr'><strong><em>χειμῶνος</em></strong></span> <span class='ocrx_word' id='word_1_98' title='bbox 596 1478 700 1563; x_wconf 80' lang='grc' dir='ltr'><strong><em>ὄντος·</em></strong></span> <span class='ocrx_word' id='word_1_99' title='bbox 759 1485 839 1572; x_wconf 78' lang='grc' dir='ltr'><strong><em>πρὸς</em></strong></span> <span class='ocrx_word' id='word_1_100' title='bbox 860 1490 904 1573; x_wconf 76' lang='grc' dir='ltr'><strong><em>τῷ</em></strong></span> <span class='ocrx_word' id='word_1_101' title='bbox 925 1489 1007 1550; x_wconf 79' lang='grc' dir='ltr'><strong><em>τέλει</em></strong></span> <span class='ocrx_word' id='word_1_102' title='bbox 1027 1482 1087 1570; x_wconf 76' lang='grc' dir='ltr'><strong><em>γαρ</em></strong></span> <span class='ocrx_word' id='word_1_103' title='bbox 1110 1476 1182 1569; x_wconf 79' lang='grc' dir='ltr'><strong><em>ἧνό</em></strong></span> <span class='ocrx_word' id='word_1_104' title='bbox 1204 1480 1361 1548; x_wconf 79' lang='grc' dir='ltr'><strong><em>ιάννουά-</em></strong></span> 
     </span>
     <span class='ocr_line' id='line_1_13' title="bbox 139 1582 420 1672; baseline -0.011 -18"><span class='ocrx_word' id='word_1_105' title='bbox 139 1590 218 1654; x_wconf 58' lang='lat' dir='ltr'><strong><em>,ooo</em></strong></span> <span class='ocrx_word' id='word_1_106' title='bbox 259 1608 328 1670; x_wconf 88' lang='grc' dir='ltr'><strong><em>ριος</em></strong></span> <span class='ocrx_word' id='word_1_107' title='bbox 346 1582 420 1672; x_wconf 73' lang='grc' dir='ltr'><strong><em>μην.</em></strong></span> 
     </span>
    </p>

    <p class='ocr_par' dir='ltr' id='par_1_3' title="bbox 258 1684 1407 1977">
     <span class='ocr_line' id='line_1_14' title="bbox 357 1684 1360 1784; baseline -0.007 -28"><span class='ocrx_word' id='word_1_108' title='bbox 357 1691 528 1772; x_wconf 71' lang='grc' dir='ltr'><strong><em>Διαγαγοέν</em></strong></span> <span class='ocrx_word' id='word_1_109' title='bbox 547 1692 652 1755; x_wconf 84' lang='grc' dir='ltr'><strong><em>τοίνυκ</em></strong></span> <span class='ocrx_word' id='word_1_110' title='bbox 674 1687 708 1755; x_wconf 85' lang='grc' dir='ltr'><strong><em>ἐν</em></strong></span> <span class='ocrx_word' id='word_1_111' title='bbox 728 1692 766 1778; x_wconf 80' lang='grc' dir='ltr'><strong><em>τῇ</em></strong></span> <span class='ocrx_word' id='word_1_112' title='bbox 788 1691 850 1757; x_wconf 75' lang='grc' dir='ltr'><strong><em>τῶν</em></strong></span> <span class='ocrx_word' id='word_1_113' title='bbox 867 1689 1033 1755; x_wconf 77' lang='grc' dir='ltr'><strong><em>πολιτικῶν</em></strong></span> <span class='ocrx_word' id='word_1_114' title='bbox 1055 1684 1252 1784; x_wconf 59' lang='grc' dir='ltr'><strong><em>πραρμοὶταν</em></strong></span> <span class='ocrx_word' id='word_1_115' title='bbox 1275 1688 1360 1751; x_wconf 79' lang='grc' dir='ltr'><strong><em>διοι-</em></strong></span> 
     </span>
     <span class='ocr_line' id='line_1_15' title="bbox 258 1780 1358 1874; baseline 0.001 -24"><span class='ocrx_word' id='word_1_116' title='bbox 258 1788 346 1874; x_wconf 71' lang='grc' dir='ltr'><strong><em>κήσει</em></strong></span> <span class='ocrx_word' id='word_1_117' title='bbox 377 1787 494 1873; x_wconf 86' lang='grc' dir='ltr'><strong><em>χρόνον</em></strong></span> <span class='ocrx_word' id='word_1_118' title='bbox 524 1792 620 1872; x_wconf 75' lang='grc' dir='ltr'><strong><em>τινί,</em></strong></span> <span class='ocrx_word' id='word_1_119' title='bbox 649 1795 705 1857; x_wconf 84' lang='grc' dir='ltr'><strong><em>καί</em></strong></span> <span class='ocrx_word' id='word_1_120' title='bbox 729 1792 824 1873; x_wconf 80' lang='grc' dir='ltr'><strong><em>τιμὰς</em></strong></span> <span class='ocrx_word' id='word_1_121' title='bbox 844 1784 898 1865; x_wconf 77' lang='grc' dir='ltr'><strong><em>ἐἴς</em></strong></span> <span class='ocrx_word' id='word_1_122' title='bbox 931 1813 1017 1865; x_wconf 89' lang='grc' dir='ltr'><strong><em>τινας</em></strong></span> <span class='ocrx_word' id='word_1_123' title='bbox 1050 1793 1113 1854; x_wconf 75' lang='grc' dir='ltr'><strong><em>τῶν</em></strong></span> <span class='ocrx_word' id='word_1_124' title='bbox 1144 1780 1358 1872; x_wconf 75' lang='grc' dir='ltr'><strong><em>συγκλητικῶν</em></strong></span> 
     </span>
     <span class='ocr_line' id='line_1_16' title="bbox 258 1884 1407 1977; baseline -0.003 -23"><span class='ocrx_word' id='word_1_125' title='bbox 258 1884 488 1977; x_wconf 75' lang='grc' dir='ltr'><strong><em>ποιησόμενος,</em></strong></span> <span class='ocrx_word' id='word_1_126' title='bbox 517 1893 572 1956; x_wconf 82' lang='grc' dir='ltr'><strong><em>καί</em></strong></span> <span class='ocrx_word' id='word_1_127' title='bbox 597 1891 655 1967; x_wconf 76' lang='grc' dir='ltr'><strong><em>τὰς</em></strong></span> <span class='ocrx_word' id='word_1_128' title='bbox 685 1890 829 1977; x_wconf 74' lang='grc' dir='ltr'><strong><em>ἐτησίους</em></strong></span> <span class='ocrx_word' id='word_1_129' title='bbox 860 1889 983 1975; x_wconf 80' lang='grc' dir='ltr'><strong><em>ἐοορεοὶς</em></strong></span> <span class='ocrx_word' id='word_1_130' title='bbox 1005 1888 1041 1954; x_wconf 75' lang='grc' dir='ltr'><strong><em>αἲ</em></strong></span> <span class='ocrx_word' id='word_1_131' title='bbox 1059 1897 1123 1967; x_wconf 83' lang='grc' dir='ltr'><strong><em>τοῖς</em></strong></span> <span class='ocrx_word' id='word_1_132' title='bbox 1144 1894 1360 1974; x_wconf 78' lang='grc' dir='ltr'><strong><em>συγκλητικοῖς</em></strong></span> <span class='ocrx_word' id='word_1_133' title='bbox 1372 1917 1407 1969; x_wconf 74' lang='lat'><strong><em>15</em></strong></span> 
     </span>
    </p>

    <p class='ocr_par' dir='ltr' id='par_1_4' title="bbox 182 1981 1361 2085">
     <span class='ocr_line' id='line_1_17' title="bbox 182 1981 1361 2085; baseline 0 -32"><span class='ocrx_word' id='word_1_134' title='bbox 182 2069 191 2085; x_wconf 40' lang='lat' dir='ltr'><strong><em>s</em></strong></span> <span class='ocrx_word' id='word_1_135' title='bbox 256 1981 419 2071; x_wconf 55' lang='lat' dir='ltr'>&#39;catepani</span> <span class='ocrx_word' id='word_1_136' title='bbox 442 1992 657 2077; x_wconf 80' lang='grc' dir='ltr'><strong><em>προσήρτηντο</em></strong></span> <span class='ocrx_word' id='word_1_137' title='bbox 676 1986 898 2078; x_wconf 75' lang='grc' dir='ltr'><strong><em>ποιησάμενος,</em></strong></span> <span class='ocrx_word' id='word_1_138' title='bbox 918 1995 972 2055; x_wconf 85' lang='grc' dir='ltr'><strong><em>καί</em></strong></span> <span class='ocrx_word' id='word_1_139' title='bbox 994 1991 1070 2055; x_wconf 82' lang='grc' dir='ltr'><strong><em>ου’δέ</em></strong></span> <span class='ocrx_word' id='word_1_140' title='bbox 1092 1989 1361 2073; x_wconf 77' lang='grc' dir='ltr'><strong><em>τὰςπασχαλίους</em></strong></span> 
     </span>
    </p>

    <p class='ocr_par' dir='ltr' id='par_1_5' title="bbox 259 2090 1381 2175">
     <span class='ocr_line' id='line_1_18' title="bbox 259 2090 1381 2175; baseline 0.001 -21"><span class='ocrx_word' id='word_1_141' title='bbox 259 2090 383 2174; x_wconf 77' lang='grc' dir='ltr'><strong><em>ἡμέρας</em></strong></span> <span class='ocrx_word' id='word_1_142' title='bbox 403 2096 589 2174; x_wconf 83' lang='grc' dir='ltr'><strong><em>περιμείνας</em></strong></span> <span class='ocrx_word' id='word_1_143' title='bbox 609 2096 655 2166; x_wconf 85' lang='grc' dir='ltr'><strong><em>εἰς</em></strong></span> <span class='ocrx_word' id='word_1_144' title='bbox 673 2091 708 2158; x_wconf 82' lang='grc' dir='ltr'><strong><em>τέ</em></strong></span> <span class='ocrx_word' id='word_1_145' title='bbox 731 2092 931 2174; x_wconf 79' lang='grc' dir='ltr'><strong><em>Βυζάντιον,</em></strong></span> <span class='ocrx_word' id='word_1_146' title='bbox 954 2096 999 2167; x_wconf 85' lang='grc' dir='ltr'><strong><em>εἰς</em></strong></span> <span class='ocrx_word' id='word_1_147' title='bbox 1030 2090 1085 2159; x_wconf 81' lang='grc' dir='ltr'><strong><em>τὸν</em></strong></span> <span class='ocrx_word' id='word_1_148' title='bbox 1105 2094 1273 2175; x_wconf 81' lang='grc' dir='ltr'><strong><em>α’ντιπέρας</em></strong></span> <span class='ocrx_word' id='word_1_149' title='bbox 1293 2094 1381 2167; x_wconf 47' lang='grc' dir='ltr'><strong><em>κεί-,</em></strong></span> 
     </span>
    </p>

    <p class='ocr_par' dir='ltr' id='par_1_6' title="bbox 215 2186 1361 2280">
     <span class='ocr_line' id='line_1_19' title="bbox 215 2186 1361 2280; baseline 0 -25"><span class='ocrx_word' id='word_1_150' title='bbox 215 2217 238 2263; x_wconf 74' lang='lat'>&gt;</span> <span class='ocrx_word' id='word_1_151' title='bbox 257 2212 352 2273; x_wconf 85' lang='grc' dir='ltr'><strong><em>μενον</em></strong></span> <span class='ocrx_word' id='word_1_152' title='bbox 370 2192 536 2273; x_wconf 81' lang='grc' dir='ltr'><strong><em>βασιλικὸν</em></strong></span> <span class='ocrx_word' id='word_1_153' title='bbox 558 2186 644 2259; x_wconf 79' lang='grc' dir='ltr'><strong><em>οἶκόν</em></strong></span> <span class='ocrx_word' id='word_1_154' title='bbox 663 2197 718 2259; x_wconf 84' lang='grc' dir='ltr'><strong><em>καί</em></strong></span> <span class='ocrx_word' id='word_1_155' title='bbox 729 2195 900 2276; x_wconf 81' lang='grc' dir='ltr'><strong><em>λεγόμενον</em></strong></span> <span class='ocrx_word' id='word_1_156' title='bbox 920 2198 981 2259; x_wconf 84' lang='grc' dir='ltr'><strong><em>τῶν</em></strong></span> <span class='ocrx_word' id='word_1_157' title='bbox 1000 2194 1129 2280; x_wconf 85' lang='grc' dir='ltr'><strong><em>Ἠρίονν,</em></strong></span> <span class='ocrx_word' id='word_1_158' title='bbox 1150 2193 1361 2275; x_wconf 74' lang='grc' dir='ltr'><strong><em>ἀπέπλευσεν,</em></strong></span> 
     </span>
    </p>

    <p class='ocr_par' dir='ltr' id='par_1_7' title="bbox 258 2287 1410 2482">
     <span class='ocr_line' id='line_1_20' title="bbox 258 2287 1363 2379; baseline 0.003 -25"><span class='ocrx_word' id='word_1_159' title='bbox 258 2288 362 2377; x_wconf 76' lang='grc' dir='ltr'><strong><em>ίρμην</em></strong></span> <span class='ocrx_word' id='word_1_160' title='bbox 392 2290 475 2377; x_wconf 78' lang='grc' dir='ltr'><strong><em>ἔχειν</em></strong></span> <span class='ocrx_word' id='word_1_161' title='bbox 499 2296 545 2369; x_wconf 82' lang='grc' dir='ltr'><strong><em>εἰς</em></strong></span> <span class='ocrx_word' id='word_1_162' title='bbox 576 2292 633 2379; x_wconf 73' lang='grc' dir='ltr'><strong><em>τήν</em></strong></span> <span class='ocrx_word' id='word_1_163' title='bbox 663 2290 747 2360; x_wconf 77' lang='grc' dir='ltr'><strong><em>ἐαάν</em></strong></span> <span class='ocrx_word' id='word_1_164' title='bbox 778 2287 875 2371; x_wconf 70' lang='grc' dir='ltr'><strong><em>αὖθις</em></strong></span> <span class='ocrx_word' id='word_1_165' title='bbox 909 2292 1256 2377; x_wconf 72' lang='grc' dir='ltr'><strong><em>στρατοπεδεύσασθαι.</em></strong></span> <span class='ocrx_word' id='word_1_166' title='bbox 1306 2290 1363 2359; x_wconf 74' lang='grc' dir='ltr'><strong><em>κατ’</em></strong></span> 
     </span>
     <span class='ocr_line' id='line_1_21' title="bbox 258 2382 1410 2482; baseline 0.004 -27"><span class='ocrx_word' id='word_1_167' title='bbox 258 2400 324 2467; x_wconf 78' lang='grc' dir='ltr'><strong><em>τοῖς</em></strong></span> <span class='ocrx_word' id='word_1_168' title='bbox 348 2382 713 2478; x_wconf 69' lang='grc' dir='ltr'><strong><em>Τοίρκοις,εἰιεξελθεῖν.</em></strong></span> <span class='ocrx_word' id='word_1_169' title='bbox 736 2398 907 2482; x_wconf 78' lang='grc' dir='ltr'><strong><em>ἐπισυνέβη</em></strong></span> <span class='ocrx_word' id='word_1_170' title='bbox 929 2394 991 2481; x_wconf 74' lang='grc' dir='ltr'><strong><em>γὰρ</em></strong></span> <span class='ocrx_word' id='word_1_171' title='bbox 1015 2399 1074 2480; x_wconf 84' lang='grc' dir='ltr'><strong><em>καί</em></strong></span> <span class='ocrx_word' id='word_1_172' title='bbox 1089 2420 1120 2461; x_wconf 85' lang='grc' dir='ltr'><strong><em>τι</em></strong></span> <span class='ocrx_word' id='word_1_173' title='bbox 1141 2400 1206 2461; x_wconf 76' lang='grc' dir='ltr'><strong><em>τῶν</em></strong></span> <span class='ocrx_word' id='word_1_174' title='bbox 1224 2394 1410 2477; x_wconf 48' lang='grc' dir='ltr'><strong><em>ἀνίπταται)</em></strong></span> 
     </span>
    </p>
   </div>
   <div class='ocr_carea' id='block_1_3' title="bbox 251 2491 1360 2889">
    <p class='ocr_par' dir='ltr' id='par_1_8' title="bbox 251 2491 1360 2889">
     <span class='ocr_line' id='line_1_22' title="bbox 258 2491 1360 2583; baseline 0.004 -29"><span class='ocrx_word' id='word_1_175' title='bbox 258 2491 338 2577; x_wconf 85' lang='grc' dir='ltr'><strong><em>πρὸς</em></strong></span> <span class='ocrx_word' id='word_1_176' title='bbox 361 2495 567 2579; x_wconf 86' lang='grc' dir='ltr'><strong><em>ἐκστρατείαν</em></strong></span> <span class='ocrx_word' id='word_1_177' title='bbox 598 2499 715 2563; x_wconf 77' lang='grc' dir='ltr'><strong><em>καλοῦν</em></strong></span> <span class='ocrx_word' id='word_1_178' title='bbox 745 2496 802 2562; x_wconf 77' lang='grc' dir='ltr'><strong><em>τὸν</em></strong></span> <span class='ocrx_word' id='word_1_179' title='bbox 832 2492 951 2563; x_wconf 76' lang='grc' dir='ltr'><strong><em>ἄνακτα</em></strong></span> <span class='ocrx_word' id='word_1_180' title='bbox 973 2493 1232 2583; x_wconf 75' lang='grc' dir='ltr'><strong><em>σπουδαιότερον.</em></strong></span> <span class='ocrx_word' id='word_1_181' title='bbox 1276 2493 1360 2579; x_wconf 81' lang='grc' dir='ltr'><strong><em>α’νὴρ</em></strong></span> 
     </span>
     <span class='ocr_line' id='line_1_23' title="bbox 251 2584 1360 2686; baseline 0.001 -29"><span class='ocrx_word' id='word_1_182' title='bbox 251 2584 318 2678; x_wconf 65' lang='grc' dir='ltr'><strong><em>ηοὶρ</em></strong></span> <span class='ocrx_word' id='word_1_183' title='bbox 339 2599 480 2671; x_wconf 81' lang='grc' dir='ltr'><strong><em>Λατίνας</em></strong></span> <span class='ocrx_word' id='word_1_184' title='bbox 507 2597 542 2675; x_wconf 81' lang='grc' dir='ltr'><strong><em>ἐξ</em></strong></span> <span class='ocrx_word' id='word_1_185' title='bbox 562 2599 691 2673; x_wconf 82' lang='grc' dir='ltr'><strong><em>Ἰταλίας</em></strong></span> <span class='ocrx_word' id='word_1_186' title='bbox 712 2600 756 2686; x_wconf 77' lang='grc' dir='ltr'><strong><em>τῷ</em></strong></span> <span class='ocrx_word' id='word_1_187' title='bbox 781 2602 912 2680; x_wconf 78' lang='grc' dir='ltr'><strong><em>βασιλεῖ</em></strong></span> <span class='ocrx_word' id='word_1_188' title='bbox 937 2597 1144 2683; x_wconf 72' lang='grc' dir='ltr'><strong><em>προσελθών,</em></strong></span> <span class='ocrx_word' id='word_1_189' title='bbox 1181 2600 1360 2682; x_wconf 77' lang='grc' dir='ltr'><strong><em>Κρισπῖνος</em></strong></span> 
     </span>
     <span class='ocr_line' id='line_1_24' title="bbox 255 2690 1359 2784; baseline -0.001 -24"><span class='ocrx_word' id='word_1_190' title='bbox 255 2691 410 2777; x_wconf 75' lang='grc' dir='ltr'><strong><em>ὀνόματι,</em></strong></span> <span class='ocrx_word' id='word_1_191' title='bbox 433 2694 513 2781; x_wconf 85' lang='grc' dir='ltr'><strong><em>πρές</em></strong></span> <span class='ocrx_word' id='word_1_192' title='bbox 535 2690 696 2780; x_wconf 70' lang='grc' dir='ltr'><strong><em>ιη’νέοόαν</em></strong></span> <span class='ocrx_word' id='word_1_193' title='bbox 717 2696 962 2784; x_wconf 78' lang='grc' dir='ltr'><strong><em>προαπεστᾰλη,</em></strong></span> <span class='ocrx_word' id='word_1_194' title='bbox 983 2694 1235 2780; x_wconf 82' lang='grc' dir='ltr'><strong><em>παραχειμάσαι</em></strong></span> <span class='ocrx_word' id='word_1_195' title='bbox 1256 2698 1359 2763; x_wconf 85' lang='grc' dir='ltr'><strong><em>ἐκεῖσε</em></strong></span> 
     </span>
     <span class='ocr_line' id='line_1_25' title="bbox 255 2793 1356 2889; baseline 0.002 -30"><span class='ocrx_word' id='word_1_196' title='bbox 255 2793 339 2877; x_wconf 70' lang='grc' dir='ltr'><strong><em>μετὰ</em></strong></span> <span class='ocrx_word' id='word_1_197' title='bbox 374 2801 437 2862; x_wconf 72' lang='grc' dir='ltr'><strong><em>τῶν</em></strong></span> <span class='ocrx_word' id='word_1_198' title='bbox 457 2798 778 2866; x_wconf 79' lang='grc' dir='ltr'><strong><em>συνδιαπλιυσάντων</em></strong></span> <span class='ocrx_word' id='word_1_199' title='bbox 810 2801 898 2889; x_wconf 65' lang='lat' dir='ltr'>adsui</span> <span class='ocrx_word' id='word_1_200' title='bbox 919 2801 974 2865; x_wconf 83' lang='grc' dir='ltr'><strong><em>καί</em></strong></span> <span class='ocrx_word' id='word_1_201' title='bbox 993 2800 1253 2885; x_wconf 81' lang='grc' dir='ltr'><strong><em>συναφικομίνιον</em></strong></span> <span class='ocrx_word' id='word_1_202' title='bbox 1274 2796 1356 2881; x_wconf 82' lang='grc' dir='ltr'><strong><em>ἐμο-</em></strong></span> 
     </span>
    </p>
   </div>
   <div class='ocr_carea' id='block_1_4' title="bbox 326 2974 608 3039">
    <p class='ocr_par' dir='ltr' id='par_1_9' title="bbox 326 2974 608 3039">
     <span class='ocr_line' id='line_1_26' title="bbox 326 2974 608 3039; baseline 0.007 -11"><span class='ocrx_word' id='word_1_203' title='bbox 326 2974 370 3029; x_wconf 80' lang='lat'><strong><em>20.</em></strong></span> <span class='ocrx_word' id='word_1_204' title='bbox 391 2974 559 3039; x_wconf 68' lang='grc' dir='ltr'><strong><em>ὑπεξελθεῖν</em></strong></span> <span class='ocrx_word' id='word_1_205' title='bbox 579 2977 608 3032; x_wconf 82' lang='grc' dir='ltr'><strong><em>Ο.</em></strong></span> 
     </span>
    </p>
   </div>
   <div class='ocr_carea' id='block_1_5' title="bbox 253 3137 1354 3696">
    <p class='ocr_par' dir='ltr' id='par_1_10' title="bbox 253 3137 1354 3696">
     <span class='ocr_line' id='line_1_27' title="bbox 255 3137 1354 3211; baseline -0.003 -17"><span class='ocrx_word' id='word_1_206' title='bbox 255 3142 366 3211; x_wconf 74' lang='lat' dir='ltr'>aggredi</span> <span class='ocrx_word' id='word_1_207' title='bbox 385 3155 465 3195; x_wconf 89' lang='lat' dir='ltr'>ausus</span> <span class='ocrx_word' id='word_1_208' title='bbox 487 3148 529 3193; x_wconf 90' lang='lat' dir='ltr'><strong><em>est</em></strong></span> <span class='ocrx_word' id='word_1_209' title='bbox 544 3141 754 3209; x_wconf 79' lang='lat' dir='ltr'>nequeAmorio</span> <span class='ocrx_word' id='word_1_210' title='bbox 775 3140 876 3193; x_wconf 86' lang='lat' dir='ltr'>auxilio</span> <span class='ocrx_word' id='word_1_211' title='bbox 895 3142 1007 3193; x_wconf 87' lang='lat' dir='ltr'>venire:</span> <span class='ocrx_word' id='word_1_212' title='bbox 1037 3142 1117 3192; x_wconf 88' lang='lat' dir='ltr'>immo</span> <span class='ocrx_word' id='word_1_213' title='bbox 1143 3137 1227 3209; x_wconf 55' lang='lat' dir='ltr'>napis</span> <span class='ocrx_word' id='word_1_214' title='bbox 1253 3140 1354 3193; x_wconf 82' lang='lat' dir='ltr'>&#39;lurcae</span> 
     </span>
     <span class='ocr_line' id='line_1_28' title="bbox 255 3211 1354 3281; baseline 0 -18"><span class='ocrx_word' id='word_1_215' title='bbox 255 3213 395 3276; x_wconf 81' lang='lat' dir='ltr'>Taamauto</span> <span class='ocrx_word' id='word_1_216' title='bbox 415 3214 659 3280; x_wconf 72' lang='lat' dir='ltr'>appropinquantes</span> <span class='ocrx_word' id='word_1_217' title='bbox 678 3213 705 3263; x_wconf 92' lang='lat' dir='ltr'><strong><em>iu</em></strong></span> <span class='ocrx_word' id='word_1_218' title='bbox 725 3211 892 3264; x_wconf 88' lang='lat' dir='ltr'>ascendendo</span> <span class='ocrx_word' id='word_1_219' title='bbox 918 3212 1017 3265; x_wconf 86' lang='lat' dir='ltr'>multos</span> <span class='ocrx_word' id='word_1_220' title='bbox 1043 3221 1134 3265; x_wconf 90' lang='lat' dir='ltr'>contra</span> <span class='ocrx_word' id='word_1_221' title='bbox 1160 3214 1354 3281; x_wconf 82' lang='lat' dir='ltr'>egredientium</span> 
     </span>
     <span class='ocr_line' id='line_1_29' title="bbox 256 3282 1353 3337; baseline -0.004 -2"><span class='ocrx_word' id='word_1_222' title='bbox 256 3282 416 3335; x_wconf 85' lang='lat' dir='ltr'>Graecorum</span> <span class='ocrx_word' id='word_1_223' title='bbox 434 3282 628 3334; x_wconf 76' lang='lat' dir='ltr'>iuterfecerunt</span> <span class='ocrx_word' id='word_1_224' title='bbox 643 3290 747 3336; x_wconf 86' lang='lat' dir='ltr'>ceteros</span> <span class='ocrx_word' id='word_1_225' title='bbox 767 3290 855 3335; x_wconf 90' lang='lat' dir='ltr'>autem</span> <span class='ocrx_word' id='word_1_226' title='bbox 874 3284 901 3334; x_wconf 91' lang='lat' dir='ltr'><strong><em>in</em></strong></span> <span class='ocrx_word' id='word_1_227' title='bbox 920 3284 1075 3337; x_wconf 88' lang='lat' dir='ltr'>firmissimis</span> <span class='ocrx_word' id='word_1_228' title='bbox 1094 3283 1163 3336; x_wconf 91' lang='lat' dir='ltr'>locis</span> <span class='ocrx_word' id='word_1_229' title='bbox 1183 3283 1289 3336; x_wconf 78' lang='lat' dir='ltr'>castelli</span> <span class='ocrx_word' id='word_1_230' title='bbox 1307 3286 1353 3335; x_wconf 91' lang='lat' dir='ltr'><strong><em>in.</em></strong></span> 
     </span>
     <span class='ocr_line' id='line_1_30' title="bbox 254 3351 1352 3423; baseline 0 -19"><span class='ocrx_word' id='word_1_231' title='bbox 254 3351 401 3405; x_wconf 87' lang='lat' dir='ltr'>cluserunt.</span> <span class='ocrx_word' id='word_1_232' title='bbox 422 3353 554 3404; x_wconf 87' lang='lat' dir='ltr'>cruciatus</span> <span class='ocrx_word' id='word_1_233' title='bbox 573 3362 661 3405; x_wconf 88' lang='lat' dir='ltr'>autem</span> <span class='ocrx_word' id='word_1_234' title='bbox 682 3371 730 3406; x_wconf 85' lang='lat' dir='ltr'><strong><em>rex</em></strong></span> <span class='ocrx_word' id='word_1_235' title='bbox 748 3364 775 3406; x_wconf 89' lang='lat' dir='ltr'><strong><em>et</em></strong></span> <span class='ocrx_word' id='word_1_236' title='bbox 794 3355 871 3422; x_wconf 88' lang='lat' dir='ltr'>plura</span> <span class='ocrx_word' id='word_1_237' title='bbox 891 3356 989 3407; x_wconf 83' lang='lat' dir='ltr'>lacere</span> <span class='ocrx_word' id='word_1_238' title='bbox 1000 3370 1053 3407; x_wconf 90' lang='lat' dir='ltr'><strong><em>uon</em></strong></span> <span class='ocrx_word' id='word_1_239' title='bbox 1067 3356 1280 3423; x_wconf 87' lang='lat' dir='ltr'>valenspropter</span> <span class='ocrx_word' id='word_1_240' title='bbox 1291 3354 1352 3406; x_wconf 88' lang='lat' dir='ltr'>lrie.</span> 
     </span>
     <span class='ocr_line' id='line_1_31' title="bbox 253 3420 1353 3498; baseline 0.002 -23"><span class='ocrx_word' id='word_1_241' title='bbox 253 3423 303 3476; x_wconf 90' lang='lat' dir='ltr'>mis</span> <span class='ocrx_word' id='word_1_242' title='bbox 321 3420 470 3475; x_wconf 72' lang='lat' dir='ltr'>molestiam</span> <span class='ocrx_word' id='word_1_243' title='bbox 491 3432 517 3475; x_wconf 88' lang='lat' dir='ltr'><strong><em>et</em></strong></span> <span class='ocrx_word' id='word_1_244' title='bbox 535 3424 720 3491; x_wconf 78' lang='lat' dir='ltr'>calamitatem,</span> <span class='ocrx_word' id='word_1_245' title='bbox 738 3427 1034 3498; x_wconf 29' lang='lat' dir='ltr'>militesrmereeuarios</span> <span class='ocrx_word' id='word_1_246' title='bbox 1046 3428 1242 3495; x_wconf 78' lang='lat' dir='ltr'>etquicunque</span> <span class='ocrx_word' id='word_1_247' title='bbox 1257 3442 1291 3477; x_wconf 86' lang='lat' dir='ltr'><strong><em>ex</em></strong></span> <span class='ocrx_word' id='word_1_248' title='bbox 1303 3441 1353 3477; x_wconf 88' lang='lat' dir='ltr'><strong><em>oc-</em></strong></span> 
     </span>
     <span class='ocr_line' id='line_1_32' title="bbox 255 3495 1353 3565; baseline -0.003 -16"><span class='ocrx_word' id='word_1_249' title='bbox 255 3495 381 3549; x_wconf 85' lang='lat' dir='ltr'>cidentali</span> <span class='ocrx_word' id='word_1_250' title='bbox 398 3501 472 3563; x_wconf 87' lang='lat' dir='ltr'>parte</span> <span class='ocrx_word' id='word_1_251' title='bbox 491 3495 609 3560; x_wconf 86' lang='lat' dir='ltr'>aderant,</span> <span class='ocrx_word' id='word_1_252' title='bbox 629 3498 656 3547; x_wconf 90' lang='lat' dir='ltr'><strong><em>iu</em></strong></span> <span class='ocrx_word' id='word_1_253' title='bbox 676 3498 794 3551; x_wconf 83' lang='lat' dir='ltr'>hibernia</span> <span class='ocrx_word' id='word_1_254' title='bbox 813 3498 955 3551; x_wconf 77' lang='lat' dir='ltr'>distribuit.</span> <span class='ocrx_word' id='word_1_255' title='bbox 974 3500 1033 3565; x_wconf 89' lang='lat' dir='ltr'>ipse</span> <span class='ocrx_word' id='word_1_256' title='bbox 1052 3507 1139 3549; x_wconf 84' lang='lat' dir='ltr'>autem</span> <span class='ocrx_word' id='word_1_257' title='bbox 1160 3514 1219 3549; x_wconf 85' lang='lat' dir='ltr'>cunr</span> <span class='ocrx_word' id='word_1_258' title='bbox 1246 3496 1353 3550; x_wconf 83' lang='lat' dir='ltr'>sutelli-</span> 
     </span>
     <span class='ocr_line' id='line_1_33' title="bbox 254 3564 1352 3639; baseline 0 -20"><span class='ocrx_word' id='word_1_259' title='bbox 254 3566 324 3619; x_wconf 91' lang='lat' dir='ltr'>tibus</span> <span class='ocrx_word' id='word_1_260' title='bbox 344 3575 371 3618; x_wconf 88' lang='lat' dir='ltr'><strong><em>et</em></strong></span> <span class='ocrx_word' id='word_1_261' title='bbox 387 3564 525 3634; x_wconf 71' lang='lat' dir='ltr'>Byzantiis</span> <span class='ocrx_word' id='word_1_262' title='bbox 545 3575 571 3619; x_wconf 92' lang='lat' dir='ltr'><strong><em>et</em></strong></span> <span class='ocrx_word' id='word_1_263' title='bbox 589 3569 642 3632; x_wconf 89' lang='lat' dir='ltr'>lis,</span> <span class='ocrx_word' id='word_1_264' title='bbox 663 3570 708 3637; x_wconf 88' lang='lat' dir='ltr'><strong><em>qui</em></strong></span> <span class='ocrx_word' id='word_1_265' title='bbox 728 3572 757 3622; x_wconf 95' lang='lat' dir='ltr'><strong><em>in</em></strong></span> <span class='ocrx_word' id='word_1_266' title='bbox 776 3573 851 3639; x_wconf 87' lang='lat' dir='ltr'>regia</span> <span class='ocrx_word' id='word_1_267' title='bbox 870 3571 1016 3623; x_wconf 80' lang='lat' dir='ltr'>custodiam</span> <span class='ocrx_word' id='word_1_268' title='bbox 1035 3570 1127 3621; x_wconf 86' lang='lat' dir='ltr'>domus</span> <span class='ocrx_word' id='word_1_269' title='bbox 1147 3568 1288 3633; x_wconf 86' lang='lat' dir='ltr'>habehant,</span> <span class='ocrx_word' id='word_1_270' title='bbox 1301 3584 1352 3621; x_wconf 90' lang='lat' dir='ltr'><strong><em>ur-</em></strong></span> 
     </span>
     <span class='ocr_line' id='line_1_34' title="bbox 253 3638 1280 3696; baseline 0 -5"><span class='ocrx_word' id='word_1_271' title='bbox 253 3638 314 3691; x_wconf 87' lang='lat' dir='ltr'><strong><em>bem</em></strong></span> <span class='ocrx_word' id='word_1_272' title='bbox 334 3640 445 3691; x_wconf 84' lang='lat' dir='ltr'>intravit</span> <span class='ocrx_word' id='word_1_273' title='bbox 464 3638 552 3690; x_wconf 87' lang='lat' dir='ltr'>hieme</span> <span class='ocrx_word' id='word_1_274' title='bbox 570 3642 713 3693; x_wconf 88' lang='lat' dir='ltr'>acerrima:</span> <span class='ocrx_word' id='word_1_275' title='bbox 736 3644 763 3694; x_wconf 89' lang='lat' dir='ltr'><strong><em>iu</em></strong></span> <span class='ocrx_word' id='word_1_276' title='bbox 783 3643 835 3696; x_wconf 81' lang='lat' dir='ltr'><strong><em>flue</em></strong></span> <span class='ocrx_word' id='word_1_277' title='bbox 856 3645 925 3696; x_wconf 90' lang='lat' dir='ltr'>enim</span> <span class='ocrx_word' id='word_1_278' title='bbox 945 3650 1002 3694; x_wconf 87' lang='lat' dir='ltr'>erat</span> <span class='ocrx_word' id='word_1_279' title='bbox 1017 3642 1152 3693; x_wconf 88' lang='lat' dir='ltr'>ianuarius</span> <span class='ocrx_word' id='word_1_280' title='bbox 1172 3643 1280 3695; x_wconf 85' lang='lat' dir='ltr'>mensis.</span> 
     </span>
    </p>
   </div>
   <div class='ocr_carea' id='block_1_6' title="bbox 252 3728 1356 4305">
    <p class='ocr_par' dir='ltr' id='par_1_11' title="bbox 252 3728 1356 4305">
     <span class='ocr_line' id='line_1_35' title="bbox 352 3728 1353 3798; baseline -0.002 -17"><span class='ocrx_word' id='word_1_281' title='bbox 352 3728 461 3797; x_wconf 75' lang='lat' dir='ltr'>Degeua</span> <span class='ocrx_word' id='word_1_282' title='bbox 480 3729 563 3797; x_wconf 72' lang='lat' dir='ltr'>igitur</span> <span class='ocrx_word' id='word_1_283' title='bbox 581 3731 609 3781; x_wconf 88' lang='lat' dir='ltr'><strong><em>in</em></strong></span> <span class='ocrx_word' id='word_1_284' title='bbox 627 3746 716 3783; x_wconf 87' lang='lat' dir='ltr'>rerum</span> <span class='ocrx_word' id='word_1_285' title='bbox 734 3732 856 3785; x_wconf 78' lang='lat' dir='ltr'>civilium</span> <span class='ocrx_word' id='word_1_286' title='bbox 875 3732 1102 3784; x_wconf 86' lang='lat' dir='ltr'>administratione</span> <span class='ocrx_word' id='word_1_287' title='bbox 1122 3739 1226 3797; x_wconf 89' lang='lat' dir='ltr'>tempus</span> <span class='ocrx_word' id='word_1_288' title='bbox 1244 3729 1353 3798; x_wconf 88' lang='lat' dir='ltr'>aliquod</span> 
     </span>
     <span class='ocr_line' id='line_1_36' title="bbox 255 3800 1354 3870; baseline -0.001 -18"><span class='ocrx_word' id='word_1_289' title='bbox 255 3809 283 3852; x_wconf 89' lang='lat' dir='ltr'><strong><em>et</em></strong></span> <span class='ocrx_word' id='word_1_290' title='bbox 301 3800 418 3853; x_wconf 87' lang='lat' dir='ltr'>honores</span> <span class='ocrx_word' id='word_1_291' title='bbox 437 3800 470 3851; x_wconf 88' lang='lat' dir='ltr'>ad</span> <span class='ocrx_word' id='word_1_292' title='bbox 488 3802 615 3869; x_wconf 80' lang='lat' dir='ltr'>quosdam</span> <span class='ocrx_word' id='word_1_293' title='bbox 633 3811 786 3855; x_wconf 86' lang='lat' dir='ltr'>senatorum</span> <span class='ocrx_word' id='word_1_294' title='bbox 805 3805 939 3868; x_wconf 85' lang='lat' dir='ltr'>deferens,</span> <span class='ocrx_word' id='word_1_295' title='bbox 960 3810 987 3855; x_wconf 90' lang='lat' dir='ltr'><strong><em>et</em></strong></span> <span class='ocrx_word' id='word_1_296' title='bbox 1004 3819 1090 3855; x_wconf 88' lang='lat' dir='ltr'>annua</span> <span class='ocrx_word' id='word_1_297' title='bbox 1109 3804 1187 3867; x_wconf 88' lang='lat' dir='ltr'>dona,</span> <span class='ocrx_word' id='word_1_298' title='bbox 1202 3816 1270 3870; x_wconf 86' lang='lat' dir='ltr'>quac</span> <span class='ocrx_word' id='word_1_299' title='bbox 1294 3817 1354 3852; x_wconf 90' lang='lat' dir='ltr'>cunr</span> 
     </span>
     <span class='ocr_line' id='line_1_37' title="bbox 253 3870 1353 3943; baseline 0.001 -20"><span class='ocrx_word' id='word_1_300' title='bbox 253 3880 406 3923; x_wconf 86' lang='lat' dir='ltr'>senatorum</span> <span class='ocrx_word' id='word_1_301' title='bbox 426 3870 573 3926; x_wconf 81' lang='lat' dir='ltr'>honoribus</span> <span class='ocrx_word' id='word_1_302' title='bbox 593 3875 734 3928; x_wconf 85' lang='lat' dir='ltr'>coniuncta</span> <span class='ocrx_word' id='word_1_303' title='bbox 753 3884 814 3929; x_wconf 88' lang='lat' dir='ltr'>suut</span> <span class='ocrx_word' id='word_1_304' title='bbox 832 3877 948 3940; x_wconf 87' lang='lat' dir='ltr'>tradens,</span> <span class='ocrx_word' id='word_1_305' title='bbox 964 3891 1016 3928; x_wconf 87' lang='lat' dir='ltr'><strong><em>uec</em></strong></span> <span class='ocrx_word' id='word_1_306' title='bbox 1026 3874 1167 3943; x_wconf 84' lang='lat' dir='ltr'>paschales</span> <span class='ocrx_word' id='word_1_307' title='bbox 1179 3874 1284 3941; x_wconf 84' lang='lat' dir='ltr'>quidem</span> <span class='ocrx_word' id='word_1_308' title='bbox 1295 3873 1353 3925; x_wconf 85' lang='lat' dir='ltr'>dies</span> 
     </span>
     <span class='ocr_line' id='line_1_38' title="bbox 253 3943 1354 4016; baseline 0.002 -25"><span class='ocrx_word' id='word_1_309' title='bbox 253 3956 393 3993; x_wconf 86' lang='lat' dir='ltr'>remanens</span> <span class='ocrx_word' id='word_1_310' title='bbox 422 3943 555 4009; x_wconf 77' lang='lat' dir='ltr'>Byzantii,</span> <span class='ocrx_word' id='word_1_311' title='bbox 575 3946 716 4014; x_wconf 76' lang='lat' dir='ltr'>navigavit</span> <span class='ocrx_word' id='word_1_312' title='bbox 733 3946 766 3997; x_wconf 89' lang='lat' dir='ltr'>ad</span> <span class='ocrx_word' id='word_1_313' title='bbox 787 3948 863 4001; x_wconf 86' lang='lat' dir='ltr'>sitam</span> <span class='ocrx_word' id='word_1_314' title='bbox 884 3955 992 3999; x_wconf 89' lang='lat' dir='ltr'>econtra</span> <span class='ocrx_word' id='word_1_315' title='bbox 1012 3949 1115 4016; x_wconf 81' lang='lat' dir='ltr'>regiam</span> <span class='ocrx_word' id='word_1_316' title='bbox 1142 3946 1256 4009; x_wconf 89' lang='lat' dir='ltr'>domum,</span> <span class='ocrx_word' id='word_1_317' title='bbox 1284 3958 1354 4011; x_wconf 87' lang='lat' dir='ltr'>quae</span> 
     </span>
     <span class='ocr_line' id='line_1_39' title="bbox 253 4012 1356 4085; baseline 0.004 -24"><span class='ocrx_word' id='word_1_318' title='bbox 253 4020 365 4063; x_wconf 78' lang='lat' dir='ltr'>vocatur</span> <span class='ocrx_word' id='word_1_319' title='bbox 387 4012 479 4077; x_wconf 80' lang='lat' dir='ltr'>Erico,</span> <span class='ocrx_word' id='word_1_320' title='bbox 499 4018 663 4070; x_wconf 82' lang='lat' dir='ltr'>contendens</span> <span class='ocrx_word' id='word_1_321' title='bbox 681 4020 708 4069; x_wconf 91' lang='lat' dir='ltr'><strong><em>in</em></strong></span> <span class='ocrx_word' id='word_1_322' title='bbox 736 4018 892 4069; x_wconf 86' lang='lat' dir='ltr'>orientalem</span> <span class='ocrx_word' id='word_1_323' title='bbox 920 4026 1021 4085; x_wconf 89' lang='lat' dir='ltr'>partem</span> <span class='ocrx_word' id='word_1_324' title='bbox 1046 4034 1137 4072; x_wconf 89' lang='lat' dir='ltr'>rursus</span> <span class='ocrx_word' id='word_1_325' title='bbox 1165 4018 1300 4083; x_wconf 82' lang='lat' dir='ltr'>proficisci</span> <span class='ocrx_word' id='word_1_326' title='bbox 1327 4023 1356 4065; x_wconf 94' lang='lat' dir='ltr'><strong><em>et</em></strong></span> 
     </span>
     <span class='ocr_line' id='line_1_40' title="bbox 252 4082 1354 4159; baseline 0.002 -25"><span class='ocrx_word' id='word_1_327' title='bbox 252 4082 349 4134; x_wconf 84' lang='lat' dir='ltr'>Tureas</span> <span class='ocrx_word' id='word_1_328' title='bbox 368 4085 464 4135; x_wconf 83' lang='lat' dir='ltr'>vitare.</span> <span class='ocrx_word' id='word_1_329' title='bbox 484 4087 561 4138; x_wconf 85' lang='lat' dir='ltr'>simul</span> <span class='ocrx_word' id='word_1_330' title='bbox 581 4090 651 4139; x_wconf 88' lang='lat' dir='ltr'>enim</span> <span class='ocrx_word' id='word_1_331' title='bbox 670 4090 768 4141; x_wconf 88' lang='lat' dir='ltr'>accidit</span> <span class='ocrx_word' id='word_1_332' title='bbox 785 4092 863 4139; x_wconf 87' lang='lat' dir='ltr'>etiam</span> <span class='ocrx_word' id='word_1_333' title='bbox 882 4090 1020 4157; x_wconf 84' lang='lat' dir='ltr'>singulare</span> <span class='ocrx_word' id='word_1_334' title='bbox 1032 4092 1104 4159; x_wconf 89' lang='lat' dir='ltr'>quid,</span> <span class='ocrx_word' id='word_1_335' title='bbox 1125 4089 1196 4158; x_wconf 85' lang='lat' dir='ltr'>quod</span> <span class='ocrx_word' id='word_1_336' title='bbox 1214 4089 1247 4139; x_wconf 92' lang='lat' dir='ltr'>ad</span> <span class='ocrx_word' id='word_1_337' title='bbox 1267 4101 1354 4151; x_wconf 84' lang='lat' dir='ltr'>expe-</span> 
     </span>
     <span class='ocr_line' id='line_1_41' title="bbox 253 4154 1355 4215; baseline 0 -9"><span class='ocrx_word' id='word_1_338' title='bbox 253 4154 381 4206; x_wconf 87' lang='lat' dir='ltr'>ditionem</span> <span class='ocrx_word' id='word_1_339' title='bbox 399 4155 532 4207; x_wconf 88' lang='lat' dir='ltr'>domiuum</span> <span class='ocrx_word' id='word_1_340' title='bbox 552 4169 679 4212; x_wconf 71' lang='lat' dir='ltr'>evocaret</span> <span class='ocrx_word' id='word_1_341' title='bbox 696 4160 851 4213; x_wconf 85' lang='lat' dir='ltr'>studiosius.</span> <span class='ocrx_word' id='word_1_342' title='bbox 888 4161 966 4213; x_wconf 89' lang='lat' dir='ltr'>homo</span> <span class='ocrx_word' id='word_1_343' title='bbox 987 4166 1057 4215; x_wconf 86' lang='lat' dir='ltr'>eninr</span> <span class='ocrx_word' id='word_1_344' title='bbox 1080 4163 1189 4214; x_wconf 85' lang='lat' dir='ltr'>Latinus</span> <span class='ocrx_word' id='word_1_345' title='bbox 1220 4174 1253 4211; x_wconf 86' lang='lat' dir='ltr'><strong><em>ex</em></strong></span> <span class='ocrx_word' id='word_1_346' title='bbox 1276 4156 1355 4209; x_wconf 85' lang='lat' dir='ltr'>ltalia</span> 
     </span>
     <span class='ocr_line' id='line_1_42' title="bbox 254 4224 1356 4305; baseline 0 -27"><span class='ocrx_word' id='word_1_347' title='bbox 254 4224 288 4278; x_wconf 80' lang='lat' dir='ltr'>sd</span> <span class='ocrx_word' id='word_1_348' title='bbox 304 4239 396 4296; x_wconf 69' lang='lat' dir='ltr'>regem</span> <span class='ocrx_word' id='word_1_349' title='bbox 415 4227 538 4294; x_wconf 83' lang='lat' dir='ltr'>veniens,</span> <span class='ocrx_word' id='word_1_350' title='bbox 549 4233 657 4283; x_wconf 87' lang='lat' dir='ltr'>nomine</span> <span class='ocrx_word' id='word_1_351' title='bbox 676 4231 793 4302; x_wconf 83' lang='lat' dir='ltr'>Crispini</span> <span class='ocrx_word' id='word_1_352' title='bbox 813 4232 908 4299; x_wconf 85' lang='lat' dir='ltr'>dietus,</span> <span class='ocrx_word' id='word_1_353' title='bbox 924 4236 956 4287; x_wconf 90' lang='lat' dir='ltr'>ad</span> <span class='ocrx_word' id='word_1_354' title='bbox 975 4236 1106 4305; x_wconf 82' lang='lat' dir='ltr'>orientem</span> <span class='ocrx_word' id='word_1_355' title='bbox 1125 4234 1220 4286; x_wconf 87' lang='lat' dir='ltr'>missus</span> <span class='ocrx_word' id='word_1_356' title='bbox 1239 4236 1279 4283; x_wconf 88' lang='lat' dir='ltr'><strong><em>est</em></strong></span> <span class='ocrx_word' id='word_1_357' title='bbox 1289 4228 1356 4281; x_wconf 89' lang='lat' dir='ltr'>hie.</span> 
     </span>
    </p>
   </div>
   <div class='ocr_carea' id='block_1_7' title="bbox 0 0 1514 4892">
    <p class='ocr_par' dir='ltr' id='par_1_12' title="bbox 0 0 1514 4892">
     <span class='ocr_line' id='line_1_43' title="bbox 0 0 1514 4892; baseline 0 0"><span class='ocrx_word' id='word_1_358' title='bbox 0 0 1514 4892; x_wconf 95' lang='lat' dir='ltr'><strong><em> </em></strong></span> 
     </span>
    </p>
   </div>
  </div>
 </body>
</html>
