3017 4892
271 290 347 374 aab
563 289 784 365 nrcnsnnrs
814 261 1076 360 tribueris

271 467 450 553 ἐπιφορᾶς,
474 458 530 525 καί
548 460 696 541 πολέμων
727 452 934 539 πανταχόθεν
963 444 1279 535 οἶνοιρριπιζομένοον,
1296 473 1419 537 σφο-

246 567 356 649 -δρῶς
369 563 569 646 ,εύδαρσυῖς
596 562 649 624 καὶ
676 561 825 642 γενναίως
848 555 1038 619 ἀνθίσταται
1058 553 1184 630 τούτοις
1204 551 1312 629 αύτὸς
1336 549 1422 616 κατ’

272 667 498 743 α’νθοπλίζεται
527 664 704 746 κραιπνῶς,
742 659 804 740 ούχ
829 651 939 731 ὅπλοις
976 655 1032 719 καί
1062 653 1180 737 πλήθει
1200 651 1414 740 ζδαρρήσας

272 766 474 853 στρατιωτῶν
496 756 593 851 (ἦσαν
622 760 683 846 γύρ
713 761 1040 845 προκατειργασμένον
1068 754 1180 833 πάντες
1202 753 1261 820 καί
1282 780 1410 821 κατα-

246 891 248 895 ·
272 870 460 955 βεβλημένοι
490 872 560 939 ταῖς
584 866 751 947 συνεχέσιν
786 860 975 943 ἐπιδρομαῖς
1002 855 1058 922 καί
1077 866 1219 943 σφαγαῖς
1248 861 1308 921 καί
1328 851 1439 941 {ir-5

271 993 366 1054 ταις,
396 969 430 1033 ολ
455 969 490 1031 δὲ
524 968 579 1031 καί
602 965 739 1039 δεδιότες
771 958 819 1027 ἔτι
840 960 896 1025 καί
921 960 1024 1048 τούτῳ
1053 955 1098 1043 με)
1122 955 1402 1044 συνερχόμενοι),

273 1067 354 1133 ύλλύ
376 1071 419 1157 τῷ
438 1064 517 1155 θείην
539 1069 645 1131 σθένει
664 1067 772 1129 πᾶσαν
803 1063 933 1138 υίναθείς
952 1058 1010 1147 τὴν
1038 1060 1169 1141 ε’λπίδα,·
1186 1062 1242 1123 καί
1264 1060 1310 1147 τρῖ
1333 1062 1401 1123 δι-

272 1167 351 1256 καίην
375 1169 456 1256 ζήλῳ
476 1169 533 1251 τὴν
555 1165 663 1243 δεξιὰν
683 1162 827 1251 ύπλίσας,
849 1160 927 1229 κατὰ
944 1164 1054 1229 πασῶν
1076 1163 1142 1230 τῶν
1155 1163 1398 1243 οίντίκειμένοον

273 1266 439 1352 δυνάμεων
469 1266 724 1352 παρρησιάζεται
755 1262 814 1349 τὴν
844 1260 1000 1349 α’λήθειαν
1029 1267 1083 1329 καί
1103 1269 1172 1327 κατ’
1195 1262 1396 1327 αύτού-τού

137 1378 157 1435 l.
174 1381 228 1437 213
240 1395 263 1436 r.
272 1369 477 1457 nestorianae,
508 1370 572 1451 ούχ
603 1366 646 1443 ὥς
673 1368 846 1449 βασιλικῶς
864 1368 1088 1449 διαγενομένου
1122 1357 1254 1446 περὶτὰ
1277 1354 1442 1447 πρύγ-ιθ

257 1476 370 1555 ματα,
393 1471 462 1535 ἀλλ’
484 1468 528 1546 οἷς
547 1470 740 1553 τυραννικῶς
754 1466 809 1531 καί
822 1462 974 1548 οἷδέσμτος
992 1468 1048 1529 καί
1061 1460 1270 1550 ,inposuisse
1281 1470 1283 1473 ’
1292 1488 1390 1546 χροο·
1502 1511 1503 1542 ,

271 1578 370 1657 μένου
392 1576 430 1659 τῇ
452 1568 606 1655 διοικήσει
626 1572 689 1635 τῶν
710 1564 803 1652 ὅλων,
823 1574 879 1633 καί
899 1570 944 1644 εἰς
963 1565 1060 1633 κακύν
1083 1564 1253 1650 βάραθρον
1274 1589 1390 1630 συνω-

241 1674 248 1719 t
273 1676 409 1749 θούντος
429 1670 504 1747 τούς
527 1671 688 1749 Αύσόνας.
732 1669 803 1734 ἐπεί
824 1668 886 1753 γὰρ
909 1665 1044 1755 γράφων
1064 1666 1098 1733 τύ
1123 1670 1194 1732 δέον
1216 1663 1388 1744 πολλάκις,

273 1777 331 1841 καί
349 1771 580 1857 συμβουλεύων
603 1771 646 1859 cpi
661 1776 793 1854 βασιλεῖ
806 1767 999 1854 μεταβαλεῖν
1011 1767 1091 1853 πρὸς
1112 1765 1146 1833 τὸ
1169 1769 1306 1853 βέλτιον,
1332 1768 1389 1831 καί

274 1872 476 1960 δικαιοσύνης
499 1868 604 1948 ὅπλοις
626 1875 680 1937 καί
704 1880 944 1958 στρατιωτικοῖς
966 1867 1180 1957 μηχανήμασι
1202 1870 1259 1934 καὶ
1280 1869 1430 1953 depol-15

212 2018 215 2029 ι
274 1999 338 2041 των
369 1973 573 2061 προβλήμασι
602 1976 902 2059 καταστρατηγῆσαι
929 1977 992 2039 τῶν
1020 1975 1188 2052 ἐναντίαν,
1218 1972 1260 2033 ού
1284 1965 1387 2052 μόνον

274 2072 332 2139 ούκ
355 2069 422 2157 εἶχε
441 2075 553 2141 τοῦτον
574 2076 754 2158 καταπειδῆ
776 2079 831 2139 καί
853 2072 1016 2157 ύμύδοξον,
1039 2073 1119 2139 ἀλλὰ
1143 2074 1199 2137 καί
1217 2071 1387 2154 δυσμενεῖς

206 2260 209 2263 ¹
274 2174 355 2261 αρύς
378 2172 477 2239 αύτὸν
499 2175 698 2255 διακείμενον
717 2177 773 2240 καί
789 2180 947 2259 μισοῦντα
973 2178 1083 2241 τοῦτον
1103 2170 1238 2257 stipsis
1259 2172 1389 2255 εύσχή-

273 2297 359 2357 μονα
381 2276 578 2359 συμβουλήν,
594 2272 693 2350 αύτύς
708 2273 782 2351 τούς
802 2278 1008 2360 τηλικούτους
1022 2277 1145 2357 οἷγῶνας
1165 2276 1220 2339 καί
1237 2270 1277 2338 τύ
1299 2267 1398 2337 κατὰ·

276 2380 340 2442 τῶν
363 2373 551 2461 ἀλλοφύλων
578 2374 787 2459 παλαίσματα
814 2374 946 2461 καίτῆν
982 2378 1063 2462 ύπὲρ
1086 2380 1150 2441 τῶν
1167 2376 1428 2457 Χριστιανῶνρρ

278 2479 435 2564 φροντίδα
456 2478 553 2559 μόνος
574 2473 753 2563 ύπίρχεταί
770 2502 803 2544 τε
825 2484 879 2545 καί
899 2479 1085 2561 α’ναδύεται,
1107 2477 1163 2542 καί
1183 2480 1280 2559 μέσον
1298 2478 1383 2541 θεοῦ

276 2577 333 2644 καί
353 2578 533 2665 ἀνθρώπων
561 2576 620 2664 την
643 2576 769 2663 dyadis
788 2584 974 2664 προαίρεσιν
996 2583 1050 2645 καί
1078 2577 1134 2646 τύν
1153 2575 1382 2665 ε’μφονλεύοντα

277 2680 378 2769 τούτῳ
406 2676 521 2767 σκοπὸν
554 2682 670 2766 εύσεβῆ
691 2667 949 2768 προβαλλόμενος
980 2674 1117 2767 ἄρχεται
1144 2682 1200 2746 τοῦ
1219 2679 1285 2743 τῶν
1299 2675 1384 2746 ‘Poo-

279 2936 414 2988 etiamtum
440 2932 570 3005 flagrante
598 2938 699 3005 impetu
725 2942 753 2989 et
780 2935 901 2990 hostibus
933 2936 1110 3005 undecunque
1140 2932 1220 2988 valde
1248 2933 1383 2999 excitatis,

193 3053 196 3058 .
278 3008 385 3062 fortiter
415 3014 443 3059 et
466 3016 599 3079 generoso
625 3007 727 3061 resistit
749 3007 884 3075 his'ipse‚
903 3016 936 3061 ¹et
963 3014 1049 3060 armat
1070 3022 1102 3059 se
1119 3013 1244 3075 potenter
1261 3019 1316 3058 non
1335 3020 1384 3057 ar.

272 3080 327 3132 onis
346 3086 374 3129 et
389 3079 559 3132 multitudine
584 3080 667 3132 iratus
692 3078 807 3131 militum
832 3081 923 3149 (e'rant
949 3080 1020 3131 enim
1044 3086 1122 3131 antea
1147 3076 1265 3130 coniecti
1287 3091 1385 3129 omnes

279 3160 307 3203 et
324 3151 423 3203 deiecti
451 3152 583 3203 continuis
614 3150 812 3202 incursionibus
842 3160 869 3203 et
896 3150 1021 3204 caedibus
1046 3160 1074 3203 et
1096 3150 1236 3203 cladibus:
1264 3147 1312 3200 alii
1330 3164 1385 3200 au.

276 3230 331 3273 tem
358 3223 493 3288 etiamtum
522 3224 550 3272 in
578 3223 675 3273 timore
707 3228 783 3273 erant
812 3227 906 3291 neque
933 3239 992 3273 cam
1022 3223 1074 3276 hoc
1104 3238 1135 3275 se
1168 3220 1383 3290 coniungebant)

277 3292 326 3345 scd
345 3291 378 3342 ad
397 3292 514 3343 divinam
533 3293 679 3358 potentiam
699 3293 821 3346 referens
847 3310 951 3346 onmem
976 3310 1050 3360 spem
1072 3302 1099 3347 ct
1123 3296 1194 3347 iusto
1213 3294 1298 3345 studio
1318 3292 1384 3344 lidci
1408 3324 1412 3334 -

278 3362 397 3415 dextram
424 3377 527 3415 armans
553 3370 647 3415 contra
677 3378 769 3417 omnes
796 3367 932 3434 oppositas
959 3366 1032 3419 vires
1050 3366 1138 3418 libere
1156 3366 1221 3418 dicit
1239 3365 1384 3417 veritatem

279 3434 358 3486 etiam
379 3440 471 3489 eontra
490 3435 575 3501 ipsum
591 3435 789 3502 imperatorem,
809 3438 908 3506 quippe
927 3439 973 3506 qui
990 3452 1044 3489 non
1061 3439 1134 3506 regis
1153 3439 1237 3490 instar
1254 3438 1283 3488 in
1300 3434 1385 3488 rebus

278 3512 400 3557 versatus
421 3513 493 3557 esset
511 3506 558 3557 sed
577 3509 683 3572 tyranni
702 3522 776 3565 more
790 3516 817 3560 et
834 3510 933 3561 iniuste
952 3516 979 3559 et
996 3509 1178 3575 imprudenter
1192 3516 1313 3561 uteretur
1332 3506 1384 3557 ad.

253 3573 474 3665 {ministratione
492 3579 578 3629 totins
594 3579 712 3631 civitatis
732 3588 759 3631 ct
782 3582 810 3631 in
827 3579 922 3631 malam
952 3581 1110 3649 voraginem
1129 3578 1306 3646 compelleret
1323 3578 1384 3631 llu-

278 3663 367 3702 sonesr
391 3666 465 3700 ‘cum
483 3651 553 3701 eninr
581 3651 700 3705 scribens
726 3654 906 3704 necessarium
929 3666 1011 3717 saepe
1037 3660 1064 3702 et
1081 3652 1196 3725 suadens
1213 3651 1283 3720 regi,
1303 3657 1333 3701 ut
1350 3649 1385 3699 ad

234 3771 238 3786 ,
277 3719 375 3773 melius
397 3736 425 3773 se
448 3729 581 3787 verteret,
602 3730 630 3778 et
648 3723 766 3775 iustitiae
786 3724 865 3776 araus
886 3730 912 3773 et
938 3722 1224 3776 militaribus‘artibus
1244 3729 1271 3773 et
1290 3720 1384 3772 basta-

188 3799 192 3804 '
252 3808 333 3844 .rnm
353 3793 487 3859 praesidio
514 3792 663 3846 debellaret
688 3796 867 3857 adversarios,
893 3807 947 3844 non
973 3794 1060 3846 solnm
1090 3809 1146 3846 non
1170 3794 1284 3846 baberet
1311 3792 1384 3843 hunc

278 3860 447 3915 obedientem
469 3873 496 3917 et
511 3866 582 3916 idem
602 3867 773 3931 sentientem,
792 3868 839 3919 sed
859 3866 937 3915 etiam
960 3866 1069 3916 inimice
1091 3868 1218 3919 adversus
1237 3878 1267 3919 se
1288 3865 1383 3930 dispo-

276 3934 356 3984 situm
376 3942 402 3985 ct
421 3936 481 3988 odio
501 3936 642 3988 habentem
660 3930 966 4005 bune'propterbonum
982 3937 1140 4001 eonsilium,
1158 3940 1217 4004 ipsc
1236 3936 1301 3989 talia
1320 3951 1384 3986 cer-

277 4005 376 4054 tamina
395 4014 421 4055 et
441 4007 602 4061 luctationes
622 4017 714 4061 contra
733 4019 828 4077 gentes
852 4006 920 4058 tilius
940 4009 1031 4075 stirpis
1057 4018 1085 4060 et
1103 4025 1191 4062 curam
1212 4008 1384 4063 Christiano-

276 4089 334 4128 rum
353 4074 427 4127 solus
446 4088 577 4131 sustentat
595 4088 621 4131 et
639 4080 726 4145 subit,
754 4088 781 4131 et
799 4092 887 4131 coram
912 4077 967 4139 deo,
982 4088 1008 4133 ct
1027 4080 1178 4133 bominibus
1197 4080 1295 4133 bouum
1313 4093 1385 4145 pro.

278 4144 394 4213 positum
413 4154 440 4199 et
459 4148 585 4202 latentem
604 4152 631 4203 in
651 4151 702 4202 boe
721 4150 802 4203 flnorn
819 4151 890 4217 piam
908 4154 1088 4217 praetendens
1106 4153 1202 4219 incipit
1229 4150 1385 4219 principatu

279 4216 440 4273 Graecorum
465 4222 610 4291 tranquillo
635 4223 723 4277 animo
742 4220 844 4291 potiri,
870 4236 1013 4279 removens
1038 4224 1111 4293 regis
1136 4222 1293 4291 profundam
1310 4218 1386 4275 hauc
