3017 4892
255 275 330 356 240
442 319 444 330 ι
545 275 766 348 monentis
795 271 1058 346 dirutorum

257 445 382 535 αόριὶτρι
406 444 541 526 δυνάμει
554 443 626 521 τοδς
647 443 816 525 πολεμίους
836 443 1022 518 ἐλάνθανον,
1041 432 1071 500 οἱ
1088 436 1125 500 δὲ
1148 436 1290 510 πλειόυς
1315 435 1401 498 ἐνέ-

256 571 370 614 πιπτον
390 550 449 629 μὲν
482 546 602 626 αὐτοῖς,
630 541 709 629 πρὸς
739 545 775 607 δὲ
803 538 859 606 τόν
889 542 947 605 νῦν
977 541 1114 621 βασιλέα
1147 533 1397 617 μανθάνοντες

257 648 375 726 attede
396 650 635 731 κατεπείχεσθαι
656 649 860 727 συνεχώρουν
883 643 990 716 αὐτοῖς
1016 644 1072 704 καί
1091 640 1247 720 ἀβλαβεῖς
1271 636 1392 700 διετί-

257 742 350 832 θουν,
373 749 522 831 ἀβλαβῶς
542 749 596 812 καί
611 749 724 833 φιλίως
744 740 822 825 πρὸς
836 736 893 825 τήν
911 740 1010 806 αὐτοῦ
1027 737 1194 823 βασιλείαν
1214 737 1280 802 καί
1295 759 1387 822 προ·

245 854 408 936 Ιοιχγορίαν
431 849 518 935 παρὰ
541 853 647 914 πᾶσαν
667 844 872 930 ἀνθρωπίνην
895 838 1048 906 ὖπόνοιαν
1071 844 1293 921 διακείμενοι.
1393 851 1410 901 5

358 953 430 1017 Καὶ
450 944 469 1034 ἦ
492 951 550 1032 μὲν
573 945 915 1019 Κωνσταντινουπολις
936 941 992 1007 καί
1013 939 1043 1022 οξ
1065 949 1128 1006 τῶν
1152 938 1240 1015 ἑκτός
1266 937 1383 1005 ἐπιει-

259 1056 400 1137 κέστεροι
422 1047 506 1116 οὕτω
524 1050 775 1136 κραδαινομένοις
810 1043 896 1129 εἰχον
926 1044 982 1120 τὰς
1015 1042 1133 1118 οἰκείας
1161 1039 1282 1124 ψυχας
1319 1044 1383 1107 καί

259 1153 501 1226 συννενευκδιας
525 1148 606 1235 πρδς
628 1149 802 1233 τὴναδτοῦ
829 1148 1054 1231 ἐπικράτειαν·
1099 1142 1174 1208 ὅδὲ
1208 1139 1381 1226 βασιλεδς

260 1249 351 1318 ου’δὲυ
372 1255 436 1316 τῶν
455 1254 553 1316 θείων
584 1250 745 1334 κριμσίτων
776 1249 833 1315 καί
864 1249 1037 1325 δοξοποιῶν
1070 1249 1115 1321 εἰς
1142 1247 1218 1309 νοῦν
1245 1241 1377 1326 patri.

261 1376 356 1436 μενος
378 1346 448 1417 οὔτε
471 1354 532 1417 τῶν
555 1357 711 1417 κακίστων
734 1352 884 1434 α’πείχετο
908 1348 1062 1434 πράξεων,
1077 1346 1132 1412 καί
1148 1346 1232 1430 μήτε
1258 1342 1414 1423 τδτοῧιδ

262 1452 377 1539 α’νδρός
403 1456 529 1536 α’ξίωμα
552 1455 606 1518 καί
626 1451 684 1537 τὴν
705 1455 737 1518 ἐκ
761 1449 860 1536 ἔργων
882 1449 979 1532 ι’σχιίν
998 1449 1053 1512 καί
1071 1444 1128 1532 τὴν
1149 1439 1253 1532 ἄκραν
1275 1446 1377 1529 εὔχε’·

262 1579 350 1620 νειαν
370 1553 560 1636 αίδοδμευος
582 1545 629 1636 ἦν,
652 1551 707 1617 καί
726 1552 843 1617 ἐννοῶν
867 1549 1017 1614 κοινωνόν
1037 1553 1092 1631 τῆς
1117 1549 1286 1629 βασιλείας
1308 1553 1375 1611 λα-

262 1663 331 1740 βεῖν
352 1657 405 1719 καί
424 1653 495 1728 τοὺς
516 1651 664 1737 θύραθεν
685 1651 856 1732 πολεμίους
870 1649 1179 1737 κατατροποᾶσαοθαι
1190 1648 1234 1710 δι’
1251 1649 1372 1729 adeat,

263 1755 319 1822 καί
340 1762 405 1832 τοῖς
425 1754 579 1839 ὑπηκόοις
597 1753 655 1835 τὴν
677 1753 863 1837 ἐλευθερίαν
883 1747 1177 1835 περιποιήσασθαι,
1198 1745 1285 1812 ἀλλὰ
1309 1752 1374 1813 τῶν

268 1853 416 1941 Τοδρκωυ
436 1850 697 1930 αἶςόἰκειοτοὶτων
719 1854 773 1918 καί
801 1855 916 1939 φιλίων
946 1851 1205 1932 ἀντιποιούμενος
1236 1852 1408 1932 διεπέρα-15

265 1981 340 2022 πετο
356 1955 440 2038 ’πρὸς
462 1955 597 2036 αὐτούς,
621 1958 675 2018 καί
695 1953 809 2038 διδροις
833 1956 980 2038 α’μέτροις
994 1953 1050 2016 καί
1061 1954 1279 2026 παντοδαπαῖς
1291 1952 1372 2016 alno·

265 2059 393 2138 σχέσεσι
407 2056 599 2139 διηρεδίζετο
615 2059 682 2119 κατ’
704 2055 814 2135 αὐτοῦ,
835 2050 915 2120 olore
937 2052 1032 2118 παντί
1049 2057 1156 2118 σθένει
1169 2051 1225 2116 καί
1236 2055 1374 2140 μηχανῇ

266 2159 546 2239 καταγωνίσασθαι
568 2161 697 2237 τοῦτον,
719 2161 775 2221 καί
802 2150 824 2241 ἢ
851 2155 1015 2238 μαχαίρας
1045 2152 1147 2236 ἔργονΙ
1166 2153 1371 2236 ποιήσασθαι

193 2304 199 2314 ι
268 2255 322 2322 εἴτ’
344 2257 548 2340 αἰχμάλωτον
568 2260 687 2322 θέσθαι
711 2261 767 2323 καί
787 2249 880 2323 ω”νιον
902 2265 969 2334 τοῖς
983 2259 1134 2338 μισοῦσιν
1146 2253 1254 2320 αὐτὸν.
1298 2257 1371 2319 αλλ’
1487 2342 1488 2348 ¹

268 2349 378 2441 οδκῆν
397 2354 573 2441 πρὸςθεοῦ
594 2356 627 2422 ιδ
651 2361 834 2443 τηλικοῦτον
856 2351 968 2443 ἄνδρα,
988 2366 1054 2432 τοῖς
1072 2360 1247 2442 κρείττοσιν
1263 2352 1409 2439 ἔρχοιςλδ
1486 2349 1488 2374 ἔ

267 2461 498 2542 κεκοσμημένον
517 2461 674 2540 ε’πιεικιὸς,
698 2467 764 2535 τοῖς
786 2461 936 2543 ζητοῦσιν
960 2457 1059 2525 αδτόν
1087 2460 1263 2539 ἐπιθυμίας
1293 2451 1367 2521 οἷδί·

268 2582 325 2625 κου
349 2561 552 2646 παραστῆσαι
575 2556 741 2626 ὑπόθεσιν.
787 2558 840 2624 διαὶ
862 2565 957 2626 τοῦτο
979 2557 1035 2624 καί
1056 2568 1124 2634 ταῖς
1142 2561 1202 2640 μὲν
1224 2556 1367 2640 ὖποσχδ-

269 2683 339 2727 οισι
362 2663 422 2727 τοῦ
440 2663 597 2746 βασιλέως
620 2659 785 2748 ἐθέλχοντο
807 2664 863 2728 καί
879 2663 1104 2747 παρεκινοῦντο
1129 2657 1159 2723 οἱ
1185 2656 1365 2744 Τοῦρκοι,ἤ

338 2836 364 2893 4.
387 2855 421 2893 un
443 2839 589 2912 etllaflols‘l
651 2894 653 2899 ,

269 2998 327 3053 dem
346 3001 374 3054 iu
395 3017 451 3068 eos,
470 3004 518 3058 sed
537 3021 595 3058 cum
614 3005 736 3058 audirent
755 3020 803 3057 eos
822 3003 855 3056 ad
875 3019 945 3070 eum,
964 3004 1009 3073 qui
1027 3019 1099 3056 nunc
1119 3012 1158 3057 est
1175 3020 1233 3070 rex,
1252 3011 1361 3056 conten.

243 3073 246 3076 ’
269 3073 352 3138 dere,
378 3077 561 3128 concedebant
591 3076 643 3128 boc
671 3078 705 3130 iis
733 3085 759 3128 et
776 3075 925 3129 incolumes
954 3077 1147 3143 disponebant,
1167 3078 1318 3129 innocenter
1332 3083 1363 3128 et

268 3146 353 3197 amice
375 3161 439 3215 erga
455 3149 512 3199 eius
530 3163 641 3215 regnum
661 3156 688 3199 et
705 3162 803 3199 nomen
821 3156 928 3214 praeter
946 3163 1050 3200 omnem
1068 3149 1202 3214 hominum
1215 3148 1361 3216 opinionem

268 3215 400 3281 dispositi.

368 3311 457 3380 Atque
476 3311 722 3381 Constantinopolis
742 3309 848 3382 quidem
868 3323 895 3368 et
911 3317 982 3367 iuter
994 3324 1119 3368 externos
1132 3318 1178 3386 qui
1194 3319 1275 3385 magis
1291 3326 1358 3368 stre.

269 3383 316 3436 nui
336 3391 411 3434 erant
429 3384 466 3434 ita
494 3393 628 3450 permotos
657 3385 791 3437 habebant
808 3388 909 3440 animos
934 3396 961 3439 et
981 3389 1125 3440 adnuentes
1152 3389 1186 3456 ad
1205 3391 1261 3441 eius
1278 3389 1358 3456 impe.
1414 3401 1421 3416 ·

269 3456 347 3507 rium.
392 3455 439 3507 sed
464 3470 514 3507 rex
540 3455 609 3506 nibil
637 3457 727 3509 diviua
744 3459 844 3510 iudicia
863 3467 891 3510 et
911 3461 1057 3511 sententias
1083 3459 1291 3512 animadvertens
1307 3475 1358 3512 uon

270 3525 419 3578 abstinebat
437 3527 560 3594 pessimis
579 3528 748 3582 actionibus:
773 3546 863 3599 neque
889 3531 940 3581 viri
962 3531 1116 3598 dignitatem
1136 3539 1163 3582 et
1181 3532 1273 3595 robur,
1293 3531 1358 3599 quod

270 3599 347 3651 iactis
373 3598 553 3662 consistebat,
581 3608 608 3651 et
641 3616 766 3655 summam
789 3602 957 3654 nobilitatem
984 3603 1128 3654 verebatur
1156 3619 1245 3671 nequa
1267 3605 1359 3655 socium

271 3686 330 3722 eum
347 3672 425 3739 regui
443 3671 568 3736 accipere
597 3680 623 3724 et
642 3681 768 3725 externos
799 3673 890 3726 hostes
909 3672 1014 3740 pellere
1033 3688 1082 3740 per
1109 3690 1178 3738 eum,
1198 3683 1226 3726 et
1243 3674 1357 3727 subiectis

270 3740 421 3795 libertatem
450 3742 614 3808 conciliare,
640 3745 687 3796 sed
705 3745 797 3797 lurcis
817 3754 846 3796 ut
875 3743 1089 3797 familiarissimis
1109 3753 1136 3796 et
1153 3746 1245 3798 amicis
1262 3748 1358 3799 studens

240 3816 244 3822 ’
270 3813 391 3865 mittebat
408 3813 513 3882 legatos
533 3816 565 3867 ad
584 3823 677 3867 eoset
695 3817 772 3868 donis
790 3816 939 3867 immodicis
953 3818 1077 3868 etvariis
1096 3819 1234 3884 promissis
1255 3831 1296 3868 eos
1313 3833 1357 3870 er.

272 3882 369 3934 citabat
394 3894 487 3937 contra
514 3886 608 3950 illum,
629 3895 659 3938 nt
675 3888 754 3938 ‘omui
773 3889 801 3939 vi
833 3895 860 3938 et
878 3893 935 3937 arte
954 3886 1024 3962 huuc
1043 3887 1212 3940 debellarent
1229 3896 1302 3957 atque
1318 3896 1358 3940 aut

271 3950 354 4020 gladii
376 3968 441 4021 opus
462 3973 521 4008 eum
539 3958 683 4010 redderent
699 3965 744 4010 aut
763 3959 897 4026 captivum
910 3957 1030 4010 lacerent
1048 3967 1076 4010 et
1093 3959 1176 4011 vilem
1191 3961 1235 4024 iis,
1249 3961 1289 4028 qui
1305 3975 1359 4011 eum

202 4026 204 4030 ’
272 4022 399 4076 odissent.
437 4029 484 4079 sed
501 4044 556 4080 nou
575 4038 632 4081 erat
649 4031 702 4094 dei,
729 4026 914 4081 talem'virum
933 4029 1090 4082 melioribus
1109 4030 1188 4082 factis
1208 4033 1270 4083 sutis
1286 4046 1358 4082 orna-

271 4102 326 4146 tum
346 4095 379 4148 iis
400 4097 444 4163 qui
464 4113 524 4150 eum
541 4101 711 4166 quaererent,
738 4102 902 4166 constituere
928 4111 1111 4169 argumentum
1130 4102 1279 4170 cupiditatis
1293 4102 1357 4153 iniu-

272 4174 348 4223 νῖκαι
368 4174 512 4238 propterea
527 4171 607 4222 etiam
623 4173 762 4240 promissis
778 4171 885 4240 quidem
902 4173 976 4242 regis
985 4173 1171 4228 mulcebantur
1183 4183 1210 4228 et
1225 4165 1379 4229 mesebon-³
