3017 4892
295 315 370 390 sos
590 313 812 388 arcaturis
842 307 1105 426 immersu

295 483 523 570 προσήγγισαν,
543 486 599 546 καί
619 479 732 566 ταύτην
754 482 1020 566 περικαθισαντες
1045 477 1100 544 τόν
1120 470 1221 562 παρά
1247 479 1332 541 τῶν
1357 479 1458 541 Μα-

277 585 434 660 κεδόνων
456 588 723 669 προχειρισθέντα
740 581 875 666 βασιλέα
892 582 1045 660 πατάξειν
1060 580 1221 665 ἠπείλουν
1244 574 1348 659 μετά
1371 579 1449 641 τῶν

218 663 224 680 ¹
295 690 524 770 συναραμένων
548 688 603 748 καί
623 681 868 767 συνδραμόντων
889 685 986 770 ου’τῷ.
1030 676 1144 756 ἀλλους
1180 682 1224 744 δέ
1246 703 1357 753 τινας
1379 704 1446 742 τα-

294 789 471 870 χυδρομεῖν
494 788 689 872 ἠσκημένους
704 783 785 850 κατά
808 790 864 870 τῆς
885 781 995 867 χάρας
1021 785 1207 864 ἐξέπεμψαν
1220 835 1231 867 ,
1256 782 1304 844 οἳ
1321 781 1437 844 πᾶσαν

298 883 379 968 ὃμοό
403 885 661 972 κατελωβὴσαντο
679 887 734 949 καί
749 882 942 972 διήρπασαν,
964 881 1061 970 φόνον
1081 886 1141 962 μὲν
1164 877 1281 945 πολῶν
1306 884 1377 944 τῶν
1394 885 1456 946 ε’τξ

297 986 405 1070 ἀγροῖς
434 990 658 1073 ποιησάμενοι,
681 989 801 1072 κτηνῶν
827 990 864 1051 δὲ
885 981 1063 1068 ἀμυθήτων
1085 977 1204 1066 ἀγέλας
1228 982 1428 1061 ἐλάσαντες,

297 1091 353 1151 καί
373 1091 448 1153 addi
469 1067 502 1152 έν
520 1083 604 1164 εἶδος
625 1083 792 1163 κακώσεως
813 1085 1046 1173 παραλιπόντες
1067 1092 1132 1159 τοῖς
1156 1081 1363 1163 κάμνουσιν.
1404 1079 1427 1145 ὅ

299 1190 334 1251 δὲ
353 1191 527 1270 Βροέννιος
558 1189 592 1251 ἐν
613 1181 730 1271 πλάθει
751 1191 807 1250 καί
827 1189 1021 1272 ἀγερωχιάις
1049 1187 1083 1249 τό
1106 1181 1258 1268 πρόσθεν
1285 1184 1421 1264 καυχά-

297 1307 402 1369 μενος,
424 1286 534 1369 ἀγενης
555 1283 656 1371 ἐφάνη
680 1285 757 1371 πρὸς
777 1288 851 1362 τοός
871 1285 1056 1372 βαρβάρους
1078 1277 1280 1367 καίἀτονος,
1304 1287 1365 1347 καί
1385 1283 1413 1347 τό

297 1396 402 1469 τεῖχος
427 1391 483 1470 τῆς
504 1390 562 1452 τοῦ
582 1389 756 1472 Ἀδριανοῦ
777 1384 968 1475 καταφυγήν
987 1381 1054 1470 εἶχε
1074 1386 1184 1470 μόνην,
1206 1383 1249 1448 ot
1273 1381 1340 1468 τήν
1358 1386 1449 1448 vorli-

268 1553 272 1571 η
300 1483 406 1552 ἀπλων
431 1489 614 1572 ἀντίθεσιν,
653 1487 711 1565 ἕως
743 1486 837 1570 λιμός
867 1489 1048 1574 βαράτατος
1076 1487 1166 1564 έντός
1198 1483 1413 1570 κατατρέχων

261 1613 263 1618 ·
300 1585 472 1652 αάτὸνέκαί
490 1587 565 1663 τοὺς
597 1585 657 1653 σάν
678 1587 780 1674 αὐτῷ,
810 1586 892 1671 μετά
920 1589 1022 1673 πάσης
1053 1592 1108 1674 τῆς
1138 1589 1241 1651 ἵππου
1275 1584 1338 1650 καί
1353 1590 1409 1650 τῶν

299 1681 479 1770 ὑποζυγίων
502 1690 626 1770 ου’τῶν,
655 1687 813 1772 η’νάγκασε
846 1697 912 1763 τοῖς
944 1687 1120 1774 βαρβάροις
1149 1690 1343 1752 συνθέσθαι
1362 1689 1409 1749 καί
1464 1680 1465 1701 ’

300 1785 401 1852 πάντα
431 1790 551 1872 πρᾶξαι
578 1787 616 1853 τά
642 1791 718 1871 παρ’
740 1790 845 1854 αόεῶν
873 1770 1140 1874 προσάαττόμενα.
1187 1782 1404 1872 συναθροιοας

302 1881 359 1951 οάν
381 1893 516 1972 χρυσιόν
548 1884 646 1971 tosta
677 1891 710 1966 ἐξ
738 1885 855 1955 ἓαντοό
889 1887 944 1954 καί
969 1892 1030 1954 τῶν
1057 1888 1436 1972 συναποστατησάιτωιίῖι
1464 1870 1466 1971 i

302 1989 409 2077 αὐτῷ,
445 1998 511 2062 τοῖς
539 1989 761 2067 Πατζινάκαις
793 1993 981 2073 ἀντίλυτρον
1004 1992 1140 2055 δέδωκεν
1172 1987 1212 2053 ori
1233 1996 1332 2072 μεῖον
1349 1992 1402 2053 τῶν
1464 2000 1465 2013 ’

239 2085 243 2093 ¹
304 2089 403 2153 εἴκοσι
423 2091 585 2154 ταλάντων
611 2081 679 2175 ἦτοι
708 2091 918 2176 κεντηναρίων
939 2089 1207 2176 περιιστάμενοι,
1233 2088 1299 2156 σόν
1326 2090 1401 2178 αὕτη
1464 2064 1466 2165 λ

301 2190 336 2253 δὲ
358 2185 413 2250 καί
433 2187 634 2272 ὑφασμάτων
645 2192 701 2253 καί
720 2191 869 2275 ἀργυρῶν
888 2195 1010 2258 σκευῶν
1029 2185 1085 2256 otia
1100 2193 1271 2275 ε’λάχιστον
1282 2195 1399 2276 χρῆμα.

301 2289 356 2352 καί
372 2288 481 2351 τοῦτον
504 2285 559 2352 τόν
583 2289 700 2371 τρόπον
716 2293 939 2375 ἀπαναστῆναι
958 2291 1031 2368 τοός
1046 2292 1270 2372 Πατζινάκους
1294 2297 1332 2359 εἰι
1352 2293 1399 2375 τῆς
1464 2270 1465 2335 λ

302 2391 485 2471 πολιορκίας
508 2389 644 2455 διέθετο.
687 2395 791 2471 με’νῶν
814 2394 849 2458 δὲ
870 2392 952 2458 κατά
973 2393 1086 2478 χῶραν
1098 2392 1311 2479 ἠργυρολόγει
1334 2394 1432 2468 seirat
1464 2460 1465 2475 η

186 2487 187 2492 ’
251 2537 256 2541 -
303 2487 513 2567 πειθομένους
536 2491 634 2578 osup,
655 2490 736 2575 πρός
756 2495 815 2573 μὲν
834 2493 909 2567 τοός
941 2495 1102 2568 ἐναντίους
1125 2490 1180 2556 καί
1201 2490 1397 2580 ἀλλοφόλους

302 2588 395 2652 otidis
412 2593 561 2669 ’γενναῖον
593 2586 846 2674 ἐπιδειξάμενος,
879 2594 947 2656 ἀλλ’
975 2589 1150 2677 ῶσπερτις
1177 2590 1265 2672 πτῶξ
1287 2591 1324 2658 έν
1343 2588 1397 2682 όλη

306 2683 405 2762 οότως
422 2690 455 2770 ἐν
475 2698 540 2764 τοῖς
553 2691 673 2773 τείχεσι
687 2693 742 2776 τῆς
763 2691 1055 2777 Ἀδριανουπόλειος
1077 2692 1301 2778 κρυπτόμενος,
1323 2694 1395 2777 πρὸς
1464 2738 1465 2747 1

376 2849 400 2899 1.
419 2851 476 2905 τῶν
492 2853 560 2922 περὶ
578 2852 698 2905 correxit
714 2852 857 2909 Braneus.
1464 2854 1466 2947 Ι

303 2995 455 3060 obsidentes
474 3012 566 3065 regem
586 3015 602 3050 u
620 2999 810 3055 Macedonibus
835 3010 953 3055 creatum
978 3017 1008 3054 se
1035 3017 1210 3070 percussuras
1234 3005 1394 3061 minabantur

303 3083 362 3119 cum
379 3069 423 3132 iis,
443 3070 488 3136 qui
508 3069 613 3121 auxilio
626 3079 758 3123 venerant
778 3082 882 3130 etcum
901 3090 934 3126 eo
960 3075 1098 3127 coierant:
1123 3075 1191 3129 alios
1220 3084 1324 3142 autam,
1348 3082 1391 3148 qni

302 3139 429 3190 celeriter
448 3148 620 3192 antecurrere
641 3144 780 3195 exercitati
801 3153 884 3209 erant,
905 3147 1049 3198 interram
1066 3147 1212 3212 miserunt,
1231 3150 1273 3218 qui
1293 3151 1391 3218 qnidam

302 3213 407 3260 omnem
426 3209 503 3260 simul
523 3211 694 3263 devastarunt
714 3221 741 3263 et
767 3215 953 3282 diripuerunt,
981 3218 1090 3271 caedem
1115 3219 1224 3270 multam
1254 3224 1389 3289 agrestimn

281 3280 444 3342 iacientes,
465 3281 595 3344 pecudum
614 3283 762 3350 ingentium
780 3295 1018 3356 gregesagcntes,
1037 3306 1125 3359 noque
1143 3306 1225 3342 unum
1243 3308 1323 3360 genus
1339 3309 1388 3345 ve.

302 3350 418 3402 xationis
444 3349 628 3417 relinquentes
647 3352 763 3418 afflictis.
802 3357 953 3424 Bryeunius
971 3369 1059 3413 antem
1078 3364 1106 3412 in
1125 3362 1290 3415 multitudino
1304 3373 1329 3414 ct
1345 3379 1387 3415 ar.

301 3422 393 3472 tificiis
413 3427 491 3470 antea
511 3422 606 3485 elatus,
628 3425 757 3491 ignobilis
775 3432 899 3496 apparuit
916 3431 1044 3484 adversus
1065 3432 1387 3498 submoneremus,

303 3500 330 3543 et
347 3507 450 3542 murum
469 3491 660 3560 Adrianopolis
680 3499 835 3570 coniugium
856 3501 971 3555 hahebat
988 3503 1088 3568 solum,
1117 3519 1173 3556 non
1200 3519 1322 3557 armornm
1337 3521 1388 3573 op-

302 3564 482 3632 positionem,
509 3565 594 3615 doneo
616 3566 698 3622 fames
718 3573 877 3639 gravissima
900 3575 972 3627 intus
990 3575 1136 3628 conficiens
1156 3591 1214 3627 eum
1233 3585 1258 3626 ct
1274 3592 1326 3642 eos,
1342 3578 1387 3645 qui

304 3651 363 3687 cum
384 3651 415 3687 eo
437 3644 520 3700 erant,
539 3650 597 3687 cum
616 3641 687 3690 omni
706 3645 826 3710 equitatu
844 3653 871 3695 et
889 3647 1013 3698 iumentis
1033 3661 1140 3712 eorum,
1152 3648 1240 3716 coegit
1257 3664 1310 3698 cum
1326 3648 1386 3700 bar-

302 3708 374 3761 baris
393 3710 493 3775 pacisci
514 3716 540 3759 et
559 3709 646 3761 omnia
665 3711 755 3765 facere
775 3730 843 3784 quae
860 3715 892 3767 ab
910 3717 943 3769 iis
961 3717 1166 3784 imperabantur.
1204 3734 1295 3786 cogens
1310 3721 1386 3788 igitur

237 3813 243 3826 ,
303 3781 444 3846 pecuniam
461 3779 569 3837 multam
590 3796 670 3834 exse
695 3792 721 3835 et
739 3786 782 3851 iis,
801 3788 846 3854 qui
866 3804 925 3840 cum
944 3804 976 3839 eo
990 3789 1153 3854 defecerant,
1167 3789 1306 3843 Patrinacis
1323 3806 1385 3858 pre-

302 3851 368 3900 tium
384 3852 555 3910 redemtionis
575 3852 648 3903 dedit
667 3859 826 3909 nonminus
857 3860 955 3926 viginti
973 3859 1082 3913 talentis
1102 3862 1176 3931 (sive
1195 3869 1291 3912 centum
1313 3861 1384 3912 mili.

302 3919 367 3988 bus)
387 3931 521 3986 constans,
541 3921 672 3991 simulque
693 3932 719 3977 et
737 3927 853 3980 vestium
871 3929 1048 3998 stragularum
1079 3939 1105 3983 et
1132 3938 1270 4000 argenteae
1293 3930 1381 3998 supel-

302 3986 402 4048 lectilis
423 4008 476 4044 non
494 3992 627 4044 minimam
646 3997 765 4063 copiam:
783 4007 864 4068 atque
882 4001 966 4052 itaut
984 4003 1145 4055 desisterent
1167 4003 1293 4056 Petrinaci
1310 4002 1381 4053 obsi-

303 4057 384 4110 dione
402 4067 543 4123 permovit.
581 4079 689 4120 manens
708 4079 796 4122 autem
814 4073 843 4122 in
861 4070 922 4123 loco
943 4072 1069 4140 exigebat
1088 4076 1215 4142 pecunias
1232 4090 1246 4125 a
1263 4072 1381 4130 subiectis

303 4130 331 4181 in
349 4129 516 4184 adversarios
536 4144 562 4185 et
580 4139 738 4206 peregrinos
755 4141 849 4194 nobile
865 4141 933 4194 nihil
950 4146 1108 4198 ostendens:
1128 4146 1175 4199 sed
1185 4156 1293 4215 tunquam
1303 4141 1381 4209 lepus

304 4201 333 4254 in
353 4201 423 4256 silva
442 4199 478 4256 ita
497 4203 525 4254 in
543 4209 624 4263 muris
644 4210 836 4282 adrianopolis
854 4212 968 4285 abditus,
987 4218 1116 4276 adversus
1135 4215 1378 4274 connumerantur
