3017 4892
261 334 337 411 200
562 324 783 407 limbum
812 323 1070 405 λπλλιοῐλῑ

260 511 374 596 δάρων
402 508 460 595 τὴν
493 507 608 576 τοότου
639 506 830 593 κατάσχεσιν
857 508 913 575 καί
932 507 1114 593 ἀπόληψιν,
1149 508 1183 573 ἓν
1215 506 1260 593 τῷ
1283 508 1385 594 μέσῳ
1405 568 1422 587 ‚

261 614 321 679 τοῦ
347 614 504 693 βασιλέως
532 612 675 692 οἰομένου
707 608 880 695 εἰρηνεύειν
913 607 954 674 τά
984 608 1178 693 πράγματα·
1230 604 1293 690 τὴν
1312 602 1383 689 γάρ

262 716 327 777 τάν
343 711 490 797 Τοόρκων
511 710 617 797 άπηνῆ
640 710 844 796 ἐπικράτειαν
866 712 911 787 τίς
925 711 1020 776 οὐδὲν
1038 713 1194 793 ἐλογίζετο
1208 709 1250 773 δι’
1268 708 1384 773 ἀναλ-

245 817 375 900 ,γησίοιν
399 813 454 879 καί
475 822 568 894 μίσος
588 812 622 877 τό
646 811 725 898 πρός
745 812 933 894 Ῥωμαίους,
955 812 999 887 ὥς
1023 809 1133 875 ἔοικεν.
1216 853 1222 863 ·

356 906 449 1004 Ἐνῷ
477 919 532 979 καί
559 914 729 993 δικάζοντα
750 912 916 995 πολλάκις,
937 911 980 991 ὥς
1003 911 1132 993 εἴωθεν,
1159 911 1412 994 άσάμβάτουςῖι

260 1018 351 1092 δίνιας
384 1015 439 1079 καί
466 1016 640 1101 άπροσφυῆ
667 1020 797 1097 βασιλεῖ
802 1066 812 1097 ,
833 1014 888 1080 καί
917 1014 1095 1096 άνευλάγως
1117 1009 1380 1090 καταδικάζοντα

259 1116 334 1192 τοός
357 1115 546 1199 α’νθριόπους
567 1109 749 1200 όποθίκαις
774 1119 839 1180 τιόν
867 1113 1126 1201 συνηγορούντων
1143 1121 1210 1187 τοῖς
1231 1114 1379 1195 χείροσι,

261 1221 367 1303 φῆμαι
392 1214 704 1298 καταλαμβάνονται,
724 1212 799 1292 τοός
823 1212 984 1302 Τοόρκους
1007 1218 1156 1298 λέγουσαι
1177 1213 1253 1295 περί
1272 1215 1379 1276 Χαλ-

261 1315 379 1403 κηδόνα
403 1320 458 1382 καί
470 1319 675 1401 Χρυσόπολιν
696 1321 913 1401 κατατρέχειν,
936 1308 1153 1399 άρτιψπράτον
1174 1316 1210 1401 τῇ
1232 1311 1380 1401 τοιαύτῃ
1420 1372 1428 1377 .

261 1414 480 1505 πλησιοχάρφ,
495 1413 763 1502 ἐπιφοιτήσαντος
782 1408 832 1504 γῇ,
863 1417 1016 1498 ου’δεμίαν
1032 1412 1183 1500 ,ταραχὴν
1205 1412 1450 1479 ἑνεποιόυν10’

261 1514 316 1583 καί
335 1513 514 1600 σάγχυσιν,
542 1517 611 1582 αλλ’
640 1516 683 1591 ως
716 1516 886 1601 άλλοτρίας
915 1513 1024 1598 χωρας
1054 1514 1243 1599 πασχούσης
1267 1510 1377 1589 αὐτὸς

261 1607 416 1703 άφροντις
448 1614 567 1698 ἔμενεν.
620 1613 719 1693 οότως
752 1611 811 1682 oris
835 1618 937 1683 ου’τοά
961 1615 1111 1700 ἔχοντος,
1145 1616 1161 1679 ὃ
1192 1642 1229 1682 τα
1257 1618 1377 1697 πρῶτα

261 1722 337 1801 παρ’
360 1716 462 1783 adeat
493 1719 600 1805 φέρων
621 1717 805 1805 Νικηφόρος
835 1717 851 1782 ό
879 1720 1047 1802 λογοθέτης
1073 1719 1131 1782 τοῦ
1155 1712 1288 1803 δρόμου,
1312 1713 1376 1797 τὴν

152 1876 159 1891 ,
260 1821 306 1894 εἰς
327 1816 538 1901 τὸνβασιλέα
561 1811 687 1883 εόνοιαν
710 1817 910 1902 πολλαχόθεν
944 1813 1161 1899 ἐπισιμνόνειν
1183 1812 1290 1901 ἑαυτῷ
1312 1838 1375 1879 σο-

261 1920 443 2003 φιζόμενος,
467 1917 601 2004 ἔπραττε
623 1923 683 2000 μὲν
706 1914 766 1985 ὅσα
794 1918 896 2007 τοότφ
917 1923 1098 2008 βουλομένῳ
1120 1922 1213 2003 ἐνῆν,
1236 1920 1412 1987 cinerei-15

258 2019 329 2100 χιζε
353 2020 389 2083 δέ
414 2021 470 2102 τῆς
500 2022 556 2084 τοῦ
579 2025 735 2102 βασιλέως
758 2016 881 2104 οἷγάπης
906 2018 962 2103 τόν
984 2044 1018 2084 τε
1045 2022 1167 2105 μητέρα
1200 2018 1255 2084 καὶ
1287 2019 1370 2095 τοός

261 2116 436 2199 ὁμαίμονας
457 2125 511 2185 καί
530 2124 602 2197 τούς
623 2120 753 2196 λοιποός
774 2128 932 2206 συγγενεῖς
953 2119 996 2195 ὥς
1016 2122 1242 2204 βασιλειῶντας
1264 2123 1370 2203 δῆθεν

260 2216 316 2283 καί
339 2215 373 2282 τό
398 2230 545 2286 συνοῖσον
576 2224 661 2311 αὐτῷ
682 2220 727 2307 μή
750 2225 926 2302 θέλοντας,
947 2221 1002 2287 καί
1022 2218 1070 2287 ότι
1094 2221 1194 2296 ου’τός
1215 2220 1313 2302 μόνος
1335 2242 1376 2283 το

259 2325 428 2407 συμφέρον
450 2320 535 2411 αὐτῷ
556 2301 800 2402 διασπουδάζόον
824 2329 1007 2408 καθέστηκε.
1029 2313 1079 2389 διὸ
1102 2324 1143 2407 δὴ
1167 2325 1221 2388 καί
1240 2318 1371 2405 μεγάλα

261 2418 349 2506 παρά
375 2424 418 2508 τῷ
440 2428 570 2502 βασιλεῖ
593 2423 741 2508 δυνηθείς
765 2423 861 2500 ου’τὸς
894 2416 932 2509 ἦν
953 2424 971 2489 ό
993 2423 1026 2491 τό
1046 2422 1114 2490 ’πάν
1135 2426 1287 2509 διεξάγων
1310 2427 1414 2506 τῆςρρ

259 2522 436 2605 βασιλείας,
457 2516 512 2588 καί
532 2530 572 2610 τῷ
594 2529 726 2607 βασιλεῖ
749 2528 926 2608 ἐπιτρέπων
946 2524 979 2591 τό
1013 2525 1292 2611 αραχθηοόμενον,
1315 2523 1372 2588 καί

261 2618 316 2697 τός
340 2622 436 2705 τιμάς
469 2623 524 2688 καί
541 2628 692 2710 προνοίας
722 2618 770 2704 οἷς
798 2623 942 2708 ἒβοόλετο
961 2622 1174 2712 χαριζόμενος
1203 2623 1257 2690 διά
1278 2632 1368 2708 λημ-

333 2800 359 2853 6.
388 2802 570 2931 δπὲοσφυιις
593 2804 742 2872 interpres:
776 2803 798 2859 0
823 2804 988 2877 άπροσφυῆ.
1131 2802 1158 2855 8.
1178 2803 1363 2878 καταλαμβά-

332 2889 417 2929 νουσι
454 2912 462 2927 .
1245 2897 1252 2905 ·

217 3049 219 3054 ’
261 3050 371 3107 praeses
392 3046 479 3091 autem
497 3040 610 3094 Alerius
629 3041 746 3111 agitabat
765 3042 841 3095 donis
867 3042 944 3094 buius
970 3044 1147 3095 retentionem
1172 3052 1199 3096 et
1218 3043 1365 3114 captivita-

261 3117 330 3175 tem,
356 3112 415 3163 dum
434 3128 483 3163 rex
502 3121 575 3179 putat
600 3129 643 3165 res
663 3129 722 3165 esse
741 3121 857 3180 pacatas.
894 3115 1035 3167 'lurcorum
1060 3117 1130 3167 euim
1155 3114 1288 3167 crudelem
1310 3115 1366 3165 do.

261 3183 433 3235 minationem
450 3182 528 3234 nihili
549 3184 664 3235 faciebat
682 3186 849 3251 impatientia
868 3195 896 3239 et
914 3188 975 3237 odio
988 3188 1159 3251 Graecorum,
1179 3196 1209 3238 ut
1228 3186 1342 3238 ridetur.
1361 3237 1365 3252 ,

360 3252 432 3305 luter
459 3270 528 3321 quae
554 3270 612 3304 cum
644 3272 702 3307 eum
722 3257 909 3310 diiudieautem
928 3274 1027 3326 saepe,
1048 3268 1076 3309 ut
1094 3258 1208 3322 solebat,
1227 3257 1290 3309 lites
1308 3272 1365 3310 non

261 3331 336 3391 aptas
354 3337 443 3391 neque
468 3327 771 3396 accommodatasregi,
805 3337 831 3380 et
849 3330 1030 3396 imprudenter
1058 3332 1223 3382 damnantem
1242 3329 1364 3380 homines

230 3445 237 3458 x
262 3392 377 3446 consilio
392 3394 528 3459 peioribus
542 3397 734 3464 auxiliantium,
752 3400 820 3451 lama
832 3410 1032 3469 assequeretur,
1055 3403 1156 3466 dicens,
1175 3402 1272 3453 lurcas
1291 3402 1364 3451 circa

241 3464 460 3520 *Chalcedonam
480 3474 506 3517 et
517 3466 697 3535 Chrysopolim
717 3474 905 3538 percursiones
924 3473 1024 3539 iacere,
1043 3482 1097 3525 tum
1116 3474 1228 3540 primum
1246 3481 1299 3523 tam
1319 3472 1364 3523 vi.

263 3538 340 3587 cinae
359 3536 493 3591 inhiantes
512 3546 610 3607 terrae,
629 3541 730 3594 nullam
749 3544 851 3596 turbam
869 3544 937 3596 haec
957 3548 981 3596 ei
1001 3546 1156 3597 inliciebunt
1176 3551 1203 3596 et
1221 3545 1364 3596 conlusio-

260 3622 341 3661 uema
369 3608 415 3673 sed
431 3611 506 3679 quasi
525 3611 613 3664 aliena
637 3622 709 3667 terra
728 3624 882 3681 vexaretur,
901 3618 959 3685 ipse
982 3618 1124 3684 impatiens
1148 3617 1278 3668 manebat.
1317 3616 1364 3681 qui

262 3681 367 3749 quidem
388 3697 446 3733 cum
465 3683 545 3735 talem
564 3701 594 3736 se
614 3686 766 3754 praeberet,
785 3686 963 3755 liicepborus,
988 3690 1033 3756 qui
1052 3692 1150 3756 primas
1168 3690 1201 3740 ab
1221 3705 1254 3740 eo
1273 3690 1364 3741 refer.

259 3760 311 3817 ret,
331 3752 471 3823 logotheta
495 3757 589 3822 stadii,
614 3758 712 3809 bouum
741 3774 805 3827 erga
829 3776 921 3829 regem
945 3762 1058 3811 animum
1084 3760 1243 3829 plerumque
1263 3764 1365 3813 iactare

261 3824 373 3888 callens,
394 3826 491 3895 agebat
509 3829 624 3895 quidem,
647 3846 822 3898 quaecunque
842 3847 875 3883 ex
892 3831 967 3883 illius
986 3834 1073 3884 auimo
1094 3840 1184 3885 eraut:
1204 3833 1364 3886 excludebat

261 3904 349 3946 autem
368 3913 383 3948 a
402 3901 476 3965 regis
496 3914 586 3954 amore
605 3909 713 3953 matrem
735 3910 762 3953 et
781 3905 996 3971 consanguineos
1016 3912 1044 3955 et
1062 3915 1168 3958 ceteros
1187 3916 1316 3975 cognatos
1334 3914 1364 3955 ut

259 3980 374 4032 regnare
401 3970 507 4023 scilicet
534 3974 673 4039 cupientes
701 3989 789 4041 neque
809 3976 879 4043 quod
899 3977 923 4025 ei
952 3977 1119 4041 profuturum
1138 3988 1210 4031 esset
1227 3977 1378 4040 uolentes,

261 4044 288 4087 et
303 4038 378 4104 quasi
397 4041 456 4106 ipse
475 4042 548 4095 solus
567 4045 635 4097 utile
655 4047 679 4096 ei
699 4055 805 4113 pararet
825 4047 941 4100 exstitit:
962 4048 1134 4116 quamobrem
1154 4053 1235 4102 etiarn
1252 4051 1365 4103 multum

260 4108 329 4176 apud
348 4123 439 4175 regem
458 4113 551 4167 valeus
570 4117 628 4184 ipse
649 4124 714 4181 erat,
735 4119 780 4186 qui
805 4119 893 4171 omnia
912 4119 1055 4184 perliceret
1083 4124 1159 4189 regni
1181 4130 1208 4173 et
1227 4124 1286 4191 regi
1305 4130 1363 4172 tra-

261 4180 336 4232 deret
354 4195 422 4248 quae
442 4192 532 4235 esseut
550 4188 652 4254 agenda
671 4198 698 4239 et
717 4189 832 4239 bonores
859 4197 886 4240 et
910 4191 1163 4257 administrationes,
1185 4195 1280 4261 quibus
1297 4190 1363 4243 rel-

260 4248 308 4318 let,
328 4252 428 4307 donans
447 4254 575 4327 reditibus
594 4274 647 4310 nou
667 4263 776 4329 paruisz
797 4264 941 4314 eratenim
960 4272 1067 4330 praeter
1085 4274 1177 4317 cetera
1196 4267 1263 4319 vitia
1282 4264 1365 4339 etiam
