3017 4892
590 365 797 441 nrsronn.
944 380 949 389 ’
1170 352 1242 435 tts

144 544 246 607 οιέναι
269 536 500 621 κατεσχηκότος
527 540 582 620 τῆς
605 531 805 617 ἀκροπόλεως
831 533 973 618 (Πέτρος
1006 529 1024 615 ἦ
1049 528 1243 613 προσηγορία

143 643 267 705 τουτωῒ
283 642 327 727 τῷ
347 640 449 723 άνδρί,
473 638 509 701 τὸ
534 641 662 721 ἐπίκλην
676 637 857 716 Λιβελλίος,
882 638 920 721 τῇ
938 636 973 698 δὲ
990 635 1051 697 τάν
1063 634 1245 713 μαγίστροιν

143 743 217 829 άξίρ
240 744 284 828 τῷ
304 737 376 805 τότε
395 742 631 823 τετιμημένος),
654 730 753 811 νότιος
776 738 831 818 τῆς
851 742 1033 818 πολιορκίας
1057 732 1244 814 άπέσχοντο,

144 843 270 925 ἐπείπερ
295 841 352 905 καί
371 842 405 904 ἔκ
427 841 570 923 παρόδου
594 835 711 912 πολλάς
742 836 865 917 πόλεις,
887 832 925 910 δίς
945 840 1006 915 μὲν
1026 836 1181 916 βραχείας
1205 826 1244 905 ός

116 943 180 1004 ὅδὲ
202 945 257 1005 καί
274 942 424 1024 μείζους,
445 941 480 1003 dx
501 943 639 1018 πολέμου
659 940 714 1001 καί
732 940 806 1017 βίας
821 934 1023 1019 α’νὴρπασαν.

248 1040 291 1104 Τό
317 1042 347 1103 δ’
371 1042 521 1105 έντεόθεν
545 1034 660 1121 άγῶνες
682 1035 836 1102 ὅπλιτινιοί
855 1034 890 1101 τό
912 1033 1080 1117 βασιλικόν
1104 1032 1244 1117 στρατό-

143 1143 239 1205 πεδον
260 1143 419 1217 ἐδέξαντο,
443 1135 459 1202 o‘
484 1139 544 1224 γάρ
570 1139 698 1222 άμηράς
719 1140 776 1203 τοῦ
790 1136 904 1201 Χάλεπ
924 1130 1072 1215 συνάψας
1091 1142 1157 1207 τοῖς
1178 1138 1244 1196 λοι-

144 1250 214 1315 ποῖς
240 1244 303 1306 τεάν
334 1241 510 1324 Ἀραβιτάν
540 1238 601 1304 σάν
637 1240 679 1324 τῷ
705 1238 864 1323 Ου’ννικρῖ,
896 1235 951 1299 καί
980 1232 1117 1313 δύναμιν
1141 1229 1245 1315 άδράν

143 1343 367 1425 ποιησάμενος,
390 1344 435 1416 είς
457 1350 570 1423 χεῖρας
591 1344 695 1402 ἐλθεῖν
709 1340 753 1424 τῷ
771 1342 904 1418 βασιλεῖ
923 1340 977 1399 καί
992 1333 1154 1416 μάχεσθαι
1175 1335 1244 1395 διε-

49 1466 56 1478 ·
97 1439 299 1516 ιοοκέπτετο.
344 1446 404 1505 τοῦ
435 1443 470 1506 δὲ
501 1447 657 1523 βασιλέως
689 1437 778 1503 ἔνδον
807 1433 892 1514 ὄντος
926 1440 980 1521 τῆς
1004 1437 1244 1518 προαλοοθείοης

136 1542 342 1625 Ἱεραπόλειος
373 1548 429 1608 καί
459 1542 740 1625 παργομαχοῦντος
772 1542 806 1603 έν
834 1543 942 1623 μέρει,
969 1534 1058 1603 ,καθὸ
1094 1535 1245 1611 λείψανον
1306 1582 1309 1589 .

140 1641 347 1707 άπολέλειπτο
369 1648 425 1725 τῆς
443 1644 704 1723 πυργοκρατείας,
726 1636 915 1721 παρατάξεις
938 1637 1173 1721 άφιορίοθηοαν
1188 1637 1245 1700 δύο

142 1740 198 1806 τόν
216 1741 336 1821 μεταξά
361 1736 458 1806 τόπον
477 1744 534 1803 τοῦ
548 1762 583 1803 τε
598 1737 734 1820 κάοτρου
754 1740 808 1801 καί
828 1740 881 1828 τῆς
901 1738 1104 1818 παρεμβολῆς
1126 1738 1245 1800 ε’κταῖν

142 1841 291 1903 ἐναντίων
318 1841 582 1923 διαιειχίζουσαι.
629 1840 832 1922 διεφαίνοντο
856 1836 916 1918 γάρ
937 1859 1018 1909 τινες
1050 1838 1113 1899 τῶν
1132 1840 1245 1920 Σαρα-
1303 1886 1306 1893 .

99 1939 242 2020 15κῃνῶν
263 1937 341 2003 κατά
364 1938 407 2020 τό,
420 1939 530 2003 πεδίον
552 1942 586 2002 ἐκ
611 1940 825 2019 διαστήματος
847 1933 1067 2014 ἱππαζόμενοι.
1093 1938 1156 2001 εἰσί
1179 1934 1242 2019 γάρ

105 2071 107 2075 ⁴
141 2034 217 2117 περί
232 2032 479 2119 τηνἹεράπολιν
497 2036 658 2119 inultam
679 2039 773 2099 πεδία
796 2033 874 2117 πρός
894 2032 1243 2118 μῆκοςέπεκτεινόμενα

141 2139 296 2222 μέγιστον,
320 2138 376 2203 καί
395 2139 474 2222 πλην
494 2140 644 2223 γηλόφων
664 2136 759 2202 ου’δέν
774 2139 842 2200 ἐστι
864 2135 900 2201 τό
924 2132 1176 2220 δπερανεοτηκός
1197 2136 1242 2211 εἰς

57 2220 85 2334 ᾗ,
141 2229 215 2318 ὅρος
235 2240 318 2319 μέγα
335 2237 395 2303 καί
413 2236 492 2321 πρός
514 2240 595 2320 α’ἑρα
616 2233 861 2316 διατεινόμενον.
905 2235 1072 2319 καυσώδης
1092 2238 1127 2301 δὲ
1150 2230 1165 2298 ό
1186 2234 1243 2301 τό-

141 2360 198 2410 πος
218 2338 303 2401 ἐστίν
323 2334 367 2413 άς
387 2333 427 2401 άν
449 2343 507 2403 τοῦ
530 2340 622 2426 ἦλφον
648 2333 842 2421 θερμότερον
870 2340 971 2402 ε’κεῖοε
992 2333 1244 2421 προσβάλλοντος

97 2433 195 2506 λθδιά
220 2434 256 2501 τό
279 2439 507 2524 μεσημβρινόν.
553 2438 627 2522 περί
658 2441 692 2502 δέ
715 2437 753 2501 τά
776 2434 910 2521 ἑσπέρια
935 2439 995 2501 τοῦ
1015 2440 1153 2520 κάοτροο
1176 2444 1243 2501 λει-

139 2538 243 2616 μιόνες
277 2536 457 2624 πεφύκασιν
488 2540 698 2622 όδραγεογίοις
730 2537 937 2623 κατάρρυτοι·
981 2536 1116 2620 χλιαρόν
1142 2540 1177 2603 δέ
1206 2538 1241 2603 τό

139 2629 228 2718 όδοορ
256 2637 342 2717 ε’στί,
373 2641 614 2720 μεταλαμβάνον
637 2642 761 2713 πάντας
783 2641 838 2722 τῆς
865 2635 900 2701 ἐκ
921 2640 978 2701 τοῦ
998 2639 1091 2722 α’έρος
1113 2644 1167 2702 καί
1186 2642 1242 2721 τῆς
1338 2682 1344 2689 «

139 2732 277 2815 γεώδους
310 2740 488 2821 φλεγμονῆς
520 2733 703 2812 έπιιάοεως.
751 2736 821 2803 τότε
837 2742 910 2818 ,μὲν
940 2730 997 2802 οάν
1021 2738 1103 2803 κατά
1127 2736 1243 2822 μικρόν

1300 1216 1334 1255 s

214 2921 256 2975 14.
276 2920 477 2992 διατειχίζουσι
497 2922 664 2991 &praestat
682 2924 889 2996 διατειγιοῦσαι
907 2927 954 2983 vol
976 2927 1168 2995 διατειγίζειν.

141 3099 222 3145 neate
240 3093 309 3145 areis
330 3093 437 3162 (Petrus
456 3109 553 3148 nomen
573 3098 636 3150 huie
652 3100 722 3163 viro,
743 3113 892 3167 cognomen
911 3098 1058 3162 libanius,
1080 3105 1136 3151 erat
1154 3105 1242 3151 autem

141 3164 328 3231 magistrorum
356 3166 485 3235 dignitate
511 3177 564 3220 turn
584 3170 743 3241 honoratus)
772 3172 810 3221 sic
831 3172 1030 3239 oppugnatione
1049 3171 1241 3235 abstinuerunt,

143 3234 354 3303 quandoquidem
382 3239 460 3290 etiam
482 3242 677 3306 praetereundo
697 3242 793 3294 multas
819 3242 898 3294 urbes
918 3250 945 3293 et
968 3258 1063 3309 parvas
1083 3250 1110 3293 ot
1128 3244 1242 3294 maiores

73 3356 80 3368 Ι
142 3303 215 3357 bello
235 3315 263 3359 et
281 3310 309 3359 vi
327 3320 480 3376 rapuerunt.
1302 3307 1304 3321 ¹

239 3395 342 3447 Exinde
368 3400 511 3451 certamina
543 3404 635 3471 gravis
659 3412 807 3455 armaturae
826 3404 930 3471 regium
950 3404 1096 3454 exereitum
1124 3417 1242 3468 excepe-

141 3472 211 3514 runt.
248 3481 351 3518 amotas
371 3470 441 3519 enirn
461 3471 573 3539 Chalepi
594 3488 754 3540 congressus
776 3474 889 3543 reliquis
906 3475 1023 3528 Arabitis
1043 3488 1101 3525 cum
1121 3472 1243 3524 Hunnica

139 3550 220 3600 rnanu
239 3542 265 3585 et
284 3537 338 3587 vim
357 3538 463 3603 plenam
489 3536 660 3609 οοαιραναῐιε,
687 3546 719 3595 ad
746 3562 838 3598 uranus
864 3548 958 3599 venire
985 3547 1043 3613 regi
1065 3553 1097 3598 et
1122 3558 1242 3612 pugnare

142 3604 283 3655 statuebat.
319 3622 385 3673 rege
403 3616 491 3659 antem
504 3620 630 3663 versante
648 3615 675 3663 iu
690 3613 827 3682 Hierapoli
838 3626 925 3667 antea
939 3624 1016 3681 capta
1036 3624 1062 3665 et
1080 3616 1172 3665 turrim
1191 3630 1242 3681 ag.

141 3674 281 3742 gradiente
300 3675 328 3725 in
347 3684 422 3742 parte
440 3678 484 3729 ubi
504 3681 628 3732 relictum
648 3690 705 3731 erat
728 3684 829 3751 aliquid
849 3688 958 3736 turrium
978 3684 1174 3746 dominationis,
1195 3698 1241 3735 or.

140 3745 217 3796 dines
236 3746 446 3800 secernebantur
473 3751 547 3815 duo,
571 3752 676 3814 locum,
703 3756 747 3819 qui
768 3755 838 3806 iuter
867 3754 1005 3807 castellnm
1026 3763 1052 3804 et
1070 3758 1156 3805 castra
1176 3763 1241 3820 erat,

140 3816 173 3867 ab
192 3815 311 3871 hostibus
330 3829 511 3873 secernentes.
549 3821 713 3890 apparebant
732 3827 803 3876 enim
821 3825 943 3877 nonnulli
960 3824 1086 3877 Saraceni
1101 3827 1128 3876 in
1148 3842 1240 3894 campo

142 3888 260 3956 aspasio
280 3891 440 3959 equitantes.
478 3901 539 3946 sunt
558 3896 629 3946 enirn
649 3898 720 3949 cirea
739 3896 897 3964 Hierapoliu
916 3899 1001 3965 campi
1021 3899 1053 3950 ad
1072 3898 1241 3965 equitandum

142 3962 195 4027 apti
215 3960 259 4027 qui
284 3963 312 4012 in
332 3962 526 4031 longitudinem
544 3968 721 4021 extenduntur
740 3970 893 4034 maximam,
922 3978 949 4020 et
967 3977 1072 4038 praeter
1092 3970 1177 4023 eolles
1195 3974 1239 4023 ui.

141 4031 179 4082 lril
200 4040 241 4081 est
259 4033 329 4100 quod
347 4045 470 4103 assurgat
488 4039 519 4090 ad
539 4048 655 4091 montem
675 4057 798 4110 magnum
818 4050 845 4093 et
863 4043 890 4093 iu
908 4047 970 4094 adra
990 4043 1155 4095 extendatur.
1194 4058 1240 4096 ar.

142 4102 206 4154 dens
225 4102 312 4168 loeus,
333 4120 392 4156 enm
409 4107 450 4157 sol
476 4110 579 4163 calidus
597 4111 633 4163 ibi
660 4114 759 4166 ineidat
783 4123 893 4183 propter
916 4116 1061 4167 meridiem.
1100 4116 1170 4167 cirea
1190 4130 1239 4167 oe.

143 4173 301 4227 oidentalem
326 4186 412 4228 autern
441 4189 542 4245 partem
569 4185 674 4235 castelli
700 4195 775 4254 prata
802 4196 863 4239 suut
889 4188 1095 4256 aquaeductibus
1121 4188 1240 4255 irrigata,

144 4245 232 4309 tepida
250 4255 337 4299 auteur
357 4256 398 4301 est
415 4264 493 4319 aqna,
513 4254 646 4324 particeps
665 4260 773 4311 omnino
798 4260 970 4326 accessionls‚
990 4276 1058 4331 quae
1078 4276 1111 4313 ex
1131 4266 1194 4313 aare
1213 4266 1241 4313 et
