3017 4892
603 337 811 416 Bistoniis.
1203 340 1252 414 99

146 500 312 599 Ῥωμαίων
333 520 429 605 α’ρχή.
472 521 544 583 ἐπεί
563 519 599 583 δέ
620 522 675 584 καί
697 517 715 581 δ
736 518 853 595 σιτοπύς
874 516 1060 602 τούοῖνδρὸς
1075 516 1113 581 ού
1135 524 1256 602 φιλαν-

152 623 220 696 τίας
242 618 322 683 dett
358 619 573 705 φιλαδελφίας
602 619 657 683 καί
688 623 910 705 φιλευσεβείας
933 615 1003 694 ὅλος
1025 610 1072 702 ἦν,
1097 618 1140 693 ιδς
1161 622 1258 703 προέ-

155 741 276 805 φαμεν,
299 724 544 804 περιαλγούντος
564 722 620 803 τῆς
635 723 697 785 τῶν
719 720 902 803 σ’ρθοδύξων
913 718 1138 801 κακοπαθείας,
1163 720 1257 803 ἐνηρ-

119 826 124 835 ’
152 816 237 903 γήθη
259 816 371 884 λοιπύν
399 828 468 905 τοῖς,
485 821 670 902 εὐχομένοις
690 818 731 885 τύ
754 823 809 905 τῆς
826 816 943 906 -εύχῆς,
962 818 1017 884 καί
1035 818 1257 902 παραστάντος

126 921 256 990 5αύτού
277 924 320 1008 τῷ
341 926 496 1011 βασιλική
516 919 638 1005 βήματι
653 926 822 1007 περιέσχεν
847 920 933 999 ἔλεος
954 916 1089 1006 ἄσχετον
1111 917 1168 1004 τήν
1182 920 1257 984 Αύ-

152 1024 306 1103 γούσταν,
337 1026 392 1085 καί
411 1020 588 1104 σεαλαγμοί
605 1025 754 1107 δακρύων
782 1025 844 1088 τοῖν
860 1020 1032 1109 βλεφάρων
1054 1018 1168 1106 ταύτης
1188 1020 1258 1096 ε’ξέ-

152 1145 272 1186 πεσον·
322 1112 478 1207 ἧνγύρύ
504 1121 583 1206 α’νήρ
615 1124 655 1187 ου’
673 1122 769 1205 μόνον
788 1132 854 1199 τοῖς
880 1114 987 1197 ἄλλοις
1009 1118 1256 1205 πλεονεκτήμασι

154 1227 327 1306 προτερούν,
349 1219 428 1286 ditat
451 1226 506 1286 καί
525 1228 686 1305 θεαθῆναι
708 1223 910 1290 παντάπασιν
928 1218 1078 1307 ἥδιστος,
1101 1218 1256 1305 ἐπιμήκης

152 1344 188 1385 τε
210 1324 266 1385 καί
281 1319 419 1407 στέρνων
440 1327 496 1389 καί
516 1321 621 1389 νω’των
638 1328 673 1390 έν
696 1329 781 1413 καλή
802 1322 1039 1411 καθορώμενος,
1060 1328 1114 1388 καί
1133 1325 1256 1405 εύγενές
1316 1396 1318 1401 ,

110 1432 184 1486 loss
206 1428 307 1488 πνέων
330 1422 373 1500 ὥς
395 1417 524 1509 οἷληθούς
546 1426 601 1491 καί
620 1430 776 1510 διογενές,
805 1424 1015 1510 εύύφθαλμύς
1036 1450 1069 1489 τε
1100 1422 1188 1509 εἴπερ
1207 1443 1256 1497 τις
1331 1428 1336 1434 “

152 1517 262 1605 ἄλλος,
284 1529 339 1605 καί
364 1527 478 1601 κύλλος
500 1528 699 1611 ἀποστίλβων
727 1537 795 1603 τοϊς
817 1530 1009 1611 ὀφθαλμοῖς,
1030 1526 1106 1607 μήτ’
1128 1525 1264 1605 ἀκριβὲς

151 1626 185 1689 τύ
214 1624 324 1690 λενκύν
357 1626 440 1709 μήτε
472 1627 507 1691 τύ
541 1634 642 1707 μέλαν
673 1628 848 1705 οίποσαύζων
879 1623 1030 1700 τύσαύτως
1055 1626 1121 1687 ἀλλ’
1149 1621 1255 1705 ὥσπερ

152 1733 464 1808 ουγκεκερασμένον.
488 1774 495 1789 .
518 1774 526 1790 .
546 1730 585 1812 τῇ
609 1728 799 1813 δημιουργίᾳ
829 1729 867 1812 τῇ
888 1724 986 1809 φύσει
1008 1726 1062 1789 καί
1082 1748 1257 1809 συγκεκρα-

153 1829 248 1905 μένον
271 1830 314 1913 cpi
336 1825 530 1909 ἐρυθήματι,
550 1830 608 1890 κοίν
627 1823 753 1901 τούτοις
773 1821 872 1889 ίέπασι
894 1826 951 1909 τήν
967 1824 1144 1910 γλυκύτητα
1165 1849 1257 1908 περι-

113 1938 145 1990 15
153 1929 293 1990 θέουσαν
316 1924 411 2007 ἔχων,
431 1930 485 1990 καί
506 1918 593 2005 ἄξιον
614 1921 699 2002 εἶδος
720 1925 799 1990 nard
829 1921 884 1989 τύν
912 1923 1049 2007 κωμικὸν
1071 1930 1257 2009 τυραννίδος

55 2090 66 2108 x
154 2024 423 2107 ἐπιδεικνύμενος·
473 2023 517 2100 ούς
539 2020 596 2090 σύν
617 2030 671 2089 καί
701 2024 721 2109 ή
743 2020 869 2090 &araca
892 2029 1043 2111 pepponis
1064 2029 1254 2109 συνέπαθεν,

153 2122 257 2199 εύθύς
277 2124 531 2212 ἐπηκολούθησεν
558 2127 578 2209 ἦ
599 2126 796 2211 συμπάθεια,
827 2126 880 2190 καί
900 2130 1091 2210 περισωθείς
1111 2132 1170 2191 τού
1188 2154 1256 2205 κιτι-

154 2222 251 2290 δύνοιι
278 2229 335 2290 καί
358 2218 721 2307 βασιλικῶνύξιύσεων
747 2222 860 2313 ἔτυχε,
890 2226 944 2292 καί
971 2230 1147 2304 οίπολυθείς
1168 2231 1255 2315 παρὰ
1302 2288 1306 2293 .

153 2322 278 2393 πάντων
298 2322 461 2411 η’σπύζετύ
482 2352 515 2392 τε
539 2328 595 2393 καί
611 2329 786 2415 εύφημεῖεο
807 2328 863 2393 καί
876 2327 966 2413 ἔργον
988 2330 1085 2415 εύχῇς
1106 2335 1257 2413 γενέσθαι

112 2429 342 2513 λθιιατήκουσε,
377 2432 432 2493 καί
452 2429 510 2512 τήν
533 2431 633 2495 αύτού
654 2429 815 2514 σωτηρίαν
848 2431 934 2495 ἰδίαν
956 2428 1097 2511 ἐνόμιζεν
1119 2412 1266 2508 έκαστοςί

154 2527 245 2608 ίξιιύν
273 2522 328 2593 ούν
348 2532 393 2606 εἷς
417 2534 664 2615 Καππαδοκῶν,
700 2534 734 2607 ,ἐξ
763 2522 800 2613 ἧς
826 2528 883 2615 τήν
909 2526 1014 2616 οἷρχήν
1034 2532 1088 2616 τῆς
1108 2538 1256 2615 γενέσεως

154 2626 278 2716 ἔσχηκε,
299 2628 396 2697 πάλιν
407 2636 650 2717 μεταπεμφθείς
663 2633 708 2706 είς
720 2630 779 2717 τήν
800 2632 1036 2715 βασιλεύουσαν
1060 2636 1256 2717 εἰσελήλυθε,

155 2731 215 2794 κείν
234 2739 299 2808 τοϊς
318 2737 490 2816 γενεθλίοις
509 2736 567 2797 τού
592 2734 740 2815 Χριστοῦ
759 2729 935 2817 μύγιοτρος
959 2736 1014 2797 καί
1035 2726 1254 2818 στρατηλύτης

145 2990 147 2993 Ι
229 2919 253 2970 1.
272 2920 375 2993 μέλλον
386 2881 432 2973 ⁴0:
451 2920 569 2972 correxit
586 2918 729 2972 Brunetus.

156 3094 203 3145 sed
222 3092 332 3145 fratrum
351 3096 448 3146 amoris
468 3102 495 3145 et
512 3094 620 3160 pietatis
639 3093 748 3160 plenum
769 3100 842 3144 esset
859 3098 888 3142 ut
908 3099 985 3142 antea
1004 3090 1126 3153 diximus,
1146 3089 1254 3141 dolente

155 3164 235 3217 valde
256 3165 463 3218 orthodoxorum
487 3165 673 3233 aegritudine,
694 3166 819 3216 ellectum
837 3165 892 3221 iam,
910 3171 951 3215 est
969 3162 1140 3229 precantibus
1163 3169 1255 3212 votum

157 3245 184 3288 et
207 3238 326 3290 adstante
355 3254 386 3288 oo
415 3238 492 3304 regio
520 3239 676 3306 suggestui,
704 3238 845 3304 superarit
869 3234 1053 3287 misericordia
1077 3232 1254 3285 irresistibilis

157 3317 312 3375 augustam,
332 3318 359 3359 et
376 3308 543 3360 lacrimarum
563 3309 687 3360 humores
708 3324 742 3359 ex
761 3308 846 3360 oculis
866 3306 1012 3359 cadebant:
1043 3312 1100 3357 erat
1125 3306 1194 3355 enim
1212 3306 1255 3355 vir
1311 3328 1313 3334 ⁴

155 3395 211 3430 non
228 3380 316 3431 solum
334 3383 432 3431 ceteris
452 3381 595 3433 virtutibus
614 3382 737 3447 superior
748 3382 796 3432 sed
814 3382 891 3432 etiam
911 3380 942 3429 ad
961 3378 1132 3444 spectandum
1148 3378 1254 3427 omnino

156 3452 345 3513 suavissimus,
373 3452 471 3517 longus
491 3460 518 3500 et
536 3459 646 3517 pectore
666 3460 693 3502 et
709 3460 787 3520 tergo
807 3451 918 3517 pulchre
947 3465 1093 3517 apparens,
1120 3457 1146 3498 et
1163 3448 1256 3499 nobile
1304 3513 1305 3518 Ἰ

156 3521 217 3587 quid
246 3522 349 3585 spirans
376 3538 472 3572 revera
504 3530 530 3571 et
549 3523 681 3573 divinum:
707 3531 734 3574 et
750 3523 863 3589 pulcher
885 3522 1014 3573 oculissi
1038 3524 1096 3590 quis
1121 3520 1209 3584 alius,
1230 3526 1256 3569 et

156 3590 380 3658 pulchritudinem
398 3590 541 3655 splendens
561 3591 663 3655 oculis,
682 3609 770 3660 neque
790 3602 913 3644 accurate
932 3592 1020 3643 album
1038 3608 1127 3658 neque
1150 3594 1255 3658 nigrum

156 3676 267 3713 servans
288 3661 381 3709 eodem
399 3660 486 3721 modo,
506 3660 552 3709 sed
575 3662 650 3725 quasi
670 3664 839 3712 cuniunctum
857 3664 971 3713 artificio
991 3670 1118 3713 enatura
1139 3669 1165 3710 et
1185 3662 1254 3711 mix-

156 3741 210 3785 tum
234 3731 326 3782 rubori
352 3739 379 3781 et
402 3732 429 3780 in
455 3731 496 3780 his
525 3730 647 3781 omnihus
679 3733 837 3782 suavitatem
869 3732 1054 3782 circumdatam
1080 3730 1198 3794 habeus,
1229 3738 1255 3781 et

156 3805 264 3872 dignum
283 3817 379 3868 corpus
398 3801 542 3853 secundum
562 3802 690 3855 comicum
712 3810 817 3868 poetam
836 3802 976 3868 tyrannide
1005 3802 1156 3854 ostendens.
1197 3818 1253 3854 cum

156 3878 238 3942 igitur
258 3875 337 3926 etiam
355 3875 460 3926 adstans
481 3881 589 3925 senatus
608 3873 806 3924 miserationem
832 3876 953 3939 sentiret,
982 3874 1069 3926 statim
1095 3882 1184 3925 secuta
1214 3880 1254 3925 est

70 3948 76 3956 ’
156 3946 339 3998 misericordia
358 3953 385 3996 et
402 3952 524 3997 servatus
550 3961 564 3994 e
590 3945 711 4010 periculo
739 3953 766 3996 et
793 3947 868 4013 regia
896 3960 1004 3997 munera
1028 3946 1138 4012 adeptus
1164 3954 1204 3998 cst
1227 3954 1254 3995 et

156 4018 284 4071 liberatus
304 4017 337 4069 ab
356 4017 478 4070 omnibus
496 4014 661 4069 salutabatur
680 4026 707 4069 et
724 4016 880 4069 laudabatur
899 4027 990 4069 etrem
1008 4019 1065 4069 uoti
1085 4016 1179 4069 factam
1193 4032 1253 4069 esse

157 4091 257 4143 audimt
280 4098 308 4141 ct
336 4090 393 4141 eius
421 4088 533 4143 salutem
560 4104 633 4139 suam
664 4091 777 4157 quisque
805 4090 921 4157 putabat.
967 4104 1089 4158 egressus
1114 4092 1196 4157 igitur
1220 4088 1253 4140 ad

158 4160 341 4229 Cappadocum
358 4170 466 4225 terram,
486 4178 519 4211 ex
536 4174 588 4226 qua
607 4162 718 4212 initium«
729 4162 838 4228 generis
866 4162 973 4226 habuit,
999 4176 1088 4213 rursus
1107 4162 1252 4215 arcessitus

158 4232 189 4284 ad
211 4236 313 4303 regiam
342 4233 453 4285 advenit
478 4242 507 4284 et
530 4232 613 4285 natali
640 4233 684 4284 die
709 4232 808 4286 Christi
826 4235 952 4303 magister
970 4242 996 4285 et
1015 4235 1067 4286 dur
1084 4234 1251 4287 renuntiatus
