3017 4892
599 352 810 422 antonin.
1008 397 1016 403 -
1177 342 1248 415 '131

152 528 308 609 ποθῆσαι,
329 523 367 589 ἵν’
388 526 433 598 εἷς
454 522 490 586 τό
514 518 629 599 μέλλον
651 520 836 599 εῦπαθῆσαι
868 508 1064 595 δυναίμεθας
1090 509 1142 575 διό
1167 513 1255 576 τίδὲ
1302 548 1303 551 ¹

152 626 209 690 καί
228 623 272 707 μη
298 627 331 689 έκ
354 621 537 707 πολιορκίαις
553 618 731 703 αἱρήσομεν
751 616 787 681 τό
807 640 840 682 τε
862 606 940 680 doto
963 610 997 677 τό
1017 616 1121 677 Χλιάτ
1143 606 1253 676 καίτόι

154 726 215 789 ῦπό
238 725 356 790 τοῦτου
381 723 538 806 πολίχνια,
560 718 611 784 ἵνα
641 717 696 783 καί
716 716 746 784 οἷ
772 719 964 801 στρατιῶται
984 717 1037 798 τῆς
1059 716 1093 777 ἐκ
1116 715 1178 776 τοῦν
1200 716 1257 774 λα-

155 824 269 911 φόρων
290 825 453 911 ,οῦφελειάς
482 824 650 905 πλησθῦσι
678 823 733 883 καί
753 814 990 901 προθυμότεροι
1012 818 1181 897 γένωνται,
1203 809 1259 876 καὶ
1314 888 1316 895 ,

127 933 218 1000 5τοῖς
247 924 402 1000 ἐναντίοις
434 926 550 1008 έπέλθη
578 922 663 1005 δέος,
697 923 752 983 καί
776 913 844 983 ἀντὶ
864 917 1022 997 πολεμίων
1055 911 1257 1005 αἱτοιαῦται

154 1025 260 1100 πόλεις
284 1021 463 1105 Ῥωμαϊκόν
492 1018 662 1104 ἡγεμονίαν
692 1017 910 1101 πλουτήσωσι,
940 1020 995 1079 καί
1015 1014 1165 1094 δυνάμεις
1187 1014 1256 1098 έφι-

155 1122 311 1207 στάμεναι
338 1124 373 1188 τό
406 1123 575 1188 ἀντίπαλον
611 1124 754 1205 ἰσχυρῶς
778 1116 1061 1203 άποκροῦσοονται,
1081 1119 1135 1178 καί
1155 1111 1173 1197 ἦ
1194 1114 1258 1180 τοῖν

160 1226 309 1307 Τοῦρκων
336 1222 474 1309 πάροδος
506 1222 539 1287 ἔκ
571 1221 793 1306 διαστημάτων
824 1217 904 1284 κατά
930 1219 1044 1300 μοίρας
1074 1219 1257 1298 ἐρχομένων

154 1330 310 1407 βραχείας
329 1324 505 1412 διαστολῇ,
535 1326 590 1387 κατ’
616 1319 659 1405 μὴ
683 1318 874 1407 ὁρμητήριον
901 1322 1020 1399 μᾶλλον
1042 1316 1098 1380 καί
1113 1317 1258 1396 ὀψωνια-

114 1424 237 1508 1οσμόν
254 1424 288 1491 έν
308 1421 435 1500 τοῦτοις
464 1428 595 1512 εὑρίσκῃ
629 1419 711 1487 ἀλλὰ
733 1421 963 1507 πολεμητήριον
991 1417 1141 1501 δτεχνοῖς,
1163 1414 1217 1479 κατ’
1238 1414 1257 1496 ἦ

155 1526 208 1593 διά
233 1532 290 1610 τῆς
312 1520 661 1605 Μεσοποταμιάςόδός
683 1525 807 1595 τοῦτοις
829 1521 1018 1599 ἀνεπίβατος
1037 1516 1198 1601 γένηται.”

259 1629 355 1692 Ταῦτ’
378 1624 519 1701 εἰπόντος
531 1649 595 1705 μου
617 1623 698 1705 πρός
717 1622 772 1686 τόν
793 1623 938 1702 βασιλέα,
961 1619 1058 1705 εἰσῄει
1079 1616 1180 1706 τυότηι
1200 1622 1260 1699 μέ·
1282 1636 1285 1639 ·

155 1754 213 1813 χρι
235 1726 361 1809 βάθους
383 1726 398 1789 ὁ
419 1723 509 1807 λόγος
531 1721 638 1805 ὥσπερ
661 1746 708 1797 τις
739 1720 855 1802 σπόρος
877 1721 921 1793 εἰς
949 1713 1046 1800 εῦγεω
1071 1722 1124 1782 κατ’
1146 1720 1260 1801 ἐρίβω-

157 1835 212 1890 λον
233 1831 309 1909 γῆν,
339 1827 393 1889 κατ’
424 1828 639 1904 μεταθέμενος
668 1818 770 1895 εῦθός
800 1822 853 1904 τῆς
880 1823 1072 1904 προσωτέρω
1103 1820 1262 1903 φερούσης

115 1929 149 1981 15
159 1919 276 2010 ἥψατο,
301 1923 360 2000 ἕως
380 1922 435 1987 τόν
456 1922 629 2008 Εὐφράτην
651 1920 902 2005 διαπεραιωθεὶς
932 1920 1005 1995 τοῦς
1026 1923 1196 1999 πολεμίους
1217 1920 1263 1992 εἰς
1309 1962 1313 1967 -

157 2024 195 2091 τά
217 2028 358 2110 σφέτερα
386 2026 531 2107 βαδίζειν
553 2026 744 2105 παρέπεισε·
795 2023 868 2103 περί
895 2018 951 2094 τός
984 2012 1086 2101 ὄχθας
1113 2016 1173 2103 γάρ
1204 2019 1262 2082 τοῦ

159 2129 305 2206 ποταμοῦ
341 2125 663 2209 στρατοπεδευόμενοι
702 2116 810 2205 ἦσαν,Ι
838 2119 1082 2203 καραδοκοῦντες
1115 2118 1171 2203 τήν
1206 2122 1264 2185 τοῦ

156 2229 313 2308 βασιλέως
345 2223 604 2308 οἷπαναχάρησιν.
654 2218 741 2306 εἶχον
777 2226 837 2302 μὲν
874 2216 930 2285 οῦν
965 2221 1091 2296 ἐλπίδες
1122 2218 1264 2297 ἅπαντας

157 2329 348 2410 στρατηγίας
368 2331 516 2408 μεγίστης
535 2328 589 2389 καί
609 2325 858 2411 λαφυραγωγίας
880 2325 914 2388 έκ
935 2326 991 2405 τῆς
1006 2324 1067 2385 τεόν
1089 2323 1290 2408 εἶρημένωνι.
1303 2338 1362 2397 193.
1372 2350 1401 2391 τ.

111 2423 303 2510 ἳθκάστρων
326 2424 474 2501 άλιόσεάς
495 2450 529 2489 τε
552 2430 608 2489 κατ’
628 2424 876 2507 παραστάσεως·
928 2418 947 2506 ἦ
974 2425 1001 2485 δ’
1028 2422 1260 2487 έλαύνουσατά

153 2514 324 2608 Ῥωμαίων
345 2529 390 2603 εἰς
410 2524 465 2611 τὴν
485 2530 617 2593 κατόπιν
635 2528 770 2611 α’κληριά
794 2526 855 2604 οῦκ
881 2520 931 2587 εἴα
954 2528 1054 2607 πέρας
1076 2526 1263 2607 ἐπιτεθῆναι

159 2633 296 2694 συνετοῦ
316 2625 538 2712 διατάγματος.
583 2628 627 2703 ὥς
646 2624 706 2713 γάρ
730 2625 748 2688 δ
773 2626 925 2708 βασιλεῦς
948 2620 1047 2701 εῦθός
1068 2628 1123 2708 τῆς
1137 2624 1263 2705 Ῥωμα-

235 2808 260 2858 1.
282 2802 419 2879 οἷκληρίαν
437 2805 467 2859 G.

162 2969 261 3033 simulo,
279 2968 442 3037 inquiebam,
463 2982 521 3032 rex,
541 2966 628 3019 adhuc
641 2982 711 3020 auno
731 2968 803 3020 circa
821 2967 905 3019 aciem
924 2967 1034 3019 aestatis
1053 2970 1196 3032 versante,
1215 2980 1263 3018 re.
1319 2945 1342 2977 ²

161 3041 303 3108 linquendi
322 3040 414 3094 hostes
431 3040 459 3091 iu
480 3039 641 3093 Graecorum
659 3048 731 3092 terra
751 3046 778 3090 et
797 3039 949 3091 remissioni
975 3054 1004 3090 se
1031 3045 1057 3090 et
1082 3037 1264 3105 voluptatibus

76 3110 79 3125 '
162 3112 284 3165 tradendi
304 3127 392 3180 neque
410 3126 481 3163 nunc
501 3111 649 3176 laborandi,
668 3120 698 3163 ut
717 3112 806 3163 futuro
825 3117 945 3178 tempore
966 3110 1061 3163 lelices
1087 3125 1147 3162 esse
1174 3110 1266 3177 possi.

160 3199 229 3235 mus.
267 3199 327 3235 curn
344 3191 433 3234 autem
451 3199 540 3251 neque
560 3185 761 3252 oppugnatione
781 3184 915 3250 capiemus
935 3182 1027 3233 urbem
1046 3181 1135 3236 Chliat
1163 3189 1190 3232 et
1214 3196 1265 3249 op.
1298 3184 1324 3221 ν’

161 3256 225 3323 pida
247 3256 314 3324 eius,
334 3264 364 3307 ut
383 3256 462 3307 etiam
480 3255 579 3306 milites
599 3256 714 3322 praedae
734 3257 851 3307 utititate
872 3254 1030 3321 expleantur
1055 3260 1081 3305 et
1105 3252 1266 3321 promtiores

161 3328 235 3390 liant,
257 3335 283 3378 et
300 3326 424 3379 hostibus
444 3328 571 3379 obveniat
588 3330 676 3391 timor,
698 3336 724 3377 et
750 3342 799 3393 pro
818 3327 950 3379 nostibus
978 3326 1029 3377 hae
1057 3324 1137 3377 urbes
1164 3325 1265 3378 Graeco

160 3400 276 3464 imperio
297 3398 417 3450 fruantur
438 3407 464 3450 et
482 3401 555 3450 vires
574 3400 703 3451 instantes
723 3400 872 3452 contrarios
893 3398 998 3450 sortiter
1016 3397 1166 3465 repellant:
1186 3405 1267 3465 atque

101 3528 105 3533 ¹
160 3470 305 3521 'lurcarum
323 3472 374 3520 iter
394 3484 428 3519 ex
447 3471 597 3522 intervallis
616 3471 733 3537 partibus
752 3470 978 3537 proficiscentium
997 3471 1087 3537 parvis
1108 3470 1267 3533 detineatur,

161 3554 253 3607 neque
271 3538 361 3589 locum
376 3541 480 3607 lirmum
500 3549 527 3590 et
546 3549 719 3592 commeatum
743 3544 772 3592 in
792 3542 832 3592 his
852 3544 980 3609 reperiat,
1000 3543 1047 3592 sed
1065 3541 1202 3592 defensum
1221 3542 1267 3591 lo.
1292 3552 1296 3600 i
1328 3540 1331 3544 ’

163 3622 373 3732 lcnmfiprorsus,
399 3617 480 3675 atque
504 3612 551 3661 uia
574 3626 622 3676 per
653 3612 870 3677 Mesopotamiam
901 3613 990 3662 lenens
1024 3610 1066 3661 his
1090 3611 1267 3661 inaccessibi.
1291 3605 1293 3623 ¹

176 3683 200 3732 is
237 3687 290 3731 at.“

264 3766 407 3835 Postquam
427 3767 494 3818 haec
514 3768 568 3818 dixi
587 3768 620 3819 ad
638 3782 739 3835 regem,
761 3768 872 3820 incessit
888 3768 951 3818 huic
966 3783 1050 3835 usque
1064 3767 1095 3818 ad
1109 3768 1268 3835 profundum

165 3841 262 3903 oratio,
283 3840 360 3908 quusi
380 3854 458 3906 seges
475 3840 502 3891 in
521 3840 618 3890 bonum
639 3846 666 3889 et
685 3839 801 3890 feracem
813 3846 919 3891 terram.
942 3847 968 3891 et
987 3840 1146 3891 sententiam
1164 3849 1267 3895 mutans

165 3912 254 3963 statim
273 3913 344 3964 viam
363 3926 432 3979 qnae
451 3912 479 3961 in
498 3913 628 3964 directum
648 3909 751 3961 ferebat
778 3911 855 3963 iniit:
882 3910 966 3962 donec
993 3910 1154 3976 Euphratem
1178 3920 1267 3969 trans.
1320 3964 1323 3984 ,

165 3998 275 4052 greum
298 3983 389 4034 hostes
408 3982 440 4034 ad
459 3998 507 4034 sua
525 3982 599 4034 abire
619 3984 718 4050 coegit.
758 3984 829 4033 circa
848 3984 918 4049 ripas
938 3984 1006 4033 enim
1026 3982 1140 4036 fluminis
1168 3984 1195 4035 in
1220 4002 1268 4038 ca.
1319 3989 1323 4045 ξ

165 4057 228 4108 stris
248 4062 338 4119 erant,
366 4056 649 4123 exspectantesregis
675 4054 798 4105 reditum.
849 4054 956 4105 alebant
979 4054 1060 4123 igitur
1084 4072 1158 4124 spem
1178 4071 1269 4109 omnes

166 4128 346 4194 expeditionis
362 4126 492 4177 maximae
511 4135 538 4177 et
555 4127 670 4192 praedae
689 4126 809 4194 agendae
831 4127 1029 4193 expugnatione
1056 4136 1082 4179 et
1107 4130 1207 4197 impetu
1226 4129 1269 4179 di.
1321 4158 1332 4185 ,ν

166 4207 267 4251 otornm
285 4196 466 4250 castellorum.
505 4212 563 4251 sors
581 4206 669 4249 autem
688 4213 755 4266 quae
774 4213 818 4250 ros
834 4198 993 4251 Graecorum
1010 4201 1038 4251 in
1056 4210 1192 4269 posterum
1210 4214 1268 4251 ma-

166 4268 222 4321 ltuu
239 4270 328 4339 pellit,
347 4284 402 4322 non
421 4284 501 4338 passa
521 4277 563 4323 eat
580 4270 660 4322 linem
678 4271 805 4323 constitui
830 4270 966 4340 prudentis
985 4272 1101 4341 imperii,
1120 4286 1179 4327 eum
1198 4270 1266 4327 enim
