3017 4892
594 261 818 378 summm.
1208 288 1256 376 tt

159 472 216 538 θεν
236 465 478 550 ἐκπεμπομένων
493 468 570 546 τοδς
592 473 706 544 λ’ππους
726 472 831 534 cdxciv
843 465 1142 553 κατηκόντισανῇεἰς
1151 472 1263 549 χεῖρας

160 573 270 646 adroic
300 573 405 639 ἐλθεῖν
438 570 482 656 μη“
511 567 698 653 δυνάμενοι·
752 564 981 654 δοκιμάσαντες
1013 566 1073 652 γὰρ
1106 563 1291 650 πρότερον,

159 675 254 737 τοῦτο
278 670 427 748 πολλάκις
448 671 581 748 πολλοὺς
601 675 664 738 τοῖν
680 675 772 740 ἰδίων
793 672 964 753 ἀπέβαλον,
983 671 1059 754 παρ’
1080 668 1182 735 ου’τοό
1207 666 1263 732 εοό

159 771 376 840 Βοτανειότυυ
400 772 455 840 καί
473 777 533 840 τῶν
562 771 622 839 σόν
646 773 734 861 edrai
754 772 1040 857 διαχειρισθέντοις.
1084 767 1127 847 ὥς
1149 769 1184 832 δέ
1202 768 1275 832 τεόν·

133 875 265 946 binnam
288 869 408 950 ου’τοός
440 869 469 940 οἱ
494 870 662 958 Ιβάρβαροι
683 874 902 957 ἀπεστέρησαν
923 879 992 947 ταῖς
1023 872 1057 937 έκ
1085 872 1147 934 ταῖν
1166 868 1266 949 τόξων

162 981 316 1058 πληγαῖς,
355 972 482 1068 ἔμειναν
502 978 569 1060 [μέν
597 974 687 1054 πεζοί
712 971 791 1056 μετόι
809 975 873 1039 τοῖν
887 972 1073 1054 Ῥωμαϊκῶν
1094 967 1265 1055 κρηπίδων,

162 1071 284 1152 ταύτας
307 1077 337 1138 δ’
359 1076 563 1158 ἀποτεμόντες
587 1079 621 1142 έν
636 1073 784 1157 έμβόδων
804 1075 891 1154 τάξει
903 1073 943 1138 τό
963 1068 1048 1138 κότω
1067 1075 1151 1154 μέρη
1171 1071 1266 1136 κατέ·

164 1181 265 1240 λιπον.
308 1175 348 1239 ου’
369 1174 434 1260 μην
455 1174 511 1254 τός
534 1179 672 1254 ἀσπίδας
688 1181 743 1242 καί
764 1174 801 1242 τὰ
822 1180 899 1262 ξίφη
920 1175 1082 1254 ἀπέλιπον,
1103 1170 1184 1236 ἀλλά
1207 1169 1266 1254 τήν

164 1277 392 1361 στρατιωτικὴν
417 1271 542 1342 ὅπλισιν
565 1276 689 1362 ἔχοντες
707 1273 791 1343 οότω
811 1275 867 1362 την
886 1274 963 1341 dois
983 1274 1038 1339 καί
1050 1273 1105 1340 τόν
1128 1269 1267 1351 πόλεμον

119 1369 276 1462 λοῆνυον·
300 1380 340 1442 ου’
360 1377 421 1463 γὰρ
442 1384 606 1444 κατέλιπον
629 1383 736 1461 αότοῖς
760 1377 930 1462 ἀνακωχῆν
955 1374 984 1442 οἱ
1006 1380 1162 1458 πολέμιοι,
1183 1370 1265 1438 ἀλλά

164 1475 241 1542 κατό
266 1478 421 1564 διαδοχὰς
442 1483 651 1560 πολεμοῦντες
663 1480 792 1564 *ἡμέρας
815 1504 850 1544 τε
873 1484 927 1544 καί
949 1477 1062 1554 νυκτός
1083 1475 1141 1542 daci
1164 1474 1267 1559 πάσης

164 1581 347 1664 φιλοτιμίας
369 1577 522 1664 ἐχώρουν,
544 1577 627 1646 odore
648 1583 727 1644 πᾶσι
751 1580 879 1664 τρόποις
899 1580 980 1660 dudo
1003 1572 1088 1643 όταν
1108 1573 1141 1666 τό
1165 1568 1268 1658 crpo-

96 1683 99 1696 '
162 1676 294 1767 τόπεδαν
314 1679 429 1754 adroic
462 1677 748 1763 παραστήσασθαι.
801 1681 870 1750 ἀλλ’
894 1677 959 1761 οἵγε
979 1677 1060 1759 πρός
1082 1676 1138 1741 τόν
1161 1674 1268 1759 ἀρχη-

163 1776 220 1860 ηόν
242 1776 350 1842 adrev
381 1779 585 1863 ἀφορῶντες,
611 1783 667 1844 κατ’
696 1778 777 1862 πρός
811 1777 846 1843 τό
877 1780 1057 1862 θαρσαλέον
1090 1778 1192 1842 αἰἷτοῦ
1213 1779 1269 1844 κατ’

104 1888 155 1940 ,15
165 1872 351 1958 ἡγεμονικόν
371 1876 623 1962 ἐκπληττόμενοι,
641 1881 757 1961 μένους
778 1879 991 1963 ἐπληροῦντο,
1012 1879 1068 1942 καί
1086 1880 1146 1942 τοῦ
1167 1878 1269 1943 ἀπλέ·

140 1996 222 2041 ’του
243 1975 370 2058 μόχθου
394 1975 449 2042 καί
467 1980 523 2042 τοῦ
545 1983 698 2062 συνεχοῦς
720 1982 860 2061 πολέμου
880 1983 1076 2063 παρηγορίαν
1095 1974 1268 2061 οὐμικρόν
1301 2017 1308 2025 -

165 2079 377 2157 ineptiorem
405 2080 512 2161 τρίτην
544 2073 600 2143 σόν
628 2079 750 2163 ἡμέραν
775 2078 895 2144 οδτωσί
915 2076 1121 2154 διανόσαντες
1155 2082 1189 2142 έν
1210 2101 1270 2142 πε-

165 2181 306 2266 ζοπορίηι,
328 2178 384 2241 καί
403 2181 466 2242 τεόν
488 2179 645 2260 πολεμίων
660 2178 737 2256 rode
759 2182 805 2254 εἰς
825 2187 937 2263 χεῖρας
957 2177 1109 2252 ἐλθόντας
1130 2177 1266 2256 πολλοὺς

165 2278 401 2360 ἀναλώσαντες,
434 2277 539 2344 ἵππων
570 2281 665 2363 τριοῖν
697 2283 902 2364 ἐκυρίευσαν,
932 2283 987 2345 καί
1016 2277 1147 2355 τούτους
1177 2278 1268 2364 αὐτῷ

120 2390 155 2450 2⁰
164 2379 387 2464 προσήνεγκαν,
407 2384 626 2458 δυσωποῦντες
648 2383 847 2467 έποχηθῆναι
866 2384 965 2464 μόνον
981 2381 1063 2464 μετό
1078 2378 1138 2446 tto
1160 2379 1268 2446 duac-

165 2483 284 2545 πιστοόν
307 2483 444 2560 καὶτοῖς
475 2481 569 2548 ποσίν
600 2484 706 2548 aare»
729 2487 902 2549 neoresium
925 2485 984 2568 τὴν
1005 2483 1165 2567 σωτηρίαν
1188 2475 1268 2545 dau·

164 2583 232 2651 τοῦ.
279 2581 294 2646 ὃ
335 2587 371 2648 δὲ
391 2588 496 2669 μηδὲν
523 2586 666 2651 τοιοῦτον
696 2584 960 2666 καταδεξάμενυς,
995 2585 1077 2669 μηδέ
1109 2579 1269 2669 ῥίψασπιν

166 2677 279 2751 όαυτόν
302 2683 471 2766 ἀποδεῖξαι
492 2690 608 2771 μέχρις
624 2687 720 2768 ἀκοῆς
743 2684 970 2770 ἀνασχόμενος,
992 2689 1194 2770 πληροφορεῖ
1206 2683 1268 2764 μὲν

240 2904 282 2957 11.
303 2897 403 2978 διιχάς
422 2904 452 2960 G.
473 2907 591 2960 correxit
606 2905 747 2961 Brunetus.

169 3097 265 3149 derunt
288 3111 337 3163 per
363 3097 449 3164 ipsum
467 3095 633 3150 botaniatem
654 3100 765 3166 eiusque
783 3096 882 3149 milites
900 3096 1074 3149 interlectos:
1103 3109 1161 3147 cam
1181 3103 1268 3146 autem

170 3168 246 3236 equis
267 3182 313 3220 eos
331 3167 437 3219 barbari
459 3169 611 3236 privassent
628 3170 774 3222 iaculorum
793 3169 900 3232 ictibus,
918 3176 1070 3229 manserunt
1087 3168 1191 3234 pedites
1210 3182 1276 3230 cums

170 3239 278 3291 Graecis
298 3239 422 3306 crepidis.
449 3241 490 3291 his
510 3249 596 3292 autem
616 3243 741 3294 abscissis
762 3244 789 3292 in
810 3240 945 3293 embadum
963 3240 1025 3291 loco
1045 3239 1185 3291 inferiores
1204 3252 1268 3304 par.

169 3318 210 3361 tes
229 3311 376 3378 gestabant.
414 3321 602 3381 nequotamen
621 3321 697 3365 scuta
708 3322 735 3364 et
746 3313 850 3382 gladios
868 3311 1045 3380 reliquerunt,
1062 3312 1109 3362 sed
1127 3307 1269 3362 militarem

170 3389 326 3433 armaturam
350 3383 435 3433 induti
461 3385 498 3436 ita
523 3385 593 3435 vium
619 3394 646 3437 et
674 3385 775 3437 bellum
794 3383 986 3450 perficiebant:
1006 3385 1181 3451 nequeenim
1201 3396 1268 3432 con.

169 3461 309 3504 cesserunt
328 3454 360 3504 iis
380 3454 499 3507 inducias
516 3455 607 3506 hostes
628 3456 674 3508 sed
695 3457 815 3507 vicissim
832 3453 966 3506 bellantes
985 3470 1034 3521 per
1055 3455 1112 3505 dies
1132 3462 1159 3504 et
1176 3460 1270 3503 nectet

107 3531 111 3536 “
171 3522 241 3574 omni
269 3539 327 3572 cum
351 3526 496 3576 certamine
521 3525 760 3592 proficiscebantur
779 3529 816 3577 ita
834 3534 863 3577 ut
882 3527 1003 3578 omuibus
1022 3526 1108 3577 modis
1126 3539 1190 3590 prae
1211 3537 1270 3573 om-

170 3591 249 3643 nibns
278 3593 370 3642 castris
395 3595 413 3642 ii
440 3597 591 3646 adstarent:
617 3598 664 3648 sed
690 3597 717 3647 hi
737 3598 844 3663 quidem
861 3597 895 3648 ad
913 3599 1006 3648 ducem
1025 3612 1100 3648 suum
1119 3601 1271 3660 spectantes

172 3671 200 3714 et
220 3663 277 3714 cias
307 3662 451 3713 animosum
475 3672 502 3713 et
526 3665 696 3728 imperiosum
715 3666 819 3716 vultum
837 3675 975 3731 stupentes
993 3667 1080 3715 animo
1095 3662 1272 3728 implebantur

172 3742 200 3786 et
216 3734 336 3787 immensi
364 3731 463 3804 laboris
484 3741 510 3784 et
530 3736 649 3785 continui
667 3733 733 3786 belli
752 3735 876 3786 solatium
894 3751 948 3785 non
965 3750 1076 3801 parvum
1093 3734 1155 3786 inde
1175 3748 1271 3801 repor-

171 3805 270 3858 tabant.
317 3806 425 3856 tertium
452 3804 534 3872 igitur
563 3805 632 3856 diem
659 3820 718 3856 cum
742 3807 780 3856 ita
802 3807 971 3873 peregissent
995 3805 1099 3873 pedites
1122 3811 1216 3856 euntes
1244 3813 1272 3857 et

173 3878 287 3930 bostium
303 3880 347 3945 qui
367 3879 394 3927 in
411 3891 503 3929 manus
523 3885 656 3928 venerunt
674 3876 771 3929 multos
787 3877 996 3942 interfecissent,
1018 3877 1094 3945 equis
1113 3877 1198 3930 tribus
1218 3891 1271 3944 po.

172 3950 213 4000 titi
230 3956 292 4000 sunt
308 3956 334 3999 et
354 3948 402 4000 hos
424 3949 448 3999 ei
469 3949 617 4001 attulerant
634 3957 770 4018 rogantes,
789 3957 819 4000 ut
836 3948 982 4000 veheretur
999 3948 1072 4002 solus
1091 3965 1149 4000 oum
1168 3945 1272 4000 duobus

172 4021 311 4089 armigeris
336 4029 362 4071 et
388 4035 479 4071 eorum
502 4021 614 4086 pedibus
633 4022 757 4073 crederet
775 4021 887 4073 salutem
906 4035 987 4073 suan.
1026 4019 1074 4071 ille
1094 4028 1182 4072 autem
1201 4019 1270 4070 nibil

172 4090 225 4142 tale
250 4093 386 4158 accipiens
405 4107 493 4161 neque
512 4102 614 4144 sentum
633 4093 805 4146 abiicientem
823 4108 853 4145 se
872 4091 1002 4159 praebere
1021 4108 1106 4160 usque
1125 4091 1270 4154 adsumam

172 4160 266 4216 volens
290 4166 419 4217 certiores
439 4179 485 4216 eos
510 4164 574 4216 iacit
597 4166 669 4233 ipse,
695 4181 724 4217 se
747 4164 892 4232 optabilius
918 4164 1017 4216 babere
1046 4166 1121 4216 ocius
1149 4161 1270 4213 omnibus

172 4237 247 4299 mori,
268 4249 345 4303 quam
357 4235 453 4288 fallere
469 4237 626 4302 promissum
647 4237 814 4290 damascum
834 4238 866 4289 iis
885 4237 1051 4289 constantiae
1069 4243 1097 4290 et
1115 4234 1269 4286 contentio.
