3017 4892
602 337 813 409 HISTORIA.
872 382 886 402 =
1183 336 1256 415 189

156 500 213 585 τὴν
233 501 296 565 τών
319 504 586 586 πορπολουμένων
611 496 691 587 δλην
721 500 1030 585 παρασκευάζοντος.
1069 501 1256 585 καταμαλά.

155 608 207 681 ξαι
230 605 264 668 δέ
284 602 454 686 βουληθείς
492 598 680 683 δβασιλεδς
710 599 766 687 την
785 605 842 666 τοῦ
862 602 1033 687 βαρβάρου
1054 601 1253 691 θρασύτητα,

153 708 270 785 πέμπει
298 701 397 791 τούτῳ
424 704 482 786 τὴν
510 705 596 769 ἰδίαν
613 713 747 787 γυναῖκα
787 700 866 784 μετά
897 708 959 768 τών
987 699 1113 771 ’παίδων
1140 709 1254 773 ον’τοτῖ.

152 808 392 886 μεταπέμπεται
414 804 449 867 δέ
469 804 523 869 καί
542 805 618 881 τούς
644 804 806 887 Τοάρκοος
830 806 1013 889 λαθραίως,
1032 800 1095 891 η’δη
1113 809 1152 894 τῇ
1167 802 1255 872 ‘Poo-

126 910 257 989 δμαίυν
275 906 513 990 προσβαλόντας
538 904 729 996 ἐπικρατείᾳ,
751 909 807 971 καί
826 911 958 981 πολλοῖς
973 903 1166 991 ὑποσχέσεσι
1182 912 1264 974 πεί-.
1338 934 1341 939 ·

89 1007 91 1011 ’
152 1012 205 1072 oo
225 1009 268 1096 spi
293 1006 461 1096 ‘Pooosle'rp
491 1010 780 1089 ἀνταγωνίσασθαι
815 1005 832 1070 δ
862 1008 896 1070 δέ
912 1006 1090 1085 Ῥουσέλιος
1111 1004 1192 1095 δρας
1217 1014 1253 1079 έκ

154 1107 391 1192 Χρυσοπδλτως
418 1111 462 1183 εἰς
485 1107 541 1192 την
564 1104 783 1192 Νικομήδειαν
804 1106 986 1184 σπουδαίως
1015 1106 1254 1195 δπανεχώρησε.

151 1204 338 1289 βουλεύεται
369 1204 575 1299 τοίνυνχτοάς
598 1207 794 1291 στρατιώτας
825 1210 888 1271 τών
906 1204 1073 1287 Ῥωμαίων
1093 1208 1253 1295 δποποιη-

151 1314 273 1375 eaesae
305 1312 361 1374 καί
389 1312 433 1385 εἰς
461 1310 579 1393 πλῆθος
609 1310 692 1391 μέγα
719 1310 773 1375 τὸν
807 1313 922 1376 οἰκεῖον
949 1308 1076 1392 άγτῖραι
1108 1312 1253 1394 στρατόν.

106 1418 142 1475 10
152 1411 208 1475 καί
229 1408 281 1474 διά
306 1413 397 1475 τοῦτο
421 1413 482 1475 τών
504 1410 628 1491 δεσμών
657 1409 822 1486 ἀπολύσας
855 1406 910 1474 τδν
930 1397 1097 1495 Καίσαρα,
1120 1410 1175 1475 καί
1194 1435 1253 1497 φτ·

149 1514 351 1596 λανδρώποις
376 1509 541 1590 δεξιώσεσι
558 1509 615 1586 τάς
644 1510 752 1596 πρώην
774 1510 927 1586 κακώσεις
955 1507 1044 1595 παρά
1067 1513 1174 1576 πάσαν
1195 1516 1279 1579 δε-ί.
1298 1504 1386 1575 tots.
1422 1505 1426 1511 ’

148 1614 311 1695 ραπεάσας
332 1610 456 1696 έλπίδα,
478 1616 612 1693 βασιλέα
627 1614 796 1693 Ῥωμαίων
817 1616 927 1676 τοῦτον
952 1613 1126 1698 άνίστησιν,
1148 1613 1251 1701 τίφη-

147 1716 237 1793 μίαις
268 1716 325 1777 καί
357 1710 559 1797 παρασήμοις
587 1716 765 1793 βασιλικοῖς
793 1710 829 1775 τδ
862 1714 978 1795 κράτος
1008 1713 1092 1799 crispi
1113 1722 1254 1797 μεγαλα·
1299 1734 1304 1743 ·

136 1815 274 1897 Ιπρειπιός
295 1812 643 1896 συγκαταστησάμενος.
685 1814 754 1875 ines*
785 1815 821 1875 δὲ
850 1810 928 1894 μετά
958 1810 1016 1897 την
1038 1812 1251 1899 άναγόρευσιν

106 1907 139 1984 15
149 1908 260 1979 τούτου
283 1912 411 1997 άγγελία
442 1938 488 1988 τις
509 1916 570 1979 τών
595 1909 742 1997 Τοάρκων
764 1906 872 1989 αὖτοῖς
894 1916 1033 1998 ἐπῆλθε,
1054 1918 1250 2007 πανστρατιᾷ

148 2013 202 2083 τδν
222 2012 388 2099 λεγόμενον
404 2015 541 2102 Σόφωνα
563 2014 599 2080 τδ
624 2008 697 2101 ὅρος
720 2012 915 2099 ὑπερβάντες
937 2014 1041 2099 άγχοῦ
1067 2020 1125 2083 τοῦ
1144 2042 1251 2105 φρου-

148 2120 220 2199 ρίου
246 2119 302 2199 ιῆς
323 2118 515 2199 Μεταβολῆς
543 2116 600 2201 τη“ν
635 2116 840 2199 παρεμβολήν
868 2112 1068 2199 έποιησαντο.
1121 2124 1185 2183 τών
1213 2120 1250 2183 δέ
1301 2184 1309 2200 ,

147 2218 271 2281 σκοπών
307 2214 563 2299 ἀπαγγειλάντων
594 2212 638 2291 ώς
669 2239 749 2291 τινες
779 2220 941 2297 πολέμιοι,
966 2218 1007 2279 ου’
1031 2220 1159 2294 πλείους
1187 2221 1249 2284 τών

146 2320 235 2382 πέντε
259 2310 280 2401 η’
301 2318 334 2396 ἓξ
353 2319 520 2400 χιλιάδων,
545 2319 655 2393 αάτοῖς
672 2315 884 2403 ἐπεφάνησαν,
907 2313 1009 2392 εάθδς
1033 2316 1050 2381 o‘
1070 2317 1250 2395 Ῥουσέλιος

102 2416 182 2491 soto*
205 2414 351 2482 ἐνυάλιον
374 2419 533 2499 άλαλάξαι
555 2424 764 2502 προσέταττε,
786 2422 841 2503 καί
860 2415 893 2483 τδ
917 2417 1142 2503 στρατιωτικόν
1162 2412 1249 2485 άπαν

146 2516 298 2599 έξώπλιζε
321 2516 402 2603 πρδς
433 2519 487 2585 τδν
511 2520 659 2600 πόλεμον.
706 2513 789 2613 η’σαν
821 2522 856 2584 δὲ
879 2519 995 2596 πάντες
1015 2517 1046 2586 οἱ
1064 2519 1166 2611 ταύτην
1186 2547 1249 2587 σο-

146 2618 388 2704 οτροιτεοόμενοι
410 2618 553 2707 Φράγγοι
574 2616 759 2687 ἑπτακόσιοι
781 2621 835 2685 κατ’
862 2624 1031 2704 δισχιλιοι·
1054 2623 1160 2696 ου’δείς
1183 2620 1247 2705 γάρ

145 2716 191 2785 ἔτι
209 2724 273 2785 τών
297 2720 466 2804 Ῥωμαίων
492 2725 600 2799 ariscio
633 2719 815 2809 προσερρδη
847 2718 901 2786 διά
924 2721 959 2786 τδ
982 2720 1040 2807 τὴν
1061 2718 1172 2809 φήμην
1192 2725 1248 2805 τῆς

217 2887 242 2938 1.
262 2888 517 2961 παρασκευάζοντα
536 2886 566 2942 G·

146 3035 250 3101 liberis,
269 3037 382 3090 arcessit
401 3038 479 3090 etiam
498 3036 595 3107 'lurcas
616 3035 683 3088 clam
702 3036 753 3088 iam
767 3034 927 3089 Graecorum
946 3035 1112 3103 provinciam
1130 3048 1244 3104 aggres.

145 3126 189 3164 sos
210 3117 236 3161 et
254 3109 344 3163 multis
363 3111 500 3178 promissis
519 3108 661 3179 persuadet
678 3118 707 3161 ut
727 3107 839 3161 Ruselio
858 3108 1071 3160 adversarentur.
1119 3106 1245 3159 Ruselius

145 3191 233 3235 autem
252 3190 338 3234 castra
356 3198 467 3236 movens
488 3180 649 3249 chrysopoli
667 3180 848 3234 Nicomediam
872 3180 992 3232 studiose
1009 3179 1139 3230 recessit:
1158 3178 1246 3229 studet

144 3255 227 3323 igitur
250 3253 352 3307 milites
372 3255 532 3309 Graecorum
561 3253 612 3306 sibi
637 3252 785 3325 conciliare
811 3251 886 3303 etad
910 3251 1104 3303 multitudinem
1122 3263 1244 3318 magnam

145 3341 220 3379 suum
239 3340 337 3394 cogere
359 3329 519 3379 exereitum:
539 3332 619 3395 atquo
637 3326 697 3378 ideo
717 3323 834 3377 vinculis
857 3324 967 3377 solvens
987 3323 1128 3377 Caesarem
1148 3329 1174 3374 et
1192 3320 1244 3392 ¹³⁰⁵.

145 3398 234 3463 nigris
253 3398 345 3463 gratiis
364 3400 468 3465 priores
494 3399 604 3450 iniurias
630 3405 735 3465 praeter
760 3412 863 3447 omnem
883 3413 957 3463 spem
982 3395 1132 3463 corrigens,
1152 3409 1243 3461 regem

147 3468 307 3519 Graecorum
327 3468 397 3519 hune
415 3471 533 3521 restituit
551 3468 754 3521 salutationibus
783 3476 810 3519 et
827 3467 976 3536 insignibus
995 3468 1078 3535 regiis
1097 3466 1243 3535 potentiam

147 3540 172 3589 ei
190 3538 330 3603 magnifice
350 3540 523 3591 constituens.
562 3555 619 3589 cum
638 3548 725 3590 autem
740 3547 801 3605 post
815 3538 1022 3591 declarationem
1036 3538 1115 3589 buius
1134 3536 1242 3588 nuntius

145 3608 286 3659 'lurcorum
304 3609 337 3659 iis
355 3610 504 3671 afferretur,
523 3617 580 3659 toto
598 3624 656 3659 cum
677 3607 797 3659 exercitu
815 3608 967 3676 Sophonem
985 3610 1031 3677 qui
1049 3610 1145 3660 dicitur
1162 3622 1243 3658 mon-

145 3687 197 3730 tem
215 3680 375 3746 transgressi
393 3692 478 3745 prope
496 3677 634 3729 castellum
645 3678 796 3730 bletaboleu
814 3687 901 3729 castra
918 3685 1073 3745 posuerunt.
1111 3676 1242 3744 quodcum

145 3749 328 3817 speculatores
346 3750 522 3813 nuntiassent,
536 3748 627 3799 hostes
641 3745 796 3810 nonnullos,
815 3749 977 3815 conplures
996 3749 1112 3816 quinque
1131 3755 1176 3807 aut
1193 3762 1243 3799 sex

145 3820 252 3873 milibus
271 3820 324 3873 sibi
342 3822 508 3889 apparuisse,
527 3820 614 3872 statim
632 3817 759 3870 Ruselius
777 3818 920 3871 clamorem
939 3818 1066 3871 bellicum
1084 3818 1146 3871 tolli
1163 3820 1243 3871 iussit

145 3900 172 3945 et
191 3894 337 3945 exercitum
357 3894 509 3947 universum
527 3892 559 3943 ad
575 3890 674 3944 bellum
694 3889 849 3956 apparabat.
869 3899 944 3943 erant
962 3899 1050 3943 autem
1068 3905 1176 3955 omnes,
1194 3892 1242 3959 qui

144 3982 203 4017 curn
231 3965 283 4017 hoc
308 3964 474 4031 militarent,
500 3963 594 4016 Franci
623 3964 786 4030 septingenti
813 3971 841 4014 et
869 3962 911 4015 bis
938 3962 1023 4016 mille.
1067 3978 1147 4015 nemo
1170 3954 1241 4014 eslim

145 4039 279 4091 etiamtum
305 4038 464 4091 Graecorum
492 4038 525 4089 iis
544 4034 707 4098 adduxerat,
733 4034 797 4100 quia
815 4034 884 4085 fama
909 4033 1098 4088 declarationis
1117 4035 1240 4089 Caesaris

74 4134 76 4139 v
142 4110 256 4163 nondum
276 4109 414 4178 divulgata
434 4117 460 4160 et
478 4108 566 4160 andita
585 4116 642 4159 erat
662 4107 780 4160 Graecis.
818 4122 877 4157 cnm
901 4115 989 4159 autem
1006 4108 1157 4162 detinerent
1176 4123 1241 4159 cur·

143 4198 198 4234 sum
218 4190 245 4233 et
263 4182 363 4253 caesar
382 4189 408 4231 et
427 4182 531 4249 quidam
550 4179 726 4241 nobiliorum,
745 4186 776 4229 ut
794 4178 868 4230 clare
885 4176 1239 4246 penpicerentmultitudi.

142 4268 201 4307 nem
220 4254 453 4318 adversariorum,
472 4266 526 4305 non
546 4260 604 4317 est,
629 4249 740 4305 baselio
767 4249 816 4303 ille
834 4252 888 4317 sit,
907 4250 1060 4320 ferendum,
1081 4268 1171 4307 eoram
1188 4265 1240 4307 ses
