3017 4892
212 267 221 292 Ι

548 317 754 384 ursroms.
1140 307 1214 382 coe
1299 266 1304 270 ⁷

88 485 273 569 ραδσῦναι
294 483 470 546 κατέθεντο.
512 477 658 562 παριδών
681 473 739 542 οὖν
769 477 786 542 o‘
810 478 962 560 βασιλεάς
989 477 1046 563 τήν
1075 481 1139 542 τάν
1161 473 1218 542 ἐσ-

91 587 285 671 φαλμένων
306 584 413 656 ου’τοΐς
436 580 651 663 κακοήθειαν,
680 582 743 644 τάν
768 579 971 665 ἐγκλημάτων
1003 581 1132 654 τούτους
1162 575 1217 642 διά

91 685 387 768 πλήθους,ε’λέους
410 683 578 748 άπέλουσε.
624 686 679 745 καί
695 681 932 764 χειρωσάμενος
956 680 1009 745 τὸν
1032 676 1215 763 άλάστορα,

95 786 239 868 δημίων
261 780 361 846 αάτόν
378 783 490 864 χερσὶν
515 780 555 843 ου’
580 783 747 863 παράδοτε,
768 780 823 845 κατ’
844 780 946 864 πάσης
966 782 1148 862 σωματικῆς
1169 804 1218 842 τι·
1276 807 1286 822 ‘

58 881 240 964 5μωριάς
262 881 426 962 ἀλλότριον
447 876 625 964 διετήρησε,
649 874 780 945 δικαίων
804 882 838 945 δὲ
861 876 986 964 άνδρών
1001 888 1108 962 χεῖρες
1120 876 1217 943 ου’τὸν

97 979 336 1061 εἰσδεξάμενοι
357 984 413 1062 τῆς
435 982 586 1062 κοσμικῆς
601 977 688 1055 ι’λάος
709 982 916 1064 ἐλευθεροῦσι
937 983 980 1043 δι’
1000 972 1216 1061 άποκάροεως.

98 1085 373 1164 μεταταξάμενος
396 1084 431 1144 δὲ
454 1078 533 1160 πρός
558 1078 612 1144 τόν
632 1081 806 1161 μοναδικὸν
827 1080 898 1161 βίον
920 1081 975 1145 καί
994 1083 1081 1166 φυγῇ
1104 1081 1218 1162 ἐζημι-

101 1181 197 1268 ώθη,
211 1184 373 1267 ,νησιώτης
394 1179 568 1266 γενόμενος,
587 1185 642 1244 κατ’
659 1181 777 1262 μαθών
790 1175 864 1245 ὅσον
874 1185 970 1246 κακόν
991 1186 1059 1246 ἐστι
1080 1176 1116 1245 τά
1138 1167 1218 1263 πρὸς
1237 1202 1245 1251 ;

103 1279 188 1358 τούς
212 1276 421 1366 εάεργὲταςῆ
448 1282 915 1363 συμπαθοῦνταςάγνωμονεΐν.
1226 1296 1351 1358 amp,

50 1399 93 1452 10
220 1374 322 1458 Οὗτος
344 1386 378 1446 ἐκ
402 1386 524 1447 πολλῶν
545 1382 598 1445 κατ’
618 1380 765 1464 μεγάλων
778 1380 885 1464 ἕτερος
899 1376 997 1457 ἆθλος
1013 1385 1056 1470 τῷ
1076 1385 1218 1462 βασιλεῖ,
1261 1446 1264 1454 λ

106 1483 196 1546 κατά
223 1478 381 1564 πάρεργον
403 1485 563 1558 devotata.
608 1483 663 1544 καί
680 1482 713 1545 τὸ
736 1485 795 1560 μὲν
817 1479 908 1562 ἔργον
934 1485 1029 1544 τοῦτο
1048 1485 1216 1556 τοιοῦτον,

108 1586 168 1647 κατ’
187 1576 263 1646 ὅσον
285 1582 390 1666 άνηκει
412 1582 492 1664 πρὸς
515 1579 615 1644 adedo
635 1583 791 1662 βασιλέα,
815 1583 907 1644 οάδὲν
929 1582 1137 1664 παρεσίνατο,
1163 1578 1219 1664 τὴν
1279 1629 1281 1633 -

111 1687 143 1746 δ’
177 1679 264 1746 ἓώαν
293 1685 400 1746 πᾶσαν
422 1683 561 1764 μεγάλης
586 1682 694 1756 κακίας
721 1682 777 1743 καί
805 1680 908 1765 λώβης
936 1680 1130 1765 ἐπλήρωσεν.
1175 1680 1220 1756 τάς

113 1780 176 1864 γάρ
201 1778 335 1845 άποπτοι
368 1778 593 1867 κατεφάνησαν
608 1756 651 1846 ὀἱ
684 1780 763 1865 πρὸς
793 1779 999 1867 ἐκστρατείαν
1031 1779 1220 1846 άποστελλό-

66 1893 103 1946 15
112 1905 219 1963 μενοι,
243 1880 297 1945 καί
317 1883 477 1964 νεωτέρων
498 1881 693 1964 πραγμάτων
706 1880 859 1966 ἐφίεσθαι
873 1880 1145 1964 κατεμνώσθησαν,
1166 1884 1223 1947 καί

116 1981 208 2067 παρά
231 1985 324 2046 τοῦτο
348 1985 430 2065 μηδὲ
454 1980 556 2062 τάξεις
587 1985 641 2046 κατ’
666 1982 783 2064 λόχους
815 1982 989 2068 φυλάττειν
1020 1985 1075 2046 κατ’
1103 1983 1221 2062 νόμους

115 2081 363 2167 στρατευμάτων
385 2082 625 2169 ὑπενοήθησαν,
656 2086 710 2147 κατ’
731 2088 770 2170 τῇ
800 2078 918 2171 ἕσπέρην
947 2083 1042 2148 πάλιν
1073 2083 1220 2166 γεγόνασι

116 2180 373 2267 μεταπομπιμοι,
390 2183 603 2267 μεμενήκασιν
626 2183 655 2248 οἱ
678 2187 795 2267 ἐχθροί
813 2183 852 2248 τά
876 2189 955 2269 φτλα
986 2182 1111 2260 ἑαυτοῖς
1126 2182 1218 2249 -κατά

119 2285 327 2367 Χριστιανῶν
348 2280 562 2367 ἐργαζόμενοι,
584 2289 639 2348 καί
661 2288 910 2367 παρακινοῦντες
930 2285 1025 2347 πλέον
1056 2277 1078 2368 ἢ
1103 2282 1221 2366 πρότε-

73 2404 111 2458 20
121 2407 177 2467 ρον
196 2384 252 2468 τὴν
275 2383 380 2469 άργην,
406 2382 462 2448 κατ’
480 2390 715 2467 πολιορκοῦντες
737 2385 774 2448 τά
797 2380 957 2468 φρούρια,
989 2388 1045 2448 καί
1067 2381 1220 2447 πάνδεινα

122 2485 201 2549 κακά
213 2492 277 2560 τοϊς
301 2487 508 2566 ἐμπίπτουσιν
518 2485 733 2568 ἐργαζόμενοι.
779 2489 816 2549 τά
830 2487 941 2550 τοάεου
962 2486 1072 2565 γένοιτ’
1093 2478 1132 2546 dv
1146 2505 1220 2564 σχε-

123 2585 292 2668 τλιώτερον
314 2584 369 2648 καί
398 2583 678 2670 παρανομώτερον,
709 2579 784 2650 άταν
806 2593 869 2658 τοῖς
899 2587 1028 2670 ἐχθροῖς
1063 2579 1221 2666 τοσαάτην

126 2682 223 2768 ρὀπῆν
244 2680 260 2748 ὅ
283 2692 339 2748 τοῦ
361 2688 517 2766 βασιλέως
545 2683 731 2769 άντίρροπος
744 2690 862 2752 δέδωκε
885 2685 941 2750 καί
959 2687 1144 2770 τηλικοῦτον
1163 2707 1223 2747 κυ-

130 3006 311 3076 requirebant,
341 3013 420 3075 atque
448 3007 485 3060 ita
511 3009 623 3074 primam
647 3015 784 3059 auctorem
809 3015 934 3059 terrenae
961 3008 1100 3075 pravitatis
1118 3007 1225 3059 tradem

133 3079 301 3132 sustinebant.
322 3079 524 3146 praetervideas
543 3080 626 3147 igitur
643 3095 692 3130 rex
709 3079 844 3146 lapsorum
863 3080 1031 3146 pravitatem,
1050 3077 1155 3146 probris
1174 3076 1224 3129 bos

133 3151 293 3202 multitudine
319 3151 519 3202 misericordiae
544 3150 685 3214 liberavit,
711 3159 737 3202 ct
756 3151 865 3204 domans
890 3150 1053 3213 scelestum,
1073 3149 1225 3200 carnificum

135 3238 189 3274 eum
206 3222 324 3274 manibus
344 3237 396 3273 non
415 3223 522 3275 tradidit
546 3231 573 3274 ot
601 3224 671 3273 omni
702 3225 822 3290 corporis
849 3236 936 3289 poena
954 3221 1071 3274 alienum
1090 3220 1225 3273 servarit:

134 3297 254 3346 iustorum
273 3302 360 3345 autem
380 3296 497 3347 virorum
518 3310 608 3347 manus
629 3311 687 3345 eum
703 3297 868 3363 accipientes
887 3301 994 3345 terrena
1012 3293 1091 3344 sorde
1109 3291 1227 3344 liberant

135 3373 251 3416 tonsura:
271 3374 350 3432 atquc
369 3375 474 3432 arrepta
490 3367 647 3418 monachica
660 3367 715 3418 vita
737 3366 833 3418 exsilio
851 3366 992 3417 mulctatus
1012 3373 1062 3428 cst,
1080 3364 1238 3416 insularum.

135 3435 216 3485 incola
236 3435 330 3499 iactus,
358 3443 385 3485 at
402 3437 571 3505 intelligens,
590 3437 669 3505 qual'e
696 3430 768 3489 esset
785 3437 891 3501 malum,
918 3438 945 3488 in
969 3436 1162 3490 beneficientes
1181 3432 1227 3485 rel

136 3504 313 3557 misericordes
328 3507 458 3572 ingratum
477 3522 546 3558 esse.

227 3593 283 3645 Hoc
304 3609 337 3644 ex
350 3594 439 3645 multis
460 3601 487 3644 et
504 3596 605 3661 magnis
620 3594 691 3646 aliud
706 3603 839 3646 certamen
854 3613 945 3665 arege
963 3599 1038 3664 quasi
1057 3597 1228 3650 subsecivum

139 3673 274 3735 peractum,
295 3673 375 3733 atque
388 3665 515 3731 hocopus
531 3665 595 3728 tale,
610 3655 734 3732 quantum
746 3667 779 3717 ad
788 3682 880 3734 regem
891 3669 975 3733 ipsum
988 3669 1148 3733 pertinebat,
1159 3665 1228 3718 nibil

140 3737 215 3790 damni
230 3734 328 3799 attulit,
342 3738 471 3788 orientem
483 3744 572 3786 autem
583 3750 686 3786 omnem
701 3752 796 3805 magno
806 3738 875 3789 malo
890 3746 917 3788 et
931 3737 1080 3789 calamitate
1095 3738 1227 3805 implevit.

143 3807 249 3860 atenim
269 3809 387 3875 suspecti
406 3815 586 3874 apparuerunt
605 3809 650 3874 qui
670 3809 701 3858 ad
722 3809 918 3875 expeditionem
931 3810 1005 3861 missi
1025 3817 1110 3873 erant,
1131 3817 1158 3860 et
1174 3823 1228 3860 no.
1251 3849 1254 3857 .

142 3882 178 3932 vis
196 3879 272 3930 rebus
291 3879 398 3931 studere
418 3880 519 3948 cogniti
539 3887 609 3942 sant,
630 3887 656 3931 et
671 3888 811 3944 praeterea
829 3895 864 3930 ne
885 3881 992 3932 ordines
1012 3880 1118 3948 quidem
1138 3888 1165 3931 et
1176 3896 1227 3951 ag.

142 3952 203 4003 mim
222 3965 382 4003 conservare
403 3959 428 4001 et
455 3951 530 4018 leges
552 3951 724 4014 exsucitama,
752 3952 777 4000 in
798 3951 977 4018 suspicionem
996 3960 1137 4016 venerunt,
1156 3960 1183 4003 et
1200 3953 1227 4003 ia

144 4023 297 4074 occidentem
318 4037 408 4074 rursus
428 4015 535 4074 fuerunt
550 4021 672 4087 reduces,
691 4031 845 4073 manserant
864 4023 955 4074 hostes
974 4032 1048 4091 grata
1067 4023 1119 4075 sibi
1137 4032 1229 4075 contra

145 4094 297 4148 Christianos
317 4093 448 4144 iacientes
461 4101 634 4145 etmoventes
654 4095 737 4160 magis
752 4109 829 4161 quam
848 4102 926 4144 antea
940 4095 1004 4146 iram
1025 4103 1051 4146 et
1070 4110 1229 4163 oppugnan-

147 4173 181 4218 tes
199 4164 316 4229 csstclla,
338 4173 364 4216 et
382 4163 462 4217 valde
483 4165 539 4216 dira
560 4164 630 4216 mala
649 4165 827 4217 incidentibus
848 4166 988 4218 iacientes.
1016 4165 1084 4231 Quid
1101 4167 1153 4217 boc
1171 4167 1231 4217 fieri

148 4245 225 4304 potest
241 4237 382 4293 scelestius
402 4244 428 4286 et
446 4237 578 4303 iniustius,
600 4236 704 4306 quando
718 4236 840 4290 hostibus
853 4245 949 4290 tantam
969 4239 1021 4292 vim
1042 4239 1114 4308 regis
1132 4236 1231 4290 adver.
