3017 4892
585 321 792 394 numam
1201 312 1256 392 tt·

54 555 59 562 ,
153 483 258 560 αιίτόν
278 485 487 569 συγχωρῆσαι
508 479 617 568 φόνοις
636 481 691 548 καί
711 488 851 568 σφαγαίς
876 461 1094 575 ἀνθρυνιιίναις
1113 486 1258 568 μιανθῇ.

152 613 209 656 ναι
232 587 289 672 τὴν
307 581 527 668 μεγαλόπολιν.
581 587 636 648 καί
654 582 734 669 πρὸς
766 583 807 647 τὰ
822 610 824 613 ’
838 580 962 665 ἐρυθροὶ
983 585 1099 650 πέδιλα
1119 582 1258 652 ιιαειδιόν

147 685 227 756 “ord
250 684 369 754 ιαότυι”
391 677 477 750 εἶπεν
495 682 534 746 “d
560 682 698 766 Μιχαὴλ
726 686 766 748 ου’
788 684 965 767 προδίδοτον
985 682 1044 768 την
1064 677 1259 766 οάσίβειανῗ

154 793 213 856 ιιαί
229 789 338 871 πόρρω
370 787 432 849 τιόν
457 777 575 850 ἓαυτοό
610 786 713 850 ποδοῖν
742 784 845 849 ταῦτα
874 783 1168 872 σφενδονησάμενος
1200 781 1261 868 τὴν

125 887 299 976 5ιιεφαλίην
328 886 429 952 ἔκλινε
458 893 523 961 τοῖς
552 884 778 951 ἀποσταλεῖσιν
809 887 855 960 είς
874 883 931 969 την
955 884 1082 969 καυρόν.
1125 886 1181 950 ναί
1203 887 1260 970 τοῖς

155 991 323 1072 βασιλικῆς
351 987 567 1070 λαμπρότητος
587 983 645 1070 την
672 983 852 1070 μοναχιιιὴν
882 989 1042 1052 πολιτείαν
1065 987 1291 1070 εάχαρότεοςλ.
1307 993 1398 1051 178τ.

156 1090 441 1171 ἀνταλλαξάμενος,
463 1087 518 1152 καί
537 1084 685 1172 τρόχινυν
701 1084 809 1173 ῥόιιος,
828 1092 883 1171 τῆς
905 1084 1094 1168 εάδαίμονυς
1116 1085 1263 1170 ἀμπεγόᾳ

157 1213 214 1275 της
229 1189 288 1254 ιιαί
300 1191 486 1271 πολυτίμου,
507 1191 753 1271 παραπέμπεται
775 1186 962 1273 ου’θημερόν
977 1192 1196 1273 pomposae»
1209 1191 1265 1254 καί

157 1298 225 1366 τοῖς
257 1299 411 1374 μοναχυῑς
435 1287 693 1371 συνταττόμενος.
748 1291 881 1370 δέχεται
909 1290 1020 1356 τοῦτον
1047 1288 1062 1352 ό
1093 1287 1264 1371 ἀρχιερεός

113 1416 149 1472 10
160 1390 351 1474 συναντήσει
384 1392 481 1475 δῆθεν
510 1387 728 1477 φιλανθρώπῳ
750 1388 805 1452 καί
833 1390 1013 1479 μειδιόση,
1042 1390 1096 1455 καί
1129 1385 1266 1469 “palpo'’

157 1491 239 1576 πρὸς
260 1491 355 1556 αὐτὸν
379 1489 516 1558 έπειπαόν
539 1487 696 1576 φιλήματι
718 1493 830 1555 τοῦτον
851 1486 1039 1567 ἀσπάζεται.
1083 1487 1100 1551 ό
1125 1481 1265 1562 δό“θνός
1322 1504 1326 1514 “

158 1615 195 1670 σε
218 1595 323 1672 ἀξίως,
342 1593 508 1675 ἀρχιερεό,
530 1587 783 1656 ἀντασπάσαιτο”
804 1586 921 1674 φήσας,
937 1590 997 1675 μιᾷ
1018 1591 1081 1653 τεόν
1103 1609 1266 1670 nospsos-

158 1693 259 1774 χιιιιόν
280 1694 396 1771 οἰκιῶν,
417 1693 454 1776 τῇ
479 1687 630 1756 ἀνατότω
651 1685 882 1775 ἀναχυρητιιιῇ,
909 1689 1136 1771 παραδίδοται,
1167 1690 1266 1768 ficet„

160 1791 278 1865 λεόσας
300 1793 356 1855 ἕνα
374 1787 470 1872 μόνον
489 1786 645 1856 ἐνιαυτόν.

116 1912 151 1966 15
261 1888 432 1972 Είσόγεται
448 1895 552 1956 τοίνυν
574 1888 590 1954 ό
614 1888 781 1974 Κομνηνός
802 1886 981 1964 διαπόντιος
1005 1889 1086 1971 μετὰ
1109 1895 1167 1956 του·
1188 1887 1264 1958 στί·
1273 1919 1298 1958 u.
1308 1902 1385 1968 105⁷,

162 1997 220 2058 λου
245 1988 385 2071 παντός,
414 1990 588 2076 ου’φημίαις
614 1990 670 2055 καί
694 1993 891 2073 ἀλαλαγμοῖς
923 1993 980 2056 καί
1009 1991 1190 2075 σαλπιγγαν
1211 1976 1317 2056 arot'31·
1332 1976 1403 2044 Μ·

162 2093 279 2156 λοιπῶν
302 2091 443 2174 ἀργόνων
465 2091 531 2175 η’χῇ
552 2091 791 2172 σεμνυνόμενος.
846 2094 902 2156 καί
926 2091 1033 2156 τοῦτον
1053 2090 1264 2174 ἀποδέχονται

162 2189 200 2258 τό
224 2196 374 2274 βασίλεια
405 2195 479 2276 περί
510 2194 617 2277 δειλην
642 2193 761 2273 ἀψίσιν,
786 2196 999 2276 σεπτεμθρίου
1020 2193 1121 2278 μηνός
1149 2194 1205 2277 τῆς
1223 2190 1266 2258 ια’

163 2294 356 2368 τ’νδινιτιιόνος
379 2290 593 2374 ἐνισταμένου.
649 2296 687 2382 τῇ
710 2296 737 2358 δ’
760 2291 914 2378 inceptos
930 2278 1055 2381 προόδῳ
1075 2296 1205 2382 λαμπρᾷ
1226 2295 1266 2379 τῇ

119 2395 220 2486 tired
239 2397 320 2460 θεοῦ
351 2393 470 2483 μεγάλη
507 2395 654 2483 ἐκκλησίᾳ
673 2392 756 2474 μετό
779 2397 896 2477 πολλῆς
923 2390 1109 2480 προσελθών
1129 2395 1187 2479 υῆς
1207 2395 1264 2458 δε-

163 2496 331 2580 ρυφορίας,
349 2495 382 2560 τό
407 2498 523 2581 στέφος
547 2497 596 2560 ἐπ’
614 2493 799 2576 όιιρίβαντας
821 2494 876 2560 διό
895 2494 1006 2579 χειρός
1025 2497 1086 2560 τοῦ
1105 2493 1265 2580 corperis-

151 2618 224 2678 .χου
246 2599 421 2678 κομίζεται.
474 2599 529 2661 καί
558 2595 684 2681 πρόεισι
713 2599 906 2681 στεφανίτης
927 2598 1059 2678 εἰιεῐθεν,
1086 2594 1182 2673 δόξαν
1200 2620 1266 2658 πα.

165 2698 328 2781 ρευχηιιοὸς
347 2695 479 2781 ἀνδρίας
499 2694 554 2764 καί
566 2695 786 2781 ἀνδραγαθίας
805 2700 952 2781 μεγίστης
967 2693 1008 2760 orl
1027 2702 1095 2771 ταῖς
1118 2695 1266 2781 όπηιιδονς

169 3015 228 3078 pter
246 3022 276 3062 se
296 3007 464 3072 concedere,
483 3007 614 3077 sangnine
634 3016 660 3060 et
684 3007 809 3060 caedibus
827 3005 963 3063 homiuum
984 3004 1156 3060 contaminari
1173 3005 1266 3066 urbem

169 3080 283 3147 regiam,
303 3087 330 3130 et
349 3079 382 3132 ad
401 3078 480 3148 rubra
500 3079 607 3134 sandala
626 3081 794 3148 despiciens:
813 3085 922 3148 propter
940 3077 1017 3142 haec,
1039 3078 1134 3146 iuquit,
1151 3077 1266 3133 tlichael

169 3165 222 3202 non
248 3151 336 3216 prodit
354 3151 498 3224 pietatem,
529 3160 555 3202 et
574 3151 655 3220 longe
680 3153 769 3203 esuis
790 3150 902 3216 pedibus
920 3149 987 3202 haec
1005 3149 1169 3218 detorquens
1188 3157 1267 3216 ceput

169 3222 257 3290 posuit
274 3222 362 3273 missis
381 3221 550 3288 tondendum,
571 3230 596 3275 et
606 3224 681 3292 regia
690 3222 889 3292 magnificentia
898 3219 1079 3274 monachicam
1094 3222 1266 3274 constitutio.

168 3308 227 3344 nem
240 3291 338 3346 leniter
350 3302 452 3348 mutnus
465 3303 491 3346 et
508 3295 638 3348 sordidam
652 3304 754 3347 vestem
764 3294 843 3346 beato
855 3302 883 3345 ct
895 3291 1039 3346 honorario
1058 3293 1165 3355 amictu,
1175 3293 1266 3350 dimit-
1329 3340 1333 3350 f

169 3364 231 3415 titur
247 3365 334 3416 stetim
347 3365 423 3432 nigra
435 3375 511 3419 veste
527 3377 553 3419 et
567 3367 593 3418 in
608 3366 798 3420 monachorum
811 3381 948 3418 numerum
963 3364 1072 3417 relatus.
1089 3365 1185 3429 recipit
1196 3364 1266 3416 hunc

169 3435 290 3500 pontifex
307 3437 435 3487 maximus
454 3439 606 3492 conditione
625 3438 747 3490 humanm
766 3444 793 3490 et
811 3437 906 3501 urrisu,
926 3446 953 3488 et
971 3436 1033 3489 vale
1047 3436 1087 3488 ed
1098 3450 1158 3487 eum
1176 3436 1267 3488 dicens

170 3503 262 3556 osculo
280 3503 351 3554 hune
371 3509 549 3575 prosequitur.
575 3508 624 3560 ille
642 3505 744 3573 eutem,
764 3509 829 3561 deuo
848 3517 875 3560 te
894 3509 986 3629 (λόφος,
1005 3505 1127 3576 pontifex
1143 3507 1267 3568 maxime,

172 3581 280 3624 econtra
299 3585 491 3642 prosequatur,
512 3595 570 3630 cunr
589 3580 719 3642 dixisset,
739 3581 786 3630 uni
804 3582 919 3646 patriarc
940 3581 1040 3631 icarum
1059 3578 1205 3640 domorum,
1226 3575 1269 3626 ul-

172 3644 288 3695 tissimae
315 3643 453 3696 solitudini
472 3647 583 3698 traditur
601 3657 740 3716 postquam
757 3651 883 3715 regnavit
901 3664 980 3700 unum
999 3656 1100 3698 tontum
1117 3662 1224 3697 unnum.

276 3730 461 3784 introducitur
473 3734 555 3802 igitur
574 3733 723 3786 Gornncuus
742 3741 814 3785 trans
832 3748 906 3784 mure
926 3749 984 3784 curn
1004 3732 1125 3786 enercitu
1142 3732 1292 3794 totolari„

172 3803 247 3856 dibus
266 3812 293 3854 et
313 3802 473 3856 clamoribus
484 3804 640 3856 ettuberum
660 3813 687 3856 et
706 3805 870 3872 reliquorum
888 3806 1123 3857 instrumentorum
1141 3804 1270 3872 clangore

173 3875 324 3926 celebratis.
363 3882 442 3942 atque
461 3875 531 3928 hunc
552 3876 651 3942 excipit
669 3878 744 3945 regia
764 3877 837 3926 circa
846 3891 997 3942 vesperum,
1016 3876 1093 3928 initio
1112 3876 1270 3942 septembris

172 3946 324 4001 indictionis
344 3945 388 3998 xl,
408 3955 515 4011 postero
544 3954 632 4000 autern
650 3947 694 4000 die
714 3962 811 4015 pompa
838 3947 936 4000 illustri
955 3947 987 4000 ad
1014 3948 1058 4000 dei
1081 3962 1202 4015 manum
1221 3963 1269 3999 ec.

174 4018 281 4072 clesiam
299 4033 357 4069 cunr
367 4017 601 4088 multaagpressus
617 4019 764 4072 satellitum
783 4021 989 4086 prosecutione,
1011 4033 1137 4072 coronans
1154 4020 1184 4074 in
1201 4036 1268 4088 sug.

173 4097 249 4158 gestu
267 4105 316 4156 per
335 4105 438 4141 manum
458 4091 625 4157 patriarchae
644 4093 758 4160 occipit,
785 4099 812 4143 et
830 4092 999 4160 progreditur
1025 4098 1167 4145 coronatus
1186 4091 1268 4152 inde,

173 4159 259 4230 pluria
286 4169 437 4228 comparatu
462 4163 568 4218 virtutis
599 4171 626 4214 et
651 4163 815 4216 tortitudinis
839 4164 984 4228 maximae,
1008 4168 1062 4217 non
1086 4161 1174 4218 sotor
1199 4161 1270 4228 apud

174 4231 322 4298 tubiectos,
343 4234 390 4286 sed
410 4235 460 4288 iarn
480 4237 559 4288 etiam
578 4235 646 4301 apud
665 4235 810 4299 barbaros,
832 4237 931 4304 quippe
950 4236 996 4303 qui
1015 4249 1104 4302 pugne
1121 4233 1267 4286 devicisset
