3017 4892
233 308 286 384 oo
536 251 755 378 armamus
785 296 1047 389 λππιιιοπασμ

236 475 395 562 γινόμενοι
415 477 479 540 τεδν
501 475 698 550 α’ντιθδταν,
731 467 766 534 εἴ
781 491 854 532 ποτε
888 460 969 547 πρδς
998 459 1087 546 δίκην
1110 459 1222 534 odanto
1243 474 1348 524 σιντε-

236 575 423 660 τιλάκησαν,
448 572 503 639 διά
536 577 593 656 τής
616 573 678 637 τῶν
702 566 869 655 κτημάτων
896 563 952 628 κατ’
980 555 1154 647 χρημάτων
1182 557 1348 644 δπιρροής

238 675 292 742 asi
311 679 367 740 τοῦ
390 679 443 742 ε’πί
465 675 591 752 τούτοις
613 668 861 756 α’λσγοθετήτονς
893 667 1111 730 καθίστασθαι
1139 663 1195 723 κατ’
1219 661 1345 723 dnode-

153 851 154 854 ,
236 781 297 862 χής
321 770 488 856 α’ξιοῦσδαι
511 777 662 849 νικῶντας
683 769 759 846 roric
775 771 1030 851 ’ἀντιβαίνοντας
1072 759 1164 826 καὶὸ
1186 759 1346 843 δημόσιος

238 883 368 950 πολλοῖς
387 878 498 960 χερσὶν
518 873 690 960 ἐπαφιέναι
712 870 751 937 τά
780 865 897 934 ἑαυτοῦ
920 865 1108 946 πολυμερῶς
1128 858 1375 940 cornicine-5

237 1000 291 1052 νας
306 974 490 1061 προσθήκην
520 978 651 1054 ἐδέξατο
683 971 739 1037 aot*
758 965 957 1054 παραψυχήν
985 965 1024 1026 oo'
1061 961 1209 1045 μετρίαν,
1234 961 1269 1023 δν
1287 951 1343 1034 οἷς

157 1087 159 1094 ’
238 1070 365 1162 ἑτέρους
386 1079 493 1151 ποσοῖς
512 1075 581 1139 οὐδ’
604 1073 794 1158 ἐλεσβήσατο.

340 1171 416 1258 Εἶχε
444 1180 504 1258 μὲν
537 1170 617 1240 eiiam
639 1172 680 1238 τά
713 1176 854 1255 πρακτέα
889 1173 933 1257 τῷ
952 1172 1099 1250 βασιλεῖ,
1129 1164 1184 1228 κατ’
1210 1169 1342 1244 συνεῖχε

239 1280 346 1345 τοῦτον
366 1281 404 1364 τῇ
423 1279 566 1357 βασιλίδι
594 1263 659 1340 τάν
680 1275 802 1338 πόλεων
823 1269 876 1335 διά
898 1267 955 1353 τήν
985 1273 1049 1333 τάν
1069 1266 1258 1348 δμχιθύρων
1278 1286 1342 1326 κα-

240 1377 407 1444 τάστασιν.
434 1375 513 1442 κατά
536 1379 571 1440 δὲ
592 1373 648 1440 τάν
670 1375 771 1439 αυέδν
792 1371 905 1454 καιρὸν
925 1368 1079 1452 ἐπαρθεὶς
1102 1366 1117 1430 δ
1141 1362 1342 1447 πατριάρχης
1355 1383 1391 1437 10

242 1472 289 1554 οἷς
311 1481 577 1562 πεπροτερηκέναι
603 1477 767 1556 ὑπέλαβε,
797 1475 851 1536 κατ’
870 1474 995 1552 μεῖζον·
1012 1464 1033 1552 ή
1054 1466 1135 1532 βαιά
1159 1463 1218 1549 τήν
1241 1460 1344 1529 αὑτοῦ

243 1577 335 1657 α’ξδαν
369 1575 423 1642 ε’πδ
450 1580 513 1641 τάν
542 1571 625 1642 ite»
655 1579 805 1658 γενέσθαι
837 1573 999 1653 οἰόμενος,
1030 1569 1086 1634 κατ’
1113 1567 1281 1651 θαρρήσας
1303 1566 1345 1651 τῇ

242 1680 301 1744 τοῦ
329 1680 516 1763 κρατοῦντος
549 1679 673 1765 edocebo,
706 1674 855 1748 πολλάκις
875 1676 988 1738 τοῦτον
1017 1675 1111 1736 τινοῖν
1131 1665 1345 1752 ἐπιχειρημά-

243 1801 304 1843 των
336 1777 380 1861 μή
411 1779 586 1842 δοκούντων
608 1776 701 1866 αὐτῷ,
721 1776 919 1858 οἷνεχαίτιζε,
941 1776 1016 1838 ποτὲ
1043 1775 1103 1853 μὲν
1123 1765 1276 1853 πατρικήν
1298 1768 1346 1832 εἰ*

244 1879 350 1962 cayno
377 1877 524 1942 decidente
553 1875 609 1942 καί
642 1880 844 1962 παραίνεσιν,
873 1876 946 1939 ποτὲ
984 1875 1012 1938 δ’
1034 1866 1253 1956 ἑπιτιμητατήν
1281 1879 1389 1932 tro-15

246 1980 414 2062 ραμγελιάν
446 1975 502 2041 καί
538 1975 739 2062 α’πειλητικήν
777 1976 885 2049 ἀκοαῖς
929 1970 1204 2062 ἒνδεδιητημέναις
1249 1970 1344 2032 dunin

246 2101 311 2152 νοις
334 2075 389 2142 καὶ
409 2081 578 2168 προσηνέσι
606 2077 710 2160 λόγοις
733 2081 789 2141 καί
811 2076 1054 2159 δποπτάσεσιν,
1075 2073 1118 2150 ὥς
1139 2076 1193 2136 κατ’
1209 2067 1264 2136 τδν
1283 2075 1343 2152 βα-

178 2258 181 2260 ,
248 2183 338 2246 σιλέα
363 2178 440 2243 κατά
463 2176 579 2263 μικρδν
609 2178 890 2258 ἐκπεπολεμῶσθαι
923 2176 979 2240 κατ’
1008 2177 1175 2260 παροινίαν
1196 2171 1345 2256 ήμεῖσθαι

246 2277 305 2364 τήν
325 2283 403 2357 τέως
424 2282 621 2362 παραίνεσιν.
675 2277 713 2341 οδ
740 2275 841 2342 πολδν
863 2279 898 2342 δὲ
920 2272 1044 2366 χρόνον.
1062 2271 1175 2340 rodata
1194 2270 1272 2347 τσδς
1292 2268 1346 2333 λά-

249 2363 531 2463 μονςχδπτνεγκτδν,
554 2375 633 2460 ἔγνω
656 2381 766 2442 τοῦτον
797 2372 840 2451 τάς
872 2371 1136 2459 κατεπαιράμενον
1152 2368 1262 2437 τοάταα
1287 2384 1389 2439 tra-to

176 2543 185 2550 .,
248 2485 400 2561 ταβαλεῖν
429 2478 626 2564 δβασιλεδς,
650 2481 705 2542 καί
737 2481 800 2543 τάν
830 2475 997 2561 ἱερατικῶν
1015 2475 1060 2550 οἷς
1079 2470 1289 2559 δπερσπτικήν
1313 2477 1345 2538 tbi

247 2583 349 2664 μέσον
371 2580 521 2659 καθάπαξ
555 2588 719 2665 περιελεῖν,
741 2579 797 2645 κατ’
815 2584 925 2645 τοῦτον
954 2577 1010 2643 τδν
1033 2572 1151 2660 τρδνιιν
1178 2576 1347 2659 διαδράναι

323 2766 366 2820 21.
386 2781 420 2820 un
438 2764 624 2840 ,δπερδατηνδ
695 2765 698 2783 ¹

254 2937 382 3002 tunitate,
408 2952 466 2989 cum
491 2939 616 3005 pretiosis
641 2943 667 2990 et
685 2938 827 2989 multorum
846 2936 1005 2990 talentorum
1023 2936 1238 3005 possessionibus
1256 2943 1347 2990 ntrsna

254 3007 439 3076 relinquerent
456 3007 519 3061 illos
538 3009 661 3061 monachi
682 3019 828 3077 cogerent,
848 3007 1047 3061 insatiabilitate
1066 3011 1117 3060 iam
1135 3015 1304 3076 aegrotantes
1323 3013 1348 3056 et

255 3079 419 3132 inhabitam
440 3080 648 3146 perturbationis
668 3081 731 3132 lacti
743 3088 778 3152 'et
796 3083 948 3148 superiores
968 3081 1117 3144 contrariis,
1138 3082 1159 3132 si
1179 3080 1283 3150 quaudo
1302 3079 1348 3128 lite

253 3151 287 3204 iis
305 3151 429 3217 impliciti
444 3160 542 3214 essent,
561 3153 760 3218 possessionum
780 3160 807 3202 et
825 3153 975 3203 divitiarum
995 3151 1118 3203 conduxu
1138 3160 1164 3201 ct
1185 3152 1246 3218 quia
1264 3149 1348 3199 in-his
1427 3190 1430 3197 .

253 3222 439 3274 arationibus
460 3223 600 3274 reddendis
626 3225 753 3274 immunes
780 3233 855 3275 crant
874 3233 900 3274 et
918 3230 1028 3288 accepto
1048 3220 1193 3290 dignabunt
1211 3223 1348 3272 vincentes

254 3293 411 3344 contrarios.
449 3302 529 3360 atque
548 3293 760 3360 fiscuspublicus
782 3294 872 3345 multis
890 3293 1008 3344 manibus
1027 3293 1148 3342 emittere
1167 3293 1262 3342 suain
1280 3291 1348 3342 mul.

254 3364 289 3415 tis
308 3364 427 3430 partibus
447 3373 556 3417 coactus
575 3367 757 3416 accessionem
776 3366 882 3430 accepit
901 3372 928 3414 et
945 3362 1061 3413 lenimen
1079 3376 1133 3412 non
1154 3362 1304 3427 modicum,
1324 3363 1349 3412 in

254 3435 351 3502 quibus
370 3434 429 3485 aliis
448 3450 482 3486 ne
506 3437 614 3486 minimo
634 3438 738 3504 quidem
757 3437 836 3486 modo
853 3436 953 3485 nocuit.

355 3503 475 3556 ilabebat
493 3507 617 3574 itaquae
636 3523 735 3576 aroge
753 3514 812 3557 acta
831 3513 924 3569 crant,
952 3514 978 3556 et
997 3506 1150 3558 continebat
1168 3505 1239 3556 hunc
1257 3506 1285 3556 in
1303 3520 1346 3556 re.

256 3577 319 3646 gina
331 3575 435 3628 urbium
453 3585 562 3645 propter
580 3579 748 3630 finitimorum
767 3578 946 3645 positionem:
966 3579 1038 3630 circa
1056 3577 1125 3629 idem
1144 3586 1232 3629 autem
1251 3585 1350 3643 tempus

257 3648 344 3701 clatus
363 3648 513 3719 patriarcha
532 3649 626 3717 quibus
646 3651 769 3718 superior
787 3649 872 3701 factus
892 3665 952 3701 csse
970 3651 1021 3702 sibi
1041 3650 1197 3714 videbatur,
1226 3657 1252 3701 et
1269 3651 1350 3716 magis

257 3735 334 3789 qnam
352 3734 400 3789 pro
420 3735 467 3772 sua
486 3721 615 3788 dignitate
633 3723 739 3773 summis
758 3736 790 3772 se
807 3736 934 3788 praeesse
960 3729 1053 3786 putans
1073 3729 1100 3770 ct
1118 3724 1251 3773 animosus
1267 3723 1350 3786 impe.

259 3794 354 3843 ratoris
373 3791 564 3848 benevolentia
582 3808 666 3862 saepe!
682 3792 752 3843 huno
774 3793 807 3843 ab
826 3792 954 3856 inceptis,
974 3806 1043 3857 quae
1061 3792 1111 3842 sibi
1129 3808 1184 3844 non
1202 3792 1349 3858 placerent,

258 3863 401 3924 retinebat,
420 3863 550 3924 interdum
569 3873 705 3931 paternam
724 3862 852 3914 adhibens
871 3862 1071 3927 dispositionem
1092 3871 1118 3914 et
1133 3864 1350 3925 exhortationem,

259 3932 390 3983 interdum
414 3933 632 4000 reprehensionis
652 3934 774 3984 nuntium
793 3940 820 3983 et
837 3932 965 3983 minarum
983 3933 1091 3985 auribus
1111 3936 1242 4002 corruptis
1260 3934 1351 3986 lauda-

260 4003 376 4054 tionibus
397 4011 423 4054 et
435 4004 525 4057 verbis
537 3995 640 4057 blau'dis
655 4012 733 4071 atque
754 4001 906 4066 humilibus,
925 4005 963 4055 ita
980 4013 1010 4055 ut
1029 4007 1106 4056 etiam
1124 4022 1173 4056 rex
1191 4021 1276 4073 paene
1294 4003 1350 4056 bel-

261 4072 315 4124 lum
334 4082 469 4140 pateretur
488 4084 515 4126 et
533 4076 743 4127 exhortationem
762 4075 948 4138 sempiternam
965 4077 1076 4127 haberet
1085 4078 1274 4142 turpitudinem
1285 4088 1351 4126 enon

260 4143 370 4196 multum
389 4143 596 4212 autem'tempus
616 4147 663 4198 has
682 4145 818 4195 orationes
837 4144 941 4208 ferens,
968 4149 1059 4199 statuit
1075 4163 1125 4198 rex
1143 4148 1213 4199 hunc
1230 4158 1261 4199 ut
1278 4158 1351 4214 supra

212 4287 216 4296 ι
261 4229 292 4274 te
311 4225 428 4270 erectum
446 4218 581 4282 deiicere,
603 4226 638 4269 ,ει
656 4217 821 4270 sacerdotum
846 4218 923 4287 quasi
942 4218 1092 4288 superbiam
1111 4220 1231 4271 emedio
1250 4218 1350 4270 omnino
