3017 4892
268 315 339 393 176
555 312 777 387 Hifflmis
805 304 1065 385 tutilonis

264 488 351 573 γοτσ)
372 484 547 569 κατεσχέθη
575 466 662 567 παρά
690 484 754 548 τάκ
776 478 1054 566 circinus-uritis,
1072 476 1134 555 ἕως
1153 479 1190 543 ἐκ
1209 479 1385 559 βασιλέως

264 585 436 671 πρόσταξάς
462 609 509 662 τις
538 586 740 671 ἐπιφοιτήσει
768 581 805 647 τό
833 587 977 667 ποιητέον
1007 582 1083 663 περὶ
1110 574 1213 644 αὐτοῦ
1239 576 1381 644 ἐπιτάτ-

264 708 376 755 τοοοα.
418 685 488 751 ἀλλ’
509 675 581 769 ἧκεν
603 685 737 769 ἧμέραις
751 678 884 767 ὕστερον
902 681 923 765 ἦ
942 681 1071 747 πάντων
1092 681 1291 765 ἀθηνεστὲρα
1314 682 1383 744 κατ’

266 787 496 876 ἀπσφημοτέρα
528 785 607 852 κατά
636 790 694 853 τοῦ
713 784 753 851 τά
788 787 922 852 τοιαῦτα
950 784 1216 868 δεδοατσχιγκάτσς
1236 782 1378 867 ἀπόφα-

194 882 198 897 ’
264 912 333 968 αις,
370 879 572 974 διοριζομὲννγ
600 885 675 965 τούς
700 884 894 974 ἀφθαλμοάς
927 883 1042 951 τούτου
1079 883 1261 968 παραυτίκα
1298 884 1405 947 διο-5

266 990 410 1075 ραγῆναι.
1071 1042 1076 1056 .

369 1094 412 1155 Τί
430 1088 506 1179 φῄς,
530 1082 559 1154 ἀ
578 1094 715 1174 βασιλεῦ
736 1087 792 1154 καί
809 1088 838 1155 οἱ
859 1088 920 1154 orio
944 1089 998 1154 uui
1017 1086 1078 1172 τήν
1097 1089 1229 1184 ἀνοσίαν
1248 1084 1377 1171 βοολὴν

265 1191 589 1273 κατασκευασάμενοι.
641 1190 758 1276 ἀνδρὸς
787 1191 991 1277 δφδαλμούς
1015 1192 1126 1279 μηδὲνν
1147 1186 1375 1273 ἀδικήσαντος,

266 1291 347 1359 ἀλλά
377 1292 436 1376 τὴν
463 1289 584 1359 ἑαυτοῦ
604 1289 714 1376 ψυχὴν
741 1292 823 1377 ἀπὲρ
854 1288 958 1376 πάσης
984 1293 1042 1375 τῆς
1068 1291 1235 1371 ‘Proposito
1256 1291 1403 1373 εσέτνγ-7

266 1393 356 1478 piac,
383 1396 438 1458 καί
471 1402 535 1468 τοῖς
568 1384 833 1475 πολεμικωτάτοις
857 1390 982 1458 ἔθνεσιν
1012 1394 1262 1471 ἀντιταξαμένου
1285 1387 1372 1472 perd
1384 1410 1418 1462 ιο

265 1497 420 1579 καρτεροῦ
435 1496 494 1559 τοῦ
510 1492 739 1577 συντάγματος,
763 1490 831 1571 ἐξὸν
843 1484 879 1556 ὅν
898 1495 984 1579 crispi
998 1488 1171 1566 ἀκινδύνως
1183 1500 1249 1566 τοῖς
1269 1494 1375 1571 βασι-

265 1598 359 1672 λείοις
383 1580 570 1681 προσμένειν
588 1598 643 1661 καί
661 1591 910 1675 στρατιωτικοάς
923 1594 1044 1669 ’πόνους
1061 1590 1118 1656 καί
1139 1589 1261 1677 φόβους
1284 1593 1368 1654 ἀπο.

266 1690 476 1763 τινάσσεσθαι
484 1723 495 1778 ,·
529 1693 649 1761 ἐκείνου
674 1684 710 1759 οὗ
733 1696 789 1759 καί
813 1692 870 1777 τὴν
903 1691 1019 1778 ἀρετὴν
1038 1698 1187 1775 πολέμιος
1206 1692 1373 1768 αἰδεσθεὶς

266 1796 433 1879 η’σπάσατὸ
456 1820 491 1863 τε
511 1800 645 1883 γνησίως
672 1798 728 1861 καί
745 1793 847 1879 λόγων
868 1794 922 1859 καὶ
949 1790 1035 1860 ἀλῶν
1054 1793 1098 1870 ὦς
1118 1793 1250 1881 ἀδελφῷ
1267 1816 1373 1873 μετα-

268 1898 400 1983 tideus,
433 1896 486 1964 uui
512 1900 688 1987 σύνθρονον
719 1895 777 1962 τάν
801 1893 1007 1979 αἰχμάλωτον
1038 1893 1227 1981 ἐποιήσατο,
1247 1892 1303 1957 καί
1326 1893 1410 1971 ὦςι5

268 1998 390 2082 ἀγαθὸς
412 1999 520 2085 ἰατρός
543 2000 712 2088 φάρμακον
746 1996 947 2063 ἀκεσάδονον
968 1997 1026 2075 τὰς
1052 1994 1205 2073 τοιαύτας
1225 2020 1371 2080 παρηγο-

268 2101 339 2181 ριάς
360 2102 404 2188 τῷ
428 2104 652 2187 φλεγμαίνοντι
671 2105 726 2186 τῆς
750 2099 852 2185 λύπης
873 2102 1036 2185 ἐπέθηκεν,
1057 2093 1140 2167 dore
1158 2101 1289 2176 δικαίως
1309 2098 1371 2181 τὴν

267 2202 355 2284 νίκην
376 2198 427 2266 ἀπ’
466 2201 625 2289 ἀθλοθέτῃ
649 2206 713 2291 θεῷ
744 2207 853 2284 λαβεῖν
882 2200 908 2264 δ’
923 2200 1096 2278 σοολτάνσς
1116 2199 1370 2285 διαγινώσκεται,

268 2304 410 2377 τοιοῦτος
433 2296 639 2385 ἀποδειχθείς
662 2296 849 2387 ἅνθρωπος,
883 2301 939 2367 καὶ
956 2306 1107 2367 τοσοῦτον
1130 2296 1221 2385 ὄγκον
1245 2296 1371 2386 φρονή-

266 2426 346 2480 οεοος
369 2402 424 2469 καί
442 2405 640 2483 ἀνεξικακίας
670 2402 916 2486 ἐπιδειξόμενος.
971 2402 1011 2470 οὐ
1038 2404 1073 2467 δὲ
1099 2402 1135 2469 τι’
1151 2403 1414 2488 προστάττεις,20

267 2494 295 2567 d
315 2506 449 2584 βασιλεῦ
460 2531 470 2587 3
494 2505 750 2593 ἀποστερηθῆναι
771 2510 828 2571 καί
846 2506 947 2571 cainoni
968 2508 1026 2570 τοῦ
1050 2502 1156 2591 φωτὸς
1177 2503 1232 2570 καί
1245 2508 1370 2589 τῆςδε-

269 2605 402 2691 δομὲνης
423 2608 510 2695 αὐτῷ
534 2604 651 2671 θεόθεν
671 2609 735 2673 τάν
762 2602 933 2694 δρωμένων
960 2606 1179 2691 κατανοήσεως
1200 2605 1271 2671 τινα
1292 2608 1370 2672 τοῦ-

223 2794 228 2806 .
267 2726 343 2789 tot3
364 2705 418 2774 τὸν
438 2703 561 2794 πατρὸς
573 2705 627 2774 ἐπὶ
646 2707 697 2774 σοι’
709 2710 823 2795 πρᾶξιν
841 2709 995 2795 εἰληφότα
1013 2706 1067 2773 καὶ
1084 2707 1171 2799 νόμρι
1190 2708 1245 2775 καί
1264 2708 1371 2793 πράγ-

268 3026 299 3065 re
319 3027 334 3065 e
352 3012 503 3066 mundatum
521 3012 680 3078 deferretur,
699 3014 762 3083 quid
781 3014 810 3065 in
830 3029 891 3065 eum
907 3014 1056 3067 iaciendum
1075 3023 1160 3083 esset,
1190 3018 1301 3072 iubens:
1319 3019 1368 3072 sed

269 3084 301 3137 de
314 3092 356 3137 ata
376 3093 416 3139 est
435 3085 573 3139 nonnullis
590 3085 684 3138 diebus
704 3095 765 3153 post
781 3087 897 3137 omnium
920 3087 1104 3140 erudelissima
1129 3098 1158 3140 et
1181 3090 1369 3146 immanissima

269 3164 362 3211 eontra
381 3171 450 3221 eum,
470 3158 516 3225 qni
534 3156 599 3209 talia
616 3172 761 3225 perpessus
781 3164 847 3221 erat,
866 3158 1028 3225 declaratio,
1057 3160 1208 3227 imperans,
1238 3171 1267 3215 ut
1294 3163 1367 3215 oculi

269 3228 346 3279 huius
366 3227 500 3294 extemplo
528 3228 715 3281 effoderentur.

369 3313 437 3377 Quid
457 3328 571 3377 censes,
601 3330 683 3367 orex
706 3325 733 3367 et
759 3317 804 3384 qui
825 3326 913 3369 tecum
932 3319 1040 3386 impium
1059 3320 1200 3372 consilium
1222 3330 1367 3388 pararuntr

268 3382 383 3437 hominis
402 3382 492 3447 oculi‚'
525 3386 570 3453 qui
588 3386 657 3437 nihil
686 3387 779 3439 iniusti
798 3388 926 3455 fecisset,
957 3390 1004 3443 sed
1023 3406 1096 3443 suam
1117 3393 1199 3443 vitum
1218 3408 1266 3459 pro
1296 3394 1368 3443 omni

269 3456 429 3509 Graecorum
452 3454 559 3508 iortune
576 3458 655 3526 idque
675 3460 865 3513 inimicissimis
885 3463 992 3530 populis
1022 3464 1193 3530 opposuisset
1217 3480 1274 3515 cum
1294 3465 1367 3515 firmo

270 3527 404 3590 exercitu3
426 3541 484 3579 cum
505 3528 529 3580 ei
548 3527 654 3595 liceret,
673 3532 731 3583 sine
750 3533 872 3598 periculo
891 3535 919 3584 in
936 3535 1013 3603 regia
1040 3551 1168 3599 manere,
1193 3544 1221 3587 et
1239 3535 1369 3587 militares

268 3596 374 3651 labores
395 3608 422 3652 et
442 3600 566 3653 horrores
587 3608 722 3669 excutere,
741 3603 825 3669 illius,
845 3605 920 3657 cuius
942 3607 1020 3657 etiarn
1037 3607 1165 3659 virtutem
1189 3608 1274 3660 hostis
1292 3608 1369 3660 veri-

268 3677 310 3724 tus
331 3686 390 3723 eum
411 3672 549 3740 amplexus
570 3682 610 3726 est
631 3674 746 3742 sincere,
768 3684 795 3726 et
813 3691 950 3729 sermones
972 3686 1000 3729 et
1015 3695 1132 3730 mensam
1150 3687 1181 3729 ut
1200 3696 1259 3732 cunr
1288 3680 1370 3731 lrutre

268 3744 485 3811 communicavit,
504 3752 531 3796 et
548 3746 627 3815 regni
646 3756 798 3798 consortem
817 3749 950 3815 captivum
970 3750 1093 3815 reddidit,
1114 3758 1141 3802 et
1158 3759 1283 3820 tanquam
1310 3767 1370 3803 me-

268 3815 341 3867 dicus
361 3814 446 3867 hunus
464 3816 622 3869 medicinam
642 3817 750 3871 dolores
775 3819 921 3870 lenientem
946 3818 1011 3872 talia
1029 3820 1125 3874 solatia
1144 3825 1276 3876 aestuanti
1294 3839 1370 3875 moe-

267 3898 329 3936 rore
348 3886 483 3954 imposuit,
502 3889 539 3939 itu
557 3896 587 3939 ut
615 3890 673 3941 iure
698 3890 837 3943 victoriam
862 3891 912 3941 deo
941 3894 1059 3958 praemia
1086 3894 1247 3964 disponente
1272 3910 1371 3962 repor-

268 3962 339 4007 tasse
360 3957 480 4010 sullanus
500 3969 687 4027 cognoscatur,
706 3961 768 4012 talis
784 3960 935 4014 declaratus
953 3962 1044 4028 homo,
1065 3972 1094 4015 et
1120 3974 1219 4018 tantam
1248 3968 1372 4036 gravita-

267 4034 320 4079 tem
339 4030 434 4081 ruentis
455 4036 481 4081 et
493 4031 640 4097 patientiae
660 4039 806 4085 ostentans.
826 4040 854 4083 tu
871 4046 947 4096 tero,
970 4037 1033 4102 quid
1051 4036 1176 4104 imperas,
1195 4054 1253 4103 rex,
1272 4046 1301 4107 ut
1312 4039 1371 4104 pri.

267 4105 347 4165 vetur
367 4100 466 4167 etipse
487 4102 546 4154 viru
567 4111 594 4154 et
613 4103 672 4155 duta
692 4105 717 4154 ei
736 4105 864 4155 divinitus
882 4104 1032 4157 videntium
1051 4111 1225 4175 cognitione,
1239 4110 1282 4160 hic
1302 4124 1372 4177 qua.

268 4168 317 4223 lis!
338 4170 383 4239 qui
402 4171 485 4238 patris
506 4181 552 4224 tuo
562 4188 631 4228 aeuo
652 4175 789 4243 negotium
808 4177 959 4241 susceperit
977 4185 1004 4229 et
1024 4179 1087 4247 lege
1107 4188 1133 4233 et
1152 4175 1235 4245 lactu
1250 4173 1372 4250 quireg-

266 4255 328 4295 num
348 4243 467 4296 amiserit
489 4252 515 4296 et
537 4245 585 4299 tibi
605 4246 657 4299 hoc
675 4247 840 4315 proieceril‚
870 4246 916 4315 qui
945 4264 979 4300 en
1003 4266 1120 4318 purpura
1144 4253 1266 4306 sordidus
1285 4251 1373 4305 lactus
