3017 4892
229 113 237 139 Ι

257 292 330 365 ten
553 293 778 363 ntentans*
803 286 1063 359 inturbata
1137 330 1141 344 .

253 464 505 550 περιαρτάμενοι
526 460 618 546 λόχοι
641 464 818 543 πολεμικῶν
837 461 1066 545 ἀγωνισμάτων
1085 459 1192 543 ἐκτός,
1213 466 1273 528 καί
1293 460 1400 548 τρό-

256 592 313 633 πον
336 562 406 631 τινά
431 570 487 650 τῆς
509 561 681 648 ἐναγωνίου
705 562 813 649 μάχης
837 565 1075 647 ἐπιλελησμένοι
1097 564 1153 629 καί
1169 568 1396 650 συμπλοκῆς.

359 665 429 731 Καὶ
450 666 468 731 ὁ
489 669 548 747 μὲν
573 666 800 751 Τραχωνιάτης
821 664 907 741 τοῦς,
930 668 1130 745 ἐπιλέκτους,
1154 666 1198 742 ὥς
1219 668 1396 750 προδιεί-

119 785 139 840 λ
158 783 208 841 197
219 800 247 840 τ.
258 777 383 856 ληπτσι,
404 764 686 850 προσλαβόμενος,
712 758 794 849 ῦρας
817 768 938 831 ἐκεῖθεν
970 770 1026 850 τῆς
1050 768 1103 831 ἐπί
1123 764 1159 833 τὸ
1182 770 1294 832 Χλίοιτ
1316 792 1392 853 φε·

260 869 376 957 ροάσης
397 862 528 951 ἥπτετο,
549 866 892 951 παραβοηθήσωντοῖς
923 874 1192 948 προαποσταλεῖσι
1223 866 1419 947 Σκῦθιιιςῡ

259 965 486 1053 καίΦράγγοις
511 965 696 1052 (ἀπήγγελτο
717 964 779 1053 γάρ
802 965 880 1051 μετά
903 965 1045 1051 πλήθους
1064 968 1267 1052 μυριάνδρου
1294 969 1386 1045 τοῦς

259 1074 419 1146 ἐναντίους
449 1071 558 1144 αῦτοῖς
589 1065 844 1157 ἐπιφέρεσθαι),
873 1070 930 1133 καί
959 1062 1025 1149 άμα
1050 1068 1256 1152 συντηρήσων
1282 1072 1386 1145 ε’κτὸς

259 1175 318 1239 τοῦ
336 1163 446 1246 ῦσιευς
460 1170 537 1245 τοῦς
554 1169 705 1253 καρποῦς,
728 1169 838 1256 ἵναμή
863 1172 1096 1254 θιαρπογέντες,
1109 1166 1172 1233 eni
1193 1173 1256 1235 τῶν
1278 1170 1384 1236 ἔνδον

261 1273 442 1357 χλιατηνῶν
464 1273 519 1334 καί
539 1275 807 1354 συγκομισθέντος
827 1271 942 1336 σπάνιν
965 1269 1157 1352 παράσχωσι
1177 1272 1220 1357 τῷ
1243 1275 1384 1358 στρατῷ
1409 1254 1417 1265 ’

261 1374 479 1453 μεταθεμένου
498 1373 557 1435 τοῦ
575 1374 732 1453 βασιλέως
754 1377 860 1438 ἐκεῖσεΙ
876 1376 931 1436 καί
949 1372 1147 1454 χρονίζοντος
1168 1370 1220 1459 ἐπὶ
1235 1379 1428 1455 usitari-10

262 1480 315 1563 κίιγ
335 1475 395 1537 τοῦ
416 1465 547 1553 ἄστεος,
571 1473 626 1535 καί
646 1476 779 1549 διπλοῦς
800 1471 923 1548 τούτοις
944 1472 960 1534 d
983 1468 1120 1553 πόλεμος
1141 1458 1309 1556 περιρρεῖ,
1335 1473 1378 1537 τῦ

261 1574 320 1655 μὲν
342 1573 453 1664 ἐκτοῦν
474 1575 623 1637 ἐναντίων
641 1569 676 1637 τά
698 1574 733 1637 δὲ
752 1571 815 1637 άπὸ
840 1575 898 1637 τοῦ
920 1576 1026 1654 λιμοῦ.
1071 1574 1162 1636 τοῦτο
1183 1570 1242 1657 γάρ
1264 1570 1281 1633 ὁ
1307 1577 1381 1655 βα-

261 1670 370 1748 σιλεῦς
389 1672 605 1757 διασιωπήσας
635 1671 689 1737 τὸν
707 1668 842 1758 στρατὸν
874 1669 1070 1757 διεχώρισεν,
1089 1669 1225 1751 ἐλπίζων
1247 1675 1379 1753 ταχέως

262 1772 298 1839 τά
322 1777 556 1857 Μανπζικιέρτ,
581 1768 658 1858 ὅπερ
683 1778 739 1839 καί
761 1774 877 1858 γέγονε,
899 1772 1179 1857 παραστήσασθαι,
1202 1776 1241 1837 δι’
1262 1772 1376 1856 σ’λίγου

215 1882 241 1934 ‘,
263 1878 299 1941 δὲ
319 1878 516 1958 καταστῆσαι
547 1874 586 1939 τά
608 1872 655 1939 ἐπ’
679 1877 777 1963 αὐτῷ,
800 1874 856 1940 κατ’
875 1868 976 1950 οῦτιος
1009 1882 1074 1950 τοϊς
1105 1876 1215 1950 οἰκείας
1226 1882 1375 1939 ’παλινο-
1388 1860 1437 1956 ις’

265 1977 404 2059 στῆσαι,
429 1976 459 2038 εἰ
480 1977 515 2040 δέ
539 2000 586 2051 τις
606 1980 662 2041 καί
682 1976 817 2058 πόλεμος
849 1975 956 2050 αῦτοῖς
981 1972 1014 2055 ἐξ
1034 1972 1217 2060 σ’προάπτου
1237 1998 1375 2041 συνεπι-

238 2065 333 2162 1στῇ,
355 2072 407 2137 διά
430 2074 644 2158 ταχυδρόμων
664 2080 945 2155 μετακαλέσασθαι
977 2074 1052 2151 τοῦς
1075 2076 1218 2153 οἰκείους,
1242 2075 1374 2164 μεγάλῳ

265 2173 455 2257 διαστήματι
477 2172 522 2260 μή
539 2178 728 2259 α’πδχοιτας.
763 2180 979 2258 ’άσεκομίζετο
995 2168 1064 2261 ’γάρ
1088 2178 1175 2265 αὐτῷ
1197 2176 1282 2259 παρά
1307 2179 1374 2241 τοῦν

265 2280 391 2341 σκοπεῖν
422 2274 502 2361 πρὸς
530 2277 587 2362 τήν
611 2282 762 2358 Περσίδα
792 2277 848 2345 τὸν
870 2277 1042 2343 σουλιάνυν
1077 2277 1271 2360 ἐπείγεσθαι.
1318 2281 1376 2342 καί

252 2377 348 2441 ’κατά
369 2380 481 2443 τοῦτον
500 2374 555 2442 τὸν
577 2380 669 2463 λόγον
687 2381 707 2465 ἡ
725 2382 884 2465 διαίρεσις
907 2373 995 2467 adrui
1016 2366 1078 2445 τοῦ
1086 2382 1224 2463 στρατοῦ
1241 2378 1296 2443 καί
1314 2377 1417 2462 οῦκήή

123 2488 128 2495 ’
179 2500 184 2511 ’
267 2472 378 2562 ῦλογος
399 2484 516 2563 γέγονε,
538 2483 596 2545 καί
613 2504 648 2564 γε
668 2472 706 2566 ἦν
728 2483 786 2545 οῦκ
816 2479 877 2546 άπὸ
899 2481 1053 2565 λογισμοῦ
1078 2480 1292 2575 στρατηγικοῦ
1317 2481 1373 2543 ἐν-

266 2581 432 2674 νάημα,ιειἱ
449 2581 495 2665 μή
518 2575 708 2668 πεπρωμένη
731 2606 788 2663 τις,
808 2586 930 2664 μᾶλλον
953 2584 988 2646 δὲ
1005 2586 1091 2657 θεῖος
1113 2580 1204 2665 λόγος
1225 2578 1381 2665 dardana-¹

267 2704 336 2764 τις,
360 2678 417 2767 τήν
439 2679 569 2765 ἔκβασιν
591 2686 637 2760 εἰς
657 2684 693 2749 τά
718 2687 861 2750 ἐναντιόν
876 2681 1034 2769 ἐπέστησε,
1055 2686 1111 2747 καί
1128 2680 1205 2767 πρὸς
1224 2683 1268 2771 τῷ
1287 2684 1369 2769 adies

340 2854 381 2904 11.
400 2852 557 2929 περιρρέγλ
663 2856 707 2909 22.
726 2856 811 2925 λόχος
828 2852 844 2919 ἢ
864 2855 949 2926 λόγος
967 2854 997 2909 G.
1117 2854 1160 2907 23.
1180 2849 1371 2925 περιέστρσελ

174 3060 181 3077 Ι
267 3002 367 3055 bellica
388 3002 548 3067 certamina,
581 3011 608 3054 et
626 3003 818 3071 quedammodo
844 3018 950 3071 pugnae
976 3002 1127 3055 certaminis
1153 3000 1230 3052 obliti
1251 3005 1367 3051 etcum.

267 3074 373 3143 plexus.
922 3112 923 3115 κ

367 3146 457 3212 Atque
477 3145 668 3197 Tracheniotes
690 3146 798 3212 quidem
818 3145 958 3209 delectos,
983 3153 1012 3197 ut
1038 3153 1115 3196 autea
1136 3146 1231 3196 dictunr
1253 3151 1301 3207 est,
1320 3158 1367 3193 ac.

270 3218 382 3283 cipiens,
403 3224 430 3265 et
448 3216 658 3281 indeprofectus
679 3218 748 3268 viam
768 3218 800 3269 ad
815 3216 904 3270 Chliat
924 3218 1053 3268 ferentem
1072 3217 1167 3279 tenuit,
1187 3214 1287 3267 auxilie
1300 3228 1365 3266 veu-

270 3298 345 3338 turus
365 3294 444 3337 antea
462 3287 550 3336 missis
570 3286 677 3352 Scythis
697 3296 724 3338 et
743 3287 1045 3357 Francis:(nuntiatun1
1065 3289 1134 3338 enirn
1155 3295 1212 3339 erat
1232 3302 1289 3337 cunr
1298 3284 1365 3335 mul.

270 3357 383 3410 titudine
397 3357 585 3408 innumerabili
597 3358 687 3409 hostes
707 3360 739 3409 iis
760 3361 865 3412 obviarn
884 3362 938 3428 irc)
960 3368 986 3411 et
1000 3358 1077 3411 simul
1096 3350 1300 3411 cdnscrvaturus
1319 3372 1365 3407 ex-

269 3440 311 3481 tra
329 3428 422 3479 urbem
442 3427 543 3493 fruges,
562 3445 614 3479 nec
625 3429 745 3496 direptae
760 3432 798 3484 -ab
816 3433 887 3483 intus
906 3430 1075 3483 versantibus
1088 3429 1236 3483 Chliatenis
1259 3436 1284 3479 et
1302 3442 1364 3478 cen.

270 3508 364 3569 gestae
384 3498 500 3565 inopiam
522 3502 669 3552 excitarent
683 3506 822 3555 exercitui.
861 3512 1028 3571 transgresso
1048 3518 1114 3569 rege
1132 3501 1199 3553 illuc
1220 3508 1247 3552 et
1266 3507 1364 3552 versato

270 3572 303 3624 ad
321 3569 524 3639 oppugnandam
543 3572 634 3623 urbenr
654 3573 700 3624 rel
721 3574 821 3642 duplex
840 3574 881 3626 his
900 3574 999 3626 bellurn
1018 3574 1143 3636 adduxit,
1174 3580 1200 3623 et
1228 3587 1263 3623 err
1285 3572 1365 3622 hesti-

186 3698 188 3702 .
269 3645 319 3696 bus
340 3651 366 3693 ct
385 3659 419 3693 er
438 3643 515 3694 lame.
555 3644 606 3696 lrcc
627 3645 696 3696 eninr
715 3663 763 3700 rex
785 3647 893 3699 studens
921 3648 1065 3697 exercituin
1091 3646 1198 3707 divisit,
1231 3660 1288 3695 curn
1307 3658 1364 3709 spe-

271 3724 343 3769 raret
362 3716 420 3768 lore
439 3722 468 3767 ut
487 3714 614 3768 celeriter
638 3719 853 3771 blantzikiertunr
880 3718 1040 3779 subiiceret,
1067 3717 1092 3768 id
1118 3717 1190 3783 quod
1217 3731 1310 3767 revera
1329 3720 1365 3763 est

272 3791 379 3852 iactum,
399 3788 477 3839 brevi
498 3797 585 3840 autern
605 3800 780 3857 componeret
790 3793 847 3841 eius
866 3806 910 3841 res
932 3798 958 3839 et
978 3787 1029 3840 boc
1043 3789 1121 3839 modo
1141 3788 1245 3839 domum
1264 3786 1364 3846 rediret,

272 3863 389 3912 sinvere
410 3861 489 3911 etiarn
506 3859 607 3928 bellum
627 3864 692 3927 ipsis
713 3879 745 3913 ex
764 3852 911 3928 improviso
930 3862 1051 3923 instaret,
1071 3868 1099 3911 ut
1118 3874 1167 3925 per
1185 3859 1289 3910 celeres
1301 3871 1364 3907 nun.

272 3932 326 3981 tios
344 3931 476 3983 advocare
495 3941 586 3997 posset
604 3948 666 3984 suos
686 3935 730 4000 qui
750 3932 820 3983 haud
838 3942 933 3999 magno
952 3932 1079 3983 abessent
1097 3933 1193 3997 spatio.
1231 3927 1365 3980 nuntiaba-

273 4010 316 4051 tur
335 4003 405 4052 enirn
425 4003 449 4052 ei
468 4019 484 4053 a
503 4003 673 4068 custodibus‚·
686 4005 718 4055 ad
736 4004 871 4056 Persidem
891 4001 1023 4054 sultanum
1046 4003 1226 4053 contendere:
1245 4008 1320 4066 atque
1335 4014 1364 4047 ex

272 4072 323 4123 hac
342 4073 446 4123 ratione
464 4075 563 4125 divisio
583 4077 716 4127 exercitus
735 4076 769 4126 ab
792 4087 834 4137 eo,
853 4078 904 4124 ne'c
924 4075 982 4125 sine
1003 4090 1082 4126 eausa
1102 4075 1171 4125 iacta
1192 4082 1259 4134 erat,
1285 4084 1364 4134 neque

275 4149 332 4195 erat
351 4143 473 4209 proiecto
492 4143 638 4197 abhorrens
658 4145 691 4197 ab
710 4155 767 4198 arte
787 4146 957 4212 imperatoria
977 4146 1118 4199 consilium
1138 4147 1191 4197 nisi
1211 4158 1269 4198 sors
1287 4154 1363 4208 quae.

274 4216 333 4268 dan
350 4215 410 4268 sive
427 4214 515 4282 petius
533 4215 641 4297 divinae
667 4218 780 4270 insidiae
808 4214 853 4268 vel
884 4217 951 4267 ratio
977 4226 1081 4271 secreta
1111 4226 1236 4271 euentum
1265 4219 1364 4267 econtra
