3017 4892
591 280 800 350 menonem
1165 272 1241 344 26³

130 447 174 514 δὲ
197 444 271 524 τοός
301 441 485 531 ὁμοφύλους
505 439 775 528 ε’πιγαυροόμτνος
794 442 954 527 ἀκρατῶς,
987 440 1041 508 καί
1060 443 1239 518 πολυειδεῖς

133 546 329 632 ἀπαιτήσεις
360 545 415 610 καί
444 546 600 627 τιμωρίας
631 537 872 622 κατασκεδάζων
897 546 1023 624 eorde,
1045 532 1099 610 καί
1119 543 1240 625 μάλλον

29 693 30 720 t
131 649 213 724 τούς
236 653 343 726 ξένους
374 650 501 727 ξεσμοίς
524 643 733 727 όποβάλλοον,
752 644 792 707 ἵν’
815 646 849 707 ἐκ
871 646 934 707 τάν
954 642 1111 724 σωμάτιον
1135 644 1241 710 αὐτόν

137 751 206 833 οὐχ
229 745 373 829 αἱμάτων
396 746 478 811 α’λλά
498 741 670 830 χρημάτων
696 743 891 832 α’νερευνήση
910 747 1050 832 πηγάς..

97 857 123 910 5
235 844 272 914 Ὁ
292 850 327 914 δὲ
340 847 551 932 Βοτανειάτης
573 846 612 910 ου’
612 871 636 929 χ
661 838 772 927 οότοος,
795 840 876 909 όλλόι
900 843 975 920 τοός
996 846 1042 919 τίς
1063 844 1161 910 αότόν
1175 848 1244 911 εἰσ-

135 955 273 1035 ρέοντας
294 952 403 1027 ξένους
419 942 441 1034 ή
460 941 595 1012 detesto
615 950 713 1010 ποθεν
729 947 818 1033 adrui
839 950 1117 1031 παρεμπίπτοντας
1129 949 1169 1009 ου’
1179 945 1244 1028 μό-

28 1109 29 1116 ,
118 1065 194 1115 ’νον
217 1045 436 1134 ἀτιμωρήτους
455 1045 511 1113 καό
529 1048 662 1132 α’ναφεῖς
681 1050 927 1129 κατελίμπανον,
952 1045 1033 1110 α’λλά
1054 1047 1109 1109 κατ’
1130 1046 1242 1129 δάροις

96 1223 100 1230 ,
137 1153 236 1233 ε’τίμα
249 1150 304 1214 καί
322 1152 482 1232 μεγίστοις
502 1142 736 1233 περιλάμπροίς
756 1153 822 1222 τοϊς
839 1144 1009 1229 α’ξιιόμασι,
1030 1147 1085 1209 καί
1105 1143 1244 1227 σιτήσεις

139 1251 291 1334 ἐχορήγει
323 1246 382 1332 τήν
409 1249 524 1334 χρείαν
551 1250 586 1312 ἐκ
607 1250 727 1312 πολλοῦ
755 1249 812 1312 τοό
836 1247 998 1331 περιόντος
1025 1244 1161 1319 νικάσας
1182 1244 1245 1306 ου’-

85 1353 215 1423 1οτοόν.
260 1342 335 1415 ὅθεν
363 1348 454 1414 soii
480 1347 617 1428 δικάζων
642 1345 823 1424 ἀδεκάστοις
854 1345 929 1426 θεός
964 1344 1070 1425 δεξιάν
1097 1343 1156 1430 τήν
1177 1346 1248 1428 prii-⁸

139 1473 205 1536 φον
227 1452 270 1538 τῷ
293 1452 401 1526 δεξιιός
427 1451 584 1536 χρωμένῳ
616 1457 680 1525 τοϊς
710 1448 894 1532 πράγμασιν
921 1445 1148 1529 ε’πεβράβενσε.
1191 1447 1247 1509 καί

140 1544 240 1633 δἀοος,
265 1539 327 1635 ήδη
352 1550 479 1636 ῥητέον.

239 1650 289 1715 Ἐν
306 1646 462 1726 τοιούτοις
483 1652 547 1712 τάν
570 1650 762 1733 πραγμάτων
785 1650 1046 1735 όμφιδσξοόνταιν
1067 1645 1165 1727 ἔξεισι
1191 1649 1246 1731 τῆς

141 1752 229 1826 ι’διάς
250 1749 407 1826 πόλεαςό
433 1749 663 1834 Βοταντιότης,
691 1753 747 1834 τῆς
768 1747 849 1833 πρός
868 1748 926 1835 τήν
952 1753 1102 1831 βασιλίδα
1125 1744 1247 1835 φεροό-

95 1859 131 1912 15
142 1875 201 1934 σης
228 1852 296 1931 μετ’
325 1848 485 1932 εὐψυχίας
519 1845 705 1932 άπτόμενος.
759 1849 816 1914 δόο
844 1853 879 1914 δὲ
907 1854 971 1915 τῶν
998 1847 1247 1932 ὑποστρατήγων

143 1952 258 2031 ου’τοό,
281 1949 391 2034 κράτος
401 1949 487 2035 ἔχειν
504 1951 674 2033 πολεμικόν
691 1953 747 2016 καί
768 1954 889 2036 πλῆθος
907 1949 1134 2035 στρατιωτικόν
1155 1955 1334 2032 δρα-τηρεε
1346 1984 1370 2021 1.

144 2052 320 2131 θυόμενοι,
356 2047 413 2135 τήν
436 2039 640 2136 ὑποχώρησιν
663 2049 802 2135 ἔκλεψαν
831 2051 887 2116 καί
915 2054 1096 2130 λιποταξίου
1119 2046 1247 2135 γραφήν

145 2153 383 2235 α’πηνίγιιαντο,
408 2156 612 2235 πανταχόθεν
644 2145 771 2219 άπιστοι
798 2156 854 2217 καί
880 2152 1051 2236 α’χάριστσι
1072 2153 1126 2214 καί
1147 2151 1247 2232 α’γνοο·

53 2259 57 2264 ’
144 2250 285 2334 μοσύνης
308 2256 459 2336 φανέντες
483 2252 669 2333 ἀνάμεστον·
715 2261 764 2342 ,ου’
782 2253 843 2338 γάρ
864 2253 1015 2340 ιγ’ήθησαν
1044 2248 1073 2314 οἱ
1094 2251 1248 2314 κακοδαί-

99 2357 237 2433 λθμσνες
260 2352 329 2416 τόδ’
359 2356 403 2428 είς
428 2357 501 2419 νοῦν
533 2351 648 2437 ἔβαλον
668 2352 702 2418 τό
729 2355 784 2437 τῆς
806 2358 976 2437 δεηγοριάς
998 2348 1179 2435 διάταγμα,
1204 2349 1248 2422 er

144 2454 183 2516 οό
203 2451 340 2532 σιόζεται
363 2455 513 2535 βασιλεὺς
537 2455 590 2520 διά
607 2452 727 2538 πολλήν
748 2455 904 2535 δύναμιν·
954 2452 1034 2516 άλλό
1060 2452 1246 2515 δειλιάσαν-

145 2575 196 2626 τες
217 2553 298 2635 πρός
321 2553 379 2629 τός
412 2559 475 2620 τεόν
501 2554 651 2638 Τυόρκοον
678 2555 888 2638 παρατάξεις,
920 2552 957 2616 οἳ
982 2553 1025 2638 τῷ
1046 2545 1243 2636 Βυταντιάτη

147 2649 348 2736 ἐφήδρευον,
368 2653 424 2738 τήν
458 2655 538 2740 πρός
560 2650 659 2720 αότόν
680 2651 816 2737 στοργήν
843 2651 1041 2736 ἐξωμόσαντο
1062 2654 1116 2715 καί
1136 2674 1245 2734 παρα-

216 2826 243 2880 8.
260 2843 325 2902 μεγ.
346 2831 395 2883 καὶ
412 2827 528 2902 negeb?
575 2811 583 2820 ⁶

148 2937 311 3044 superbiens
323 2975 485 3043 impotenter
496 2981 522 3028 et
533 2973 621 3028 varias
639 2973 835 3042 postulationes
855 2980 882 3027 et
899 2989 1000 3042 poenas
1021 2975 1135 3028 tundens
1153 2988 1245 3027 eorum

148 3049 284 3117 magisque
302 3049 461 3116 peregrinos
481 3062 580 3100 exuens
599 3053 629 3098 ut
648 3061 681 3098 ex
698 3046 856 3114 corporibus
876 3047 1181 3112 eorumnonsanguinis
1198 3047 1245 3099 sed

149 3119 278 3186 pecuniae
296 3120 435 3187 indagaret
447 3119 545 3173 iontes.

246 3216 299 3270 Sed
314 3215 468 3270 Botaniates
487 3232 541 3270 non
568 3217 623 3270 ita:
642 3217 691 3271 sed
711 3231 774 3283 eos,
801 3218 847 3286 qui
866 3215 899 3269 ad
918 3232 977 3268 eum
997 3214 1142 3268 affluebant
1164 3229 1247 3282 pere.

149 3289 228 3358 grini,
248 3287 294 3340 rel
313 3289 421 3341 aliunde
440 3289 468 3342 in
488 3306 546 3342 eum
565 3289 727 3354 incidebant,
745 3305 800 3341 non
819 3290 906 3342 solum
925 3288 1074 3341 incolumes
1096 3288 1247 3339 stintuctos
1353 3295 1357 3301 “
1436 3291 1440 3302 ’

152 3357 334 3427 relinquebat,
352 3360 399 3411 sed
419 3363 497 3414 etium
515 3363 593 3415 donia
612 3361 761 3414 honorabat
781 3369 808 3413 et
826 3361 946 3414 maximis
967 3369 994 3411 et
1012 3359 1161 3412 illustribus
1185 3358 1246 3424 dig-

151 3429 287 3493 nitatibus,
307 3439 334 3481 et
352 3429 478 3483 alimenta
496 3432 642 3499 praebebat
661 3441 807 3501 egestatem
827 3449 918 3486 eorum
936 3433 1019 3499 longe
1042 3431 1204 3499 superantia.

187 3585 192 3592 Ι
249 3523 424 3589 Quamobrem
445 3528 523 3577 etiam
542 3528 662 3578 iudicans
681 3529 837 3594 incorrupto
855 3522 931 3582 deus¹
947 3529 1067 3581 dextrum
1094 3527 1247 3593 suffragium

153 3597 242 3648 dextre
262 3609 311 3648 uso
330 3596 410 3647 rebus
429 3595 530 3661 tribuit,
549 3604 639 3664 atque,
659 3605 688 3648 ut
705 3599 757 3656 iam
772 3599 871 3650 dietum
891 3596 952 3663 est,l
965 3602 994 3650 in
1013 3605 1086 3650 tanta
1103 3599 1246 3649 incertitu.

153 3667 211 3720 dine
230 3664 310 3719 rebus
331 3666 501 3719 versantibus
521 3667 657 3735 egreditur
677 3682 726 3719 suu
744 3666 810 3718 urhe
830 3668 995 3733 Botaniates,
1015 3672 1085 3720 viam
1104 3669 1136 3719 ad
1155 3668 1247 3717 urbem

152 3739 279 3789 terentem
298 3737 368 3790 bono
388 3739 475 3790 animo
495 3746 598 3790 tenens.
636 3739 687 3790 duo
706 3743 795 3790 autem
824 3740 993 3791 centuriones
1019 3741 1076 3790 eius
1101 3739 1247 3805 potentiam

58 3833 62 3844 ν
151 3807 273 3860 bellicam
293 3816 321 3860 et
337 3809 532 3861 multitudinem
551 3808 692 3862 militarem
711 3823 741 3861 se
761 3809 860 3862 babere
872 3809 1019 3879 gloriantes
1038 3810 1105 3860 elam
1121 3821 1246 3860 recesse-

152 3887 210 3932 runt
229 3886 255 3930 et
273 3882 341 3932 aciei
360 3880 472 3932 relictae
494 3887 599 3934 oausam
618 3889 798 3949 reportarunt,
817 3881 917 3951 ubique
942 3882 1015 3932 infidi
1042 3889 1069 3931 et
1093 3881 1191 3948 ingrati
1219 3887 1247 3930 et

152 3951 287 4020 pravitatis
313 3959 471 4019 apparentes
491 3951 583 4019 pleni:
602 3967 690 4022 usqne
710 3953 779 4004 enim
797 3961 923 4020 putarunt
940 3953 1050 4005 infausti
1068 3967 1156 4020 neque
1184 3951 1244 4002 ani.

152 4022 348 4074 madverterunt
366 4023 473 4076 divinae
494 4025 621 4076 orationis
648 4025 911 4090 determinationem,
940 4040 993 4076 non
1021 4025 1123 4076 servari
1151 4037 1244 4089 regem

154 4102 259 4164 propter
280 4092 387 4146 multam
406 4095 570 4162 potentiam:
591 4096 639 4148 sed
655 4095 740 4148 timidi
758 4097 887 4150 adsersus
906 4095 1046 4149 Turearum
1066 4095 1181 4158 ordines,
1199 4093 1245 4159 qui

153 4165 308 4222 llotauiatae
321 4164 522 4236 insidiabantur,
543 4169 600 4226 aius
614 4168 738 4223 amorem
750 4169 923 4226 eiurareruut
941 4177 968 4223 et
984 4168 1135 4239 proditores
1144 4167 1246 4218 iorum-
