3017 4892
267 284 340 358 ιιι
554 273 776 350 αιτπιτιιι
810 270 1071 345 andnemu
1129 300 1155 381 fi
1243 301 1246 307 -

246 462 248 468 '
264 453 382 521 ἀκοίταν
395 448 452 516 τδν
472 449 585 531 χοῖρον
599 433 674 532 ἒνῷ
699 440 733 507 τὸ
753 440 895 526 πρόσθεν
914 439 1077 537 περίδοξος
1098 436 1296 519 σ’γνωρίζετο,
1331 440 1411 520 τῆς

264 558 423 641 προτέρας
458 550 624 633 εὐετηρίας
665 541 816 627 τοιαύτην
863 542 1056 625 δυσκληρίαν
1086 536 1407 618 ἀνταλλαξάμενος.

265 651 484 740 ἀναρρυσθείς
508 652 542 715 δὲ
564 652 604 736 τῇ
625 651 684 713 τοῦ
705 646 875 728 Διογένους
903 641 1110 725 ἀναγορεύσει
1138 637 1193 703 καί
1211 639 1257 714 είς
1279 641 1407 723 νῆσον

264 754 451 840 ἀξορισδείς,
475 750 665 833 ὑποσχέσεσι
688 748 723 811 δὲ
753 744 928 831 χρημάτων
951 739 1102 826 δικαστής
1124 738 1401 823 Πελοποννήσου

264 858 320 920 καί
343 851 492 929 Ἑλλάδος
526 850 766 934 ἀποπεμφδείς,
788 845 828 911 τά
857 843 938 909 κατά
969 841 1027 925 τήν
1058 840 1219 927 ἐπαρχίαν
1250 843 1430 924 ἀκείνην5

265 953 482 1035 διοικούμενος
503 945 551 1035 ἦν.
594 953 705 1016 τοῦτον
726 946 782 1013 ἐπί
800 950 885 1036 κακῷ
916 948 971 1030 τῆς
994 944 1057 1020 τῶν
1080 938 1250 1024 Ῥωμαίων
1272 940 1398 1025 ἀρχῆς

226 1126 230 1137 ,
264 1050 553 1139 μεταπεμψάμενος
572 1048 589 1114 δ
611 1051 668 1135 τὴν
687 1052 854 1132 βασιλείαν
880 1043 1024 1130 ἐσχηκώς
1045 1043 1196 1127 Μιχαάλ,
1217 1045 1276 1106 καί
1295 1036 1394 1123 μετά

170 1156 177 1185 '
263 1154 379 1240 μικρδν
400 1157 446 1230 εἰς
467 1152 735 1237 elevarentur
758 1144 953 1231 πραγμάτων
974 1144 1128 1230 διοίκησιν
1148 1146 1393 1230 προστησάμε-

150 1300 152 1309 ·
256 1280 328 1342 νος,
349 1258 404 1320 καί
425 1258 593 1339 λογοθέτην
615 1252 786 1327 ἀποδείξας
807 1252 868 1313 rori
888 1248 1031 1331 δρόμου,
1050 1256 1122 1321 ταῖς
1143 1250 1266 1311 ἐκεινου
1284 1269 1386 1327 μαγ-

269 1357 408 1443 γανείαις
436 1338 491 1418 καί
518 1356 691 1437 περινοίαις
724 1348 885 1431 ἀλάσιμος
914 1352 1054 1432 γέγονεν,
1092 1342 1144 1414 οἶα
1170 1345 1391 1433 φρονήματος
1404 1348 1438 1431 qq

267 1459 412 1539 ἀμοιρῶν
431 1456 600 1541 σγαθηροδ
620 1456 675 1517 καί
693 1453 917 1535 μειρακιωδιδν
932 1447 1130 1532 ἀθυρμάτων
1152 1446 1195 1532 μὴ
1219 1447 1387 1513 ἀποδέων.

266 1564 464 1639 προσωπεῖον
478 1552 539 1638 γάρ
557 1552 711 1629 εάνοιάςδ
727 1551 913 1638 Νικηφόρος
929 1547 1165 1630 ἐπιδειξάμενος
1185 1552 1305 1628 ἐξωθεῖ
1317 1553 1387 1633 μὲν

266 1655 322 1723 οδν
342 1658 573 1721 ἐπιεικέστατον
595 1649 697 1738 ἀνδρα
714 1651 770 1717 καί
789 1654 980 1735 λογιώτατον
999 1654 1232 1737 μητροπολίτην
1254 1652 1309 1734 τῆς
1322 1656 1386 1718 Σί-

160 1772 165 1777 ’
268 1758 325 1839 δης
340 1758 398 1820 τοῦ
415 1752 455 1821 τά
471 1752 559 1818 κοινά
584 1757 724 1835 διοικεῖν,
745 1751 925 1839 προφάσεις
944 1751 999 1815 διά
1023 1754 1225 1834 παρενθίτων
1246 1750 1381 1834 προσεδ-

268 1879 336 1922 πων
356 1864 422 1920 κατ’
439 1850 541 1920 αὐτοῦ
564 1852 799 1940 ἐσκαιωρηκάς,
821 1855 1094 1939 παραγκωνίζεται
1114 1854 1150 1916 δὲ
1166 1851 1222 1918 καί
1232 1848 1294 1918 ’τὸν
1315 1859 1379 1918 rori
1387 1882 1421 1935 15

175 2018 176 2025 ,
265 1957 487 2041 βασιλεύοντος
517 1960 606 2019 θείαν
634 1955 689 2020 τὸν
716 1958 891 2038 Καίσαρα,
921 1957 977 2017 καί
1004 1955 1048 2041 τῷ
1067 1958 1199 2047 βασιλεῖ
1214 1976 1376 2041 περιφρο·

265 2054 420 2137 νοάμενον
442 2050 605 2138 ἢμάλλον
628 2055 728 2122 εἰπεῖν
750 2050 893 2120 ἀπσπτον
921 2055 1153 2139 ἀπεργάζεταιζ
1191 2057 1246 2118 καί
1266 2053 1376 2131 ἀπλαῖς

265 2156 387 2231 πάντας
395 2155 481 2231 τούς
506 2154 720 2232 οἰκειοτάτους
740 2155 994 2238 πολεμιωτάτους
1025 2150 1107 2221 εἶναι
1120 2151 1374 2240 ’συκοφαντήσας

266 2257 321 2352 καί
340 2258 396 2339 τῆς
412 2256 471 2320 τοῦ
493 2259 650 2337 βασιλέως
670 2242 897 2341 ιἀποστερήσας
919 2255 1089 2343 ε’γγάτητος
1100 2304 1111 2333 ,
1135 2253 1208 2319 δλον
1227 2257 1273 2330 εἰς
1293 2251 1370 2327 ἐπα·

246 2355 321 2421 ‘riv
341 2352 553 2421 ἀποποιείταί
565 2354 621 2421 τδν
649 2360 857 2441 μειρακίσκον
882 2351 1013 2429 ἀνακτα.
1066 2357 1122 2423 καί
1138 2361 1234 2423 τοῦτο
1252 2348 1290 2443 ἦν
1308 2362 1415 2437 ilo-20

265 2456 388 2523 σιλικδν
408 2456 564 2543 ἐπίταγμα
588 2464 646 2525 κατ’
656 2460 851 2544 συντήρημα,
871 2453 949 2546 ὅπερ
963 2464 1008 2549 aqi
1028 2463 1164 2551 κακίστρι
1186 2458 1289 2547 rotro
1305 2464 1368 2527 Νι-

266 2558 397 2648 κηφάρρι
410 2563 586 2640 συνέδοξεν.
608 2563 754 2629 ἐντεῦθεν
771 2565 956 2648 κατηγορίαι
975 2565 1030 2628 καί
1043 2561 1232 2648 ἀπαιτήσεις
1254 2556 1368 2626 tader

266 2660 468 2744 ἀνδρῶνκαὶ
490 2661 650 2739 ἀποτίσεις
671 2655 920 2749 ἀχρεωστήτων,
942 2662 997 2728 καί
1018 2664 1137 2750 κρίσεις
1158 2665 1366 2753 τρῖδημοσίρι

267 2758 304 2825 εδ
324 2761 419 2827 πλέον
448 2753 469 2845 ἢ
490 2766 533 2849 τῷ
554 2765 667 2853 δικαίῳ
686 2768 935 2851 προσνέμονται,
962 2765 1022 2852 ἀφ’
1050 2756 1094 2831 ἀν
1116 2764 1287 2852 δημεάσεις
1306 2788 1365 2831 κα-

341 2922 366 2973 1.
387 2925 445 2992 τῆς]
466 2925 514 2978 καὶ
532 2926 580 2993 τῆς
598 2922 629 2978 G.

268 3069 462 3139 aliquantisper
479 3072 506 3125 iu
526 3088 645 3139 earcere,
666 3088 698 3125 eo
718 3071 781 3125 loco
805 3074 851 3125 ubi
870 3081 950 3127 antea
977 3074 1065 3129 clarus
1084 3075 1241 3145 habebatur,
1259 3076 1362 3145 antiqua

268 3141 400 3195 felicitate
419 3144 446 3195 iu
465 3143 519 3195 tale
535 3145 710 3215 infortunium
731 3159 871 3198 conversa.
911 3148 1021 3201 emissus
1044 3157 1132 3201 autern
1152 3166 1211 3202 oum
1228 3150 1359 3219 Diogenes

269 3212 487 3281 proclamaretur,
508 3224 535 3267 et
552 3218 580 3269 iu
598 3215 711 3269 insulam
730 3217 883 3287 relegatus,
904 3221 1026 3289 pecuniis
1045 3236 1112 3274 vero
1129 3223 1270 3288 promissis
1287 3222 1362 3274 iudex

174 3312 177 3319 ·
268 3282 450 3350 Peloponnesi
476 3295 503 3337 et
527 3288 655 3340 Graeciae
684 3289 842 3342 constitutus
867 3293 941 3345 illam
967 3294 1132 3361 provinciam
1161 3292 1360 3346 administrabat.

269 3353 341 3407 hune
359 3362 497 3424 postquam
516 3374 574 3409 oum
594 3360 688 3410 damno
707 3360 812 3428 imperii
824 3361 936 3417 Romani
951 3368 1063 3418 arcessit
1072 3364 1186 3419 hliehael
1206 3368 1239 3418 ad
1258 3379 1362 3432 reguum

271 3433 392 3489 evectus,
408 3427 488 3494 paulo
507 3437 569 3496 post
587 3432 714 3485 universa
731 3436 901 3503 negotiorum
921 3452 984 3489 cura
1012 3438 1037 3488 ei
1057 3438 1196 3492 commissa
1215 3436 1361 3507 logothetae

270 3512 363 3549 cursus
384 3507 488 3563 creato,
516 3502 573 3554 eius
602 3516 631 3553 se
657 3503 895 3561 machinationibus
924 3517 951 3561 et
978 3510 1082 3562 astutiis
1102 3511 1236 3576 captivum
1253 3508 1361 3570 tradidit,

201 3621 204 3625 .
270 3570 371 3637 quippe
399 3571 445 3638 qui
469 3571 572 3624 solidae
596 3576 692 3627 mentis
719 3592 815 3645 expers
839 3581 1020 3633 delectaretur
1045 3579 1204 3647 puerilibus.
1248 3579 1362 3634 simulata

270 3642 340 3692 enim
358 3640 724 3714 benevolentiallicephorus
744 3649 830 3702 virum
851 3653 1073 3705 modestissimum
1092 3661 1119 3703 et
1137 3651 1360 3720 sapientissimum,

270 3712 349 3767 Sidae
368 3714 607 3783 archiepiscopum,
627 3734 643 3769 a
661 3722 814 3774 muneribus
833 3725 948 3790 puhlicis
967 3723 1098 3791 depellit,
1117 3725 1257 3777 insidiatus
1278 3725 1301 3774 ei
1317 3738 1360 3788 per

269 3784 391 3839 homines
419 3788 559 3842 immissos.
598 3789 717 3844 excludit
743 3800 831 3846 autem
850 3798 928 3848 etiam
948 3795 1108 3849 auunculum
1136 3796 1317 3865 imperatoris,
1336 3802 1360 3847 et

164 3894 167 3903 .
267 3856 421 3922 imperatori
443 3868 619 3929 contemptum
637 3862 681 3914 vel
701 3867 790 3931 potius
813 3876 964 3933 suspectum
989 3868 1084 3919 reddit.
1129 3877 1155 3919 et
1174 3870 1280 3920 omniuo
1299 3881 1359 3918 eou-

268 3926 460 3980 iunetissimum
477 3944 611 4001 quemque
626 3936 651 3985 ei
663 3935 871 3988 infensissimum
885 3955 945 3989 esse
964 3938 1139 3992 calumniatus
1153 3940 1186 3991 ab
1205 3942 1277 3992 aditu
1294 3939 1359 4005 regis

269 3996 414 4065 prohibuit,
434 4004 518 4068 ipsum
539 4013 625 4057 autem
645 4006 873 4061 adolescentulum
893 4018 975 4060 totum
994 4010 1046 4063 sibi
1065 4012 1198 4076 subiecit;
1219 4020 1246 4063 et
1264 4012 1290 4063 id
1306 4011 1358 4065 edi.

269 4066 348 4129 oebat
367 4076 527 4128 etservabat
545 4094 592 4129 rex
612 4080 681 4147 quod
695 4081 811 4147 pessimo
830 4080 894 4131 huie
913 4089 969 4131 erat
987 4083 1082 4135 visum.
1121 4085 1181 4134 iude
1201 4082 1355 4135 accusaban-

150 4168 155 4180 ·
223 4139 232 4169 ⁹
268 4145 359 4222 turnet
377 4143 577 4208 postulabantur
603 4152 732 4215 insontes,
760 4157 787 4200 et
804 4151 954 4217 pendebant
979 4170 1048 4222 quae
1065 4171 1120 4209 uon
1139 4155 1287 4218 debebant3
1302 4152 1357 4205 iude

268 4210 367 4265 iudicia
388 4212 452 4267 fisco
472 4215 531 4285 plus
553 4232 629 4287 quam
658 4221 774 4274 iustitiae
793 4221 960 4290 tribuebaut3
986 4227 1047 4279 iude
1074 4226 1281 4295 publicabantur
1295 4225 1357 4277 hona
