3017 4892
276 312 351 402 ’τοι
485 358 487 363 ·
569 318 787 395 aiminus
807 316 1076 398 ‚utrumme

277 510 427 593 βλαβειάς
449 500 642 581 ύπόδιιγμα;
674 490 750 561 ὅθεν
778 500 832 561 κατ’
850 494 1031 575 θαυμάζειν
1057 513 1114 573 μοι
1137 488 1345 563 ἕπεταιπῶς
1371 486 1416 553 ot

274 606 442 690 Ῥωμαίων
462 606 604 683 βασιλεῖς
626 595 698 672 τούς
721 595 844 671 εἰδότας
865 594 990 678 ἔχοντες
1013 593 1135 658 πολλῶν
1157 588 1315 675 ἱστοριῶν
1339 588 1416 653 κατ’

278 708 423 793 πράξεων
444 700 624 785 ε’πιχνάσεις
646 701 701 763 καί
720 694 823 780 τύχας
841 694 992 781 λαμπράς
1012 696 1067 758 κατ’
1085 693 1237 767 ταπεινάς
1254 696 1411 775 γινομέ-

279 834 337 885 νας
359 806 391 887 ἒξ
413 807 523 873 αἰτιῶν
554 798 847 886 προφανεστάτων,
869 789 916 862 οἷν
943 799 1008 877 μὲν
1024 798 1059 859 ἐκ
1079 795 1171 859 θείου
1195 792 1299 876 χόλου
1325 800 1429 883 τοῖς,

281 910 555 993 ἁμαρτανομένοις
578 902 727 987 σφοδρῶς
743 896 1014 979 ἐπαναπτομένου,
1038 888 1083 960 ῶν
1104 898 1139 961 δὲ
1160 893 1221 959 α’πό
1245 900 1432 975 βουλευ-5

280 1010 391 1094 μάτων
413 1011 573 1090 γλίσχρων
596 1004 651 1065 κατ’
673 994 811 1081 α’χεννῶν
842 998 897 1063 καί
916 992 1084 1062 άνοικεύων
1098 1005 1166 1071 τοῖς
1188 992 1403 1080 πράγμασιν,

281 1112 396 1176 ου’δὲνα
419 1104 511 1190 λόγον
526 1103 631 1169 αύτῶν
645 1100 840 1185 πεποίηνται,
864 1100 935 1164 ου’δ’
958 1099 1083 1177 άξιοῦσι
1104 1098 1163 1172 τάς
1175 1098 1278 1171 αἰτίας
1302 1122 1404 1175 μαν-

218 1270 221 1277 «
280 1208 391 1275 δύνειν
414 1212 446 1285 ἓξ
467 1197 511 1269 ῶν
531 1204 570 1271 τά
593 1206 725 1268 τοιαῦτα
757 1197 989 1285 δυστυχήματα
1021 1201 1062 1282 τῇ
1079 1199 1246 1279 Ῥωμαίων
1267 1197 1400 1280 ἡγεμο-

255 1376 257 1382 ,
279 1318 331 1400 νιλχ
344 1313 602 1394 προσπίπτουσιν·
619 1306 686 1369 ἀλλ’
701 1299 761 1384 ἔξω
775 1307 877 1388 πάσης
894 1304 1012 1385 βουλῆς
1030 1302 1203 1386 θεοφιλούς
1217 1303 1271 1362 καί
1283 1302 1402 1381 θερα.

280 1414 372 1485 πειίις
401 1410 458 1474 τού
479 1410 569 1471 θείου
596 1404 651 1470 καί
676 1408 733 1489 τῆς
760 1409 822 1469 τῶν
845 1404 988 1485 πατρίων
1010 1398 1116 1482 νόμων
1137 1399 1400 1481 ἐπανορθώσεως
1410 1414 1440 1466 lt

281 1511 517 1591 καθιστάμενοι,
532 1507 678 1589 οἷβούλως
693 1510 749 1570 καί
762 1504 924 1588 προπετῶς
936 1506 981 1578 εἰς
994 1491 1151 1583 πολέμους
1164 1497 1325 1584 μεγάλους
1337 1502 1401 1565 κατ’
1495 1559 1496 1570 ,

281 1609 455 1691 κινδύνους,
477 1610 521 1692 μη
545 1610 695 1692 πρότερον
718 1604 864 1675 τὸνθεόν
886 1603 1108 1684 ἱλεωσάμενοι,
1132 1600 1189 1679 τάς
1205 1601 1398 1681 Ῥωμαϊκὰς

281 1709 433 1793 δυνάμεις
456 1706 628 1793 εἰσάγουσι,
652 1711 707 1774 καί
727 1710 901 1790 πάσχοντες
916 1711 1018 1779 κακῶς
1033 1703 1089 1768 καί
1102 1699 1277 1787 ἡττώμενοι
1303 1704 1396 1786 α’πη-

282 1812 343 1887 νῶς
366 1809 517 1894 αἴσθησιν
537 1811 577 1873 ου’
598 1807 799 1890 λαμβάνουσι
816 1807 871 1889 τῆς
891 1808 926 1870 ἐκ
940 1808 999 1870 τού
1020 1806 1112 1868 θείου
1124 1807 1290 1883 νεμέσεως.
1316 1802 1391 1865 ἀλλ’

282 1910 313 1975 οῖ
334 1912 434 1976 πάλαι
451 1908 605 1992 Ῥωμαῖοι
630 1910 690 1992 ούχ
715 1896 799 1974 ούτω
822 1910 1005 1987 ποιοῦντες,
1023 1904 1080 1981 τάς
1101 1902 1242 1990 φοβερός
1256 1902 1436 1980 ’ἐκείναςλο
1495 1915 1496 1922 ’

282 2018 337 2079 καί
357 2014 467 2096 μάχας
498 2010 552 2075 καί
583 2008 1003 2097 σ’τρατηγιαςκατούρθουν,
1034 2002 1114 2071 α’λλά
1136 2008 1248 2088 καίπερ
1272 2007 1331 2089 τὴν
1352 2008 1393 2069 ἐκ

282 2118 340 2177 τοῦ
362 2114 440 2174 θεοῦ
463 2108 556 2193 λόγου
573 2114 629 2191 καί
647 2114 702 2191 τῆς
724 2113 759 2175 ἐκ
781 2114 836 2194 τῆς
857 2109 999 2194 άρρητου
1020 2106 1075 2173 καί
1091 2106 1280 2192 ύπερφυούς
1305 2127 1393 2187 σαρ-

282 2212 409 2287 κιόσεοις
432 2213 533 2276 αύτού
554 2214 608 2276 καί
628 2209 705 2276 κατά
729 2206 818 2275 τόνδε
840 2209 891 2300 τόν
908 2211 1026 2291 κόσμον
1048 2209 1314 2292 συναναστροφῆς
1331 2228 1391 2270 νο-

284 2318 441 2395 μοθεσίαν
460 2316 571 2396 μηκέτι
600 2313 747 2393 λαβόντες
772 2314 825 2375 ἐπὶ
843 2311 879 2375 τό
905 2314 1009 2388 σέβειν
1040 2310 1079 2375 τά
1103 2314 1177 2374 δεῖν
1200 2310 1255 2371 κατ’
1274 2306 1391 2390 άρετῆς

192 2420 197 2427 ’
286 2417 522 2480 α’ντιποιεΐσδαι
537 2417 590 2477 καί
612 2410 686 2487 τούς
707 2418 763 2495 τῆς
780 2415 992 2496 α’χαθοερχιάς
1012 2414 1130 2493 νόμους
1153 2407 1209 2472 καί
1222 2403 1428 2488 εύσεβειάςοο
1495 2483 1496 2490 ¹

254 2580 258 2590 ,
286 2516 342 2579 καί
361 2511 578 2598 καθαρότητος
608 2509 755 2597 ἐκθύμως
778 2522 910 2599 τηρεῖν,
945 2510 1031 2594 όμως
1051 2516 1089 2598 τῇ
1110 2513 1231 2597 φυσικῇ
1251 2515 1389 2589 μεχολσ-
1495 2537 1496 2584 χ

198 2619 200 2624 ’
288 2616 432 2704 φροσύνη
455 2614 532 2699 πρός
556 2615 612 2692 τάς
636 2617 752 2679 τούτων
785 2614 1026 2699 παρατηρήσεις
1056 2613 1213 2694 νουνεχῶς
1234 2607 1387 2674 ἔπαιδεύ-
1495 2607 1496 2612 ’

288 2739 370 2797 οντο,
390 2716 444 2781 καί
465 2714 552 2802 εἴπερ
575 2720 786 2802 ποτεσυνέβη
808 2716 847 2802 τῇ
861 2716 969 2804 Ῥάμη
991 2714 1053 2782 εἴτε
1067 2710 1157 2799 ἥττης
1180 2711 1385 2796 δυοκλήρημα

360 2900 402 2955 18.
422 2905 599 2975 νομοθεσίας
615 2901 645 2957 G.

290 3084 409 3143 babeant
428 3098 484 3151 eos,
505 3085 551 3153 qni
571 3084 688 3137 calleant
707 3084 889 3154 cognitionem
907 3084 1047 3138 multarum
1071 3084 1241 3138 historiarum
1257 3092 1284 3136 et
1299 3099 1383 3137 rerum

292 3166 320 3209 et
338 3158 458 3209 fortunas
479 3157 631 3222 splendidas
651 3164 677 3206 et
699 3156 824 3219 humiles,
847 3165 918 3209 ortos
940 3160 1027 3211 causis
1045 3158 1269 3210 manifestissimis
1295 3158 1382 3224 partim

289 3230 331 3279 ira
350 3228 440 3279 divina
460 3229 578 3293 peccatis
599 3226 775 3280 vehementer
792 3228 881 3279 addita
898 3231 993 3295 partim
1019 3229 1139 3299 consiliis
1162 3230 1271 3282 minutis
1301 3236 1326 3279 et
1341 3230 1383 3295 ig-

290 3298 427 3350 nobilibus
447 3307 473 3348 et
492 3299 524 3348 ad
542 3313 585 3347 res
603 3312 658 3349 nou
677 3300 755 3365 aptis,
777 3299 877 3351 nullam
906 3302 1035 3353 rationem
1053 3317 1144 3353 eorum
1169 3300 1309 3352 habuerint
1334 3314 1382 3350 ne.

293 3384 346 3437 que
365 3369 489 3420 studeant
508 3384 602 3421 causas
622 3384 799 3437 cognoscere,
819 3371 915 3450 quibus
935 3372 1000 3423 talia
1017 3372 1088 3424 mala
1107 3373 1266 3425 Graecorum
1278 3372 1381 3437 irnperio

292 3439 422 3503 accidant,
441 3440 489 3491 sed
509 3448 582 3491 extra
603 3456 680 3493 omne
699 3442 840 3495 consilium
859 3444 910 3494 deo
929 3454 1068 3511 acceptum
1088 3452 1115 3495 et
1146 3443 1246 3495 cultum
1276 3442 1381 3495 numinis

290 3511 376 3563 divini
399 3518 426 3562 et
443 3512 641 3564 restitutionem
662 3512 752 3581 legum
783 3516 926 3581 patriarum
954 3517 1066 3580 versati,
1091 3516 1274 3583 imprudenter
1302 3522 1326 3564 et
1341 3515 1381 3563 in-

290 3583 394 3635 cautius
414 3582 442 3633 in
459 3581 533 3635 bella
552 3600 647 3653 magna
666 3594 693 3637 et
713 3587 844 3653 pericula,
864 3602 918 3638 non
936 3596 1015 3640 antea
1042 3588 1092 3640 deo
1120 3587 1248 3653 placato,
1276 3586 1380 3638 Graecos

290 3656 425 3707 exereitus
448 3656 544 3707 ducant
563 3664 590 3707 et
608 3657 677 3708 male
696 3657 785 3709 allecti
805 3667 832 3710 et
849 3660 914 3710 victi
935 3659 1090 3724 crudeliter,
1109 3674 1163 3710 non
1181 3658 1381 3709 animadvertent

289 3727 406 3781 divinam
426 3726 564 3780 ultionem.
603 3730 649 3781 sed
664 3729 745 3796 prisci
764 3730 877 3782 Romani
894 3745 949 3781 non
967 3732 1007 3783 sic
1021 3740 1144 3799 agentes,
1170 3728 1306 3782 terribiles
1327 3726 1380 3778 illas

291 3806 320 3850 et
338 3814 441 3867 pugnas
462 3808 488 3850 et
506 3798 691 3867 expeditiones
719 3799 837 3854 feliciter
861 3802 998 3869 agebant:
1017 3810 1045 3854 at
1072 3814 1229 3873 quamquem
1254 3800 1328 3851 verbi
1342 3799 1380 3849 di.

292 3870 360 3932 viui,
378 3872 492 3935 mystico
512 3880 538 3923 et
557 3887 635 3937 supra
652 3882 773 3924 naturam
791 3874 870 3923 modo
887 3874 1017 3925 incarnati
1037 3882 1064 3925 ct
1080 3876 1109 3926 in
1133 3873 1186 3925 boo
1209 3872 1306 3923 mundo
1325 3884 1381 3923 ver.

297 3940 347 3991 sati
366 3938 453 4007 legem
472 3957 527 3994 uon
546 3953 706 4010 acceperant
725 3945 757 3995 ad
776 3944 889 3996 colenda
906 3945 999 3995 diviua
1018 3954 1045 3996 et
1061 3947 1189 3999 virtutem
1207 3944 1342 4011 petendam
1359 3947 1383 3991 et

248 4040 259 4060 a
295 4008 373 4075 leges
393 4011 600 4066 beneficientiae
618 4023 645 4065 et
662 4017 771 4081 pietatis
791 4023 817 4066 et
836 4016 998 4082 integritatis
1015 4019 1135 4070 studiose
1152 4016 1383 4079 observandaatn-

291 4095 354 4133 men
377 4083 493 4135 naturali
512 4088 729 4152 magnanimitate
748 4087 781 4137 ed
803 4086 894 4137 harum
912 4102 1001 4139 rernm
1019 4089 1234 4142 observationem
1252 4089 1385 4155 prudenter

294 4152 476 4207 educabantur
498 4164 578 4223 atque
600 4158 746 4226 siquando
778 4158 876 4208 accidit
902 4158 1003 4212 Romae
1027 4163 1087 4213 sive
1115 4162 1199 4213 cladis
1225 4157 1386 4212 infortunium

294 4226 356 4284 siue
375 4232 405 4278 ut
422 4225 527 4295 signum
545 4242 600 4281 non
623 4229 736 4283 inustum
761 4238 912 4298 appareret,
928 4232 1038 4285 multam
1059 4232 1236 4288 instituebant
1244 4233 1386 4297 intensae·
