3017 4892
440 381 443 389 ·
551 360 787 432 ,meream
1167 338 1240 423 mo

139 537 203 605 τόν
221 533 392 617 πέμψαντά
414 556 464 615 με.
516 532 584 597 ἀλλ’
606 529 737 616 ἔρχεται
765 525 835 615 οδρα
864 532 916 595 ἵνα
937 530 1006 603 πός’
1021 523 1043 590 δ
1060 524 1246 599 δποκτείνας

139 639 231 720 όμός
251 634 326 723 δόξῃ
347 637 494 718 λατρείαν
528 623 723 718 προσήέρειν
752 634 793 720 τῷ
816 630 909 718 θεῷ.”
956 626 1057 705 εόθός
1078 618 1136 691 οόν
1158 616 1246 708 ciim-

140 741 216 803 υιᾶν
245 734 275 802 οἱ
313 738 405 801 τοότα
433 730 711 819 προσημιμόμενοι
743 726 987 816 κατήρξόμεθα,
1018 730 1073 792 καί
1105 727 1246 807 dputes

142 834 227 903 εἶναι
249 834 285 902 τό
307 838 445 921 λαληθὲν
467 838 520 900 ε’νιὶ
540 839 596 918 τῆς
617 831 821 918 σήμειαόσεως
852 827 1082 915 διεχνοόκειμεν.
1125 828 1246 907 ζέοντος

112 941 183 1007 ott
202 942 260 1004 τοῦ
283 943 423 1017 πολέμου
446 939 669 1003 ε’παπέστειλεν
700 934 718 999 o‘
745 933 898 1018 βασιλεός
919 934 973 997 καί
996 929 1050 997 τὸν
1069 926 1245 1012 μόχιστροδ

142 1037 333 1122 Βασιλόκήκ
354 1043 407 1103 καί
425 1038 588 1102 κατεπόνω
611 1035 908 1110 Θεοδοσιουπόλεως
928 1034 1007 1115 με’τδ
1028 1032 1122 1117 τινῶν
1143 1032 1247 1111 ίμχα.

143 1142 224 1222 ρι’ων
244 1142 464 1223 στρατιωτῶν,
498 1138 540 1214 ὥς
570 1141 632 1204 τεόν
653 1143 771 1204 λοιποόυ
802 1128 903 1201 όντων
924 1132 1003 1217 μετὰ
1033 1136 1092 1196 τοό
1116 1134 1248 1215 Τροχα-

143 1238 276 1306 νειιόιου
299 1242 344 1314 είς
367 1237 401 1304 τό
427 1241 546 1305 Χλιάτ.
597 1244 782 1323 προστεθείς
806 1230 874 1302 ’σόν
902 1238 946 1323 τῷ
966 1234 1129 1319 Βρυεννίρι
1149 1231 1248 1313 μέχρι

109 1374 113 1381 ·
144 1339 231 1423 τινός
255 1339 328 1416 τεός
351 1338 602 1424 α’κροβολισμοός
623 1339 681 1404 καί
698 1340 795 1414 αδτός
815 1340 1001 1418 ὑπεδέχετο.
1046 1333 1248 1413 συνθεμένων

97 1451 135 1505 10
145 1442 182 1506 δὲ
197 1444 260 1505 τῶν
276 1442 476 1526 στρατιωτῶν
491 1440 621 1506 κατόπιν
642 1440 743 1505 αότοό
757 1443 956 1516 α’κολοοθεῖν,
976 1438 1249 1517 πρωταγωνιστεῖν

97 1527 106 1535 .
147 1538 248 1616 ου”τός
271 1544 515 1624 καθυπέσχετο,
547 1545 603 1605 καί
630 1537 731 1614 εόθός
761 1536 939 1623 ἐξορμήσας
963 1536 1047 1599 coire
1068 1527 1250 1595 δεδωκότων
1283 1562 1294 1569 ,

144 1644 207 1705 τεόν
236 1638 383 1705 ἐναντίων
419 1643 540 1705 ἐδίωκε.
591 1635 876 1720 συνακολουθήσας
910 1637 939 1699 δ’
968 1633 1056 1721 αόιῷ
1086 1625 1169 1711 posui
1191 1628 1250 1694 τοῦ

146 1740 290 1821 πλήθους
313 1740 329 1802 o‘
342 1743 543 1823 -Βρυόυνιος,
574 1734 651 1817 εἶταἸ
665 1735 741 1813 νοός
772 1738 916 1823 ῥυτῆρας
939 1731 973 1798 ἐκ
994 1730 1194 1813 συνθήματος
1217 1727 1250 1791 εἰ·

146 1839 258 1925 α’χνοίρ
280 1840 336 1903 τοῦ
356 1843 555 1905 Βασιλακίου
579 1834 705 1921 όνὲχειν
726 1836 800 1911 acic
832 1837 913 1922 ἀμφ’
946 1831 1043 1900 αότόν
1062 1825 1250 1914 προτρεψδ·

104 1958 253 2019 merop,
275 1940 399 2024 α’φήκεν
421 1939 519 2004 αὐτόν
539 1937 619 2021 μετό
644 1941 707 2003 τῶν
727 1941 926 2018 πειθομένων
947 1932 1050 2022 τοότρι
1072 1932 1127 1995 καί
1144 1928 1250 2009 μόνων

148 2038 293 2121 α’κρατῶς
314 2037 439 2122 διαόκειυ
462 2043 516 2105 ε’πό
529 2039 623 2105 nott.
667 2038 737 2103 ἐπεί
761 2040 796 2103 δὲ
818 2042 862 2125 τῷ
875 2035 996 2121 χάρακι
1016 2037 1079 2099 τοόυ
1100 2032 1250 2096 ἐναντίων

149 2142 342 2220 προσέμιξε,
380 2141 587 2225 διαπαρέντος
611 2143 670 2203 τοῦ
700 2139 798 2203 innon
829 2140 986 2221 προσέσχε
1008 2135 1046 2219 τῇ
1067 2133 1126 2221 μή,
1151 2126 1250 2213 θέρου

150 2243 215 2303 τιόν
237 2225 351 2305 όπλωνΙ
372 2238 616 2327 ἐπιφερόμενος·
671 2238 721 2304 διό
752 2239 808 2303 καί
838 2240 1062 2322 περιχυθέντες
1091 2228 1189 2299 αότόν
1221 2223 1251 2293 οἶ

150 2346 294 2421 πολέμιοι
318 2344 435 2431 ζωγρίᾳ
456 2342 667 2423 λαμβάνουσι.

106 2462 141 2516 20
251 2441 509 2526 Καταλαβοόσης
532 2446 568 2506 δὲ
588 2441 705 2525 ταότης
727 2444 782 2525 τῆς
806 2437 953 2524 α’γγελίας
975 2437 1030 2503 τόν
1042 2436 1176 2519 βασιλέα
1198 2428 1253 2497 καί

150 2541 204 2607 τόν
227 2539 382 2627 στρατόν,
406 2543 510 2606 δειλία
531 2547 586 2606 καί
605 2545 761 2608 κινδύνων
785 2544 872 2616 ἐλπίς
900 2548 964 2616 τοῖς
983 2538 1151 2619 Ῥωμαίοις
1172 2536 1247 2599 ἑπέ-

150 2660 294 2729 σκηψεν,
317 2648 387 2709 inei
406 2645 460 2709 καί
482 2642 511 2709 oi
541 2645 735 2730 τραυματίαι
764 2643 909 2729 φορόδήν
936 2637 1251 2723 crepitusque

153 2962 384 3022 contempserunt,
411 2962 503 3007 vestra
528 2970 635 3025 quoque
667 2962 851 3009 contemnent:
881 2956 949 3008 lraeo
974 2970 1040 3009 vero
1060 2953 1147 3006 omnia
1174 2954 1251 3008 vobio

153 3028 267 3091 lanient,
286 3027 357 3097 quod
370 3028 429 3096 quis
448 3043 490 3077 mc
508 3028 611 3081 miserit
629 3031 763 3099 ignorant.
801 3029 849 3081 sed
867 3028 943 3081 adest
958 3034 1073 3094 tempus,
1095 3026 1140 3077 ubi
1160 3041 1251 3080 omnes

153 3100 196 3167 qui
214 3112 263 3151 vos
284 3099 422 3162 occident,
441 3100 492 3165 deo
509 3101 613 3153 servire
632 3101 819 3154 videbuntur.“
843 3100 929 3153 statim
949 3113 1015 3151 vero
1033 3096 1167 3165 trepidare
1186 3111 1252 3149 coo-

152 3172 245 3238 pimus‚
264 3173 310 3239 qui
329 3170 379 3223 bac
398 3188 432 3223 ex
450 3188 481 3225 το
495 3173 717 3240 significationem
739 3171 910 3240 ceperamus:
930 3186 996 3225 vera
1016 3170 1087 3223 euim
1105 3182 1166 3221 esse
1184 3182 1252 3235 quse

152 3242 263 3307 dicebat,
282 3244 309 3293 in
327 3243 527 3313 significatione
551 3260 774 3314 cognoveramus.
820 3244 931 3297 ardente
949 3249 1038 3294 autem
1065 3238 1138 3293 bello
1158 3254 1207 3291 rex
1225 3246 1252 3296 et
1316 3296 1321 3320 ,

152 3313 290 3367 anilucerr
309 3318 461 3384 magistrum
478 3324 504 3367 et
517 3316 741 3384 Theodosiopolis
760 3316 925 3383 praelectum
945 3330 1003 3366 curn
1022 3312 1121 3365 innatis
1140 3311 1252 3379 quibuo..

153 3386 208 3437 dam
225 3386 347 3439 milititus
367 3388 500 3441 (ibliatum
521 3390 610 3453 misit,
631 3388 745 3455 reliquis
771 3404 830 3440 cunr
848 3386 1024 3441 Trachoniote
1045 3384 1183 3453 proiectis.
1203 3381 1252 3435 ud.

153 3457 219 3515 ditus
238 3457 320 3523 igitur
338 3459 475 3523 Bryeunio
494 3458 656 3527 aliquamdiu
674 3460 781 3526 proelia
800 3459 990 3512 eminusiacta
1009 3465 1037 3510 et
1058 3458 1117 3524 ipse
1137 3453 1252 3521 excepit

153 3524 278 3576 militibus
297 3537 384 3579 nutem
405 3546 464 3579 curn
483 3544 498 3579 a
516 3537 594 3597 tergo
613 3532 689 3597 sequi
709 3530 884 3583 adnuentibus
898 3533 984 3597 ipsum
1004 3544 1033 3581 se
1048 3544 1112 3596 pree
1131 3524 1253 3579 omnibus

154 3603 327 3662 pugnaturum
348 3614 408 3650 esse
425 3597 563 3663 pollicitus
583 3609 631 3664 est,
651 3602 792 3667 statimque
819 3602 967 3668 proiectus,
987 3616 1045 3651 curn
1064 3600 1157 3651 hostes
1177 3606 1254 3664 terga

155 3667 296 3731 dedissent,
318 3683 364 3717 eos
383 3668 602 3735 persequebatur,
622 3669 754 3735 simulque
781 3686 839 3720 cum
860 3685 891 3720 eo
910 3671 1062 3734 Brycrrrrius
1082 3684 1142 3719 cunr
1159 3667 1253 3717 multi.

155 3738 258 3789 tudine:
278 3746 332 3788 tum
345 3753 410 3790 vero
424 3738 510 3802 irena,
532 3747 560 3789 ut
574 3748 748 3803 convenerat,
768 3742 908 3806 ignorante
920 3741 1053 3792 anilacio
1073 3738 1170 3792 tollere
1189 3752 1252 3789 suos

156 3809 231 3859 iussit
250 3817 276 3859 et
294 3809 393 3861 dimisit
417 3825 476 3859 eum
496 3825 555 3861 cum
573 3812 616 3875 iis,
645 3811 689 3877 qui
716 3810 778 3861 buic
798 3812 850 3863 soli
875 3819 1010 3877 parerent.
1030 3820 1059 3863 ut
1078 3810 1252 3864 vehementer

156 3878 235 3945 longe
253 3889 486 3949 persequerentur.
507 3897 565 3932 cnm
584 3890 671 3932 autem
685 3880 759 3933 vallo
779 3882 893 3933 hostium
913 3883 1161 3950 appropinquasset,
1182 3895 1252 3949 equo

157 3951 299 4004 transfosso
314 3954 341 4003 in
362 3961 459 4003 terram
478 3953 570 4003 incidit
587 3967 717 4005 armorum
730 3954 863 4024 gravitate
884 3968 1051 4020 suppressus.
1089 3955 1178 4019 itaque
1198 3952 1251 4003 ho.

157 4027 206 4073 stes
225 4024 377 4075 circumfusi
397 4026 486 4076 vivum
506 4040 565 4075 eum
585 4026 701 4091 capiunt.

251 4112 309 4175 Quo
329 4114 422 4163 nuntio
446 4113 478 4163 ad
497 4128 588 4180 regem
607 4111 690 4163 allato
710 4121 737 4163 et
761 4107 797 4164 ad¹
813 4115 977 4175 exercitum,
998 4112 1092 4165 Graeci
1111 4113 1250 4164 timiditate

158 4191 182 4235 ct
197 4182 376 4250 periculorum
401 4192 473 4234 metu
497 4185 620 4251 oppressi
647 4192 718 4250 aunt,
734 4197 797 4239 'eum
823 4186 902 4237 etium
923 4182 1053 4237 vulnerati
1073 4192 1249 4253 apportaren-

159 4259 197 4305 tur
215 4262 325 4322 propter
342 4253 482 4309 vulnerum
501 4254 620 4310 dolorem
643 4257 817 4325 inspirentur.
861 4263 969 4311 coactus
987 4258 1069 4327 igitur
1086 4271 1135 4309 νει
1154 4266 1248 4324 spret-
