3017 4892
599 323 806 392 HISTORIA.
917 357 919 363 ·
1188 313 1262 390 258

150 497 245 582 λακῇ
274 493 329 558 κατ’
354 495 482 574 δεσμοῖς
519 491 573 557 διά
592 491 627 558 τά
656 494 712 559 κατ’
729 492 790 579 πρὸ
821 491 950 577 ἡμερῶν
980 492 1075 556 τινῶν
1094 488 1264 578 άλωθῆναι
1307 535 1312 543 ,

153 596 342 682 φυγαδείαν
365 590 513 676 ἑλόμενον
534 597 589 658 ἐπὶ
609 599 651 682 τῷ
681 592 760 680 πρὸς
787 591 841 659 τάν
865 587 1101 676 Βοταννειάτην
1122 593 1265 671 ου’τομο-

62 739 66 744 =
152 699 259 780 λῆσαι
282 696 320 782 τῇ
343 691 468 781 Λάμπῃ
491 697 739 780 ἐνδιατρίβοντα,
761 691 949 780 ἠναγκάσθη
970 691 1041 758 τότε
1062 686 1079 752 δ
1101 689 1263 776 βασιλεύς,

153 799 226 862 ταῖυ
252 791 448 878 πραγμάτων
478 789 583 880 άσπερ
617 797 786 882 ῥευμάτων
816 793 998 861 θαλαττίων
1029 792 1265 875 ἐπικεχυμένων
1309 855 1313 860 ,

123 895 267 984 5οιάτῷ,
298 893 419 980 βοηθὸν
449 897 505 962 τάν
536 888 638 982 άνδρα
661 896 716 962 καὶ
740 897 943 981 συλλήπτορα
965 897 1166 980 προσλαβεῖν.
1209 893 1266 974 τῆς

156 991 222 1064 σάν
244 1003 391 1085 φρουράς
414 994 511 1066 αδτδν
531 995 662 1078 έξελιάν,
688 999 740 1064 κατ’
762 1005 892 1082 πολλοῖς,
911 995 996 1081 ,πρὸς
1020 991 1116 1062 αὐτὸν
1138 997 1266 1076 έπαχω-

154 1107 228 1184 γοῖς
249 1097 451 1186 χρησάμενος
471 1099 603 1187 ῥήμασι,
625 1099 680 1165 κατ’
702 1102 879 1185 α’μνηστέαν
897 1101 961 1163 τάν
979 1099 1141 1182 προτέρων
1163 1119 1264 1160 κατα-

156 1197 333 1281 σκευάσας,
355 1203 410 1264 καί
427 1206 558 1278 πολλοῖς
578 1199 772 1283 ὑποσχέσεσι
792 1203 848 1265 κατ’
869 1196 986 1284 δώροις
1006 1195 1061 1262 κατ’
1078 1203 1185 1278 τιμαῖς
1206 1220 1261 1261 κα.

157 1299 347 1382 ταμαλάξας
368 1300 428 1383 τὴν
446 1299 560 1366 τούτου
584 1301 710 1385 ψυχήν,
741 1297 894 1385 καὶπρὸς
915 1292 1042 1364 εάνοιαν
1061 1299 1264 1378 μεταθέσθαι

109 1424 148 1478 10
158 1403 219 1468 κατ’
237 1401 342 1467 πίστιν
363 1401 608 1484 παρασκευάσας
625 1401 816 1488 άπάρπητον,
839 1405 884 1476 εἰς
904 1396 964 1484 τήν
984 1396 1065 1464 κατά
1087 1400 1265 1464 τάν-ἔναν-

156 1508 238 1569 τι’ων
269 1503 519 1585 ἀντιπαράταξιν
550 1506 762 1589 διηυτρέπισε.
815 1501 869 1565 καί
897 1502 960 1564 άπὸ
985 1503 1046 1564 ταῖν
1067 1501 1183 1580 τειχῶν
1204 1500 1264 1580 μὲν

157 1602 375 1690 διαλεχθῆναι
399 1604 553 1686 πρότερον
585 1613 651 1678 τοῖς
680 1606 812 1668 συνοῦσι
835 1603 994 1686 Φράγχοις
1028 1602 1078 1688 τῷ·
1100 1603 1264 1687 Βρυευνέφ

158 1708 348 1787 πεποίηκεν,
368 1705 411 1777 ιάς
434 1704 476 1766 δι’
498 1703 554 1764 οδκ
576 1699 681 1768 ἔπεισε
701 1700 833 1779 τούτους
857 1699 913 1767 κατ’
932 1688 1139 1785 προεχοάρουν
1161 1702 1207 1774 εἰς
1224 1698 1261 1765 τά

161 1802 265 1867 ὀπίσω
288 1799 366 1885 πρὸς
392 1802 432 1867 τά
462 1804 516 1886 τῆς
547 1800 684 1896 ἑσπέρας
705 1800 878 1889 ένδδτερα,
912 1797 989 1887 ἥτε
1009 1801 1102 1886 φήμη
1125 1799 1265 1885 προσήγ.

118 1908 247 1985 ς5χειλε
268 1901 321 1967 τδν
350 1906 606 1988 τοδΒρυευντόυ
639 1904 841 1991 αὐτάδελφον
869 1890 1060 1990 α’φυλάκτως
1086 1900 1175 1977 έντάς
1206 1903 1266 1966 τοῦ

165 2000 302 2084 Ἀθάρος
333 2005 545 2088 έπισκηνοδν,
575 2003 772 2087 συμβούλιον
801 2006 924 2088 γέγονεν
956 2007 1101 2070 έσελθεῖν
1123 2003 1266 2092 αάτῷέξ

163 2097 302 2189 ε’φάδου,
324 2107 572 2190 στρατηγοῦντος
599 2108 655 2172 rori
677 2107 836 2191 προέδρου
855 2105 1000 2184 Ἀλεξίου
1031 2103 1091 2170 σδν
1112 2107 1156 2192 τῷ
1172 2099 1268 2169 Ῥου-

164 2210 280 2294 σελιλρ,
311 2203 390 2286 μετά
427 2207 487 2270 τάν
517 2203 551 2270 έν
578 2208 618 2292 τῇ
646 2208 789 2288 βασιλίδι
818 2207 1028 2289 στρατιωτῶν.
1071 2199 1178 2288 ὅρκοις
1208 2193 1267 2269 οὖν

165 2307 433 2393 φρικωδεστάτοις
443 2305 482 2371 τά
497 2306 591 2372 πιστά
603 2305 748 2382 δεδωκάς
758 2309 801 2392 τῷ
810 2311 942 2387 βασιλεῖ
952 2303 968 2369 ά
986 2308 1165 2383 Ῥουσέλιος
1178 2306 1212 2369 έν
1226 2305 1270 2393 τῷ

122 2408 377 2496 φοπανσεβάστφ
395 2409 481 2496 σηκῷ
503 2410 565 2471 τῶν
581 2407 779 2490 Βλαχερνιάν
801 2407 890 2495 αάτῷ
911 2407 1137 2487 συνδοάσαντι,
1158 2402 1268 2480 νυκτδς
1280 2423 1301 2478 f,
1315 2422 1407 2480 υνυς,

167 2512 280 2595 ε”ξῆλθε
308 2513 363 2589 τῆς
393 2507 522 2586 πόλεως.
561 2504 702 2574 Ῥωσικά
736 2510 772 2572 δὲ
795 2513 909 2587 πλοῖα,
936 2506 995 2590 τὴν
1021 2504 1082 2571 ’άπά
1107 2505 1269 2592 θαλάσσης

165 2612 427 2692 ,παραχχελθέντα
449 2611 606 2694 ἐπίθεσιν,
619 2611 772 2692 σύνθημα
791 2612 954 2692 παρέσχον
975 2616 1041 2682 τοῖς
1062 2609 1128 2672 κατ’
1142 2600 1272 2691 ἤπειρον

168 2708 397 2794 στρατιώταις,
430 2711 470 2773 ἵν’
501 2705 717 2796 δρθριιάτερον
746 2703 814 2789 άμα
846 2711 890 2794 τῷ
910 2709 1033 2794 Ἀθάρα
1055 2707 1271 2794 προσβάλωσι,

173 3014 240 3066 euim
258 3028 318 3064 eum
341 3013 369 3064 in
389 3012 509 3066 custodia
529 3019 556 3064 et
576 3011 712 3078 vinculis,
738 3013 800 3081 quie
826 3013 905 3064 etium
932 3012 1026 3065 diebus
1053 3010 1191 3064 nonnullis
1209 3020 1272 3065 nuto
1313 3065 1323 3082 χ

172 3085 352 3152 deprehensus
373 3092 430 3136 erat
451 3084 540 3153 iugum
562 3083 666 3153 eligens
684 3092 714 3136 ut
732 3085 940 3138 adBotuniutum
959 3083 1140 3152 transfugeret
1158 3083 1273 3150 lampae
1302 3088 1328 3120 k

150 3179 152 3184 ’
171 3164 329 3220 versantem,
350 3163 457 3209 conotus
477 3164 518 3209 est
536 3164 590 3207 tum
604 3172 662 3219 rex,
684 3156 765 3211 rebus
783 3165 907 3225 tunquam
927 3154 1051 3207 ductibus
1066 3155 1146 3207 muris
1164 3155 1273 3206 irruen.

171 3225 264 3280 tibus
257 3245 284 3280 m
304 3245 373 3292 eum,
392 3227 566 3280 auxiliantem
583 3229 669 3280 virum
696 3236 723 3279 et
741 3230 844 3281 socium
868 3226 1005 3280 adhihere.
1051 3225 1172 3278 custodia
1189 3225 1274 3293 igitur

171 3317 227 3352 eum
248 3302 366 3353 eximens
387 3308 413 3352 et
431 3300 521 3352 multis
538 3316 603 3369 erge
619 3317 678 3351 eum
697 3299 880 3352 allicientibus
899 3315 963 3354 usus
982 3298 1083 3362 verbis,
1104 3305 1131 3349 et
1150 3296 1272 3348 oblivio.

171 3387 228 3424 nem
245 3373 365 3436 priorum
384 3373 526 3424 instituens
546 3381 572 3424 et
590 3371 679 3424 multis
698 3374 835 3439 promissis
869 3380 896 3423 et
913 3372 990 3423 donis
1010 3377 1037 3422 et
1055 3368 1202 3421 honoribus
1221 3368 1271 3419 de-

171 3440 287 3492 mulcens
307 3442 386 3493 huius
405 3444 520 3494 animum
546 3451 573 3494 et
593 3444 626 3495 ed
647 3441 866 3495 benevolentium
893 3452 1001 3495 vertere
1021 3449 1048 3492 et
1065 3442 1145 3492 fidem
1162 3439 1271 3492 studens

172 3511 357 3562 immutabilem
377 3514 470 3563 ordine
491 3521 584 3564 eontra
603 3514 694 3564 hostes
719 3516 844 3580 opposito
874 3531 933 3565 eum
954 3513 1090 3576 instruxit,
1110 3519 1138 3562 et
1156 3526 1172 3562 ε
1189 3509 1272 3560 muris

173 3581 389 3648 colloquituntea
407 3598 465 3633 cum
486 3583 607 3648 Frangis,
630 3584 675 3649 qui
695 3598 752 3633 cum
765 3584 901 3648 Brpennio
922 3591 1007 3646 erunt,
1029 3598 1088 3633 eum
1105 3583 1193 3633 iussit
1213 3594 1273 3632 eum

173 3661 257 3704 autem
275 3667 329 3702 uon
350 3653 524 3717 persuaderet
541 3651 582 3702 his
605 3660 631 3702 et
655 3654 882 3719 progrederentur
912 3654 944 3704 nd
963 3654 1106 3704 interiores
1126 3651 1273 3702 occidentis

174 3732 259 3791 partes
280 3723 395 3775 etfama
418 3725 571 3785 nuntiaret,
597 3723 727 3788 Bryennii
749 3723 857 3774 lrutrem
877 3722 1030 3791 inconsulto
1056 3723 1126 3772 intru
1143 3721 1273 3787 Athyrem

175 3797 282 3858 versari,
303 3795 445 3847 consilium
463 3795 615 3846 factumest
631 3794 805 3862 aggrediendi
820 3810 879 3845 eum
897 3795 1008 3859 impetu,
1027 3793 1176 3860 imperante
1191 3807 1272 3858 prue-

139 3903 142 3912 .
176 3867 228 3919 side
247 3866 346 3918 Alexio
368 3875 394 3918 et
412 3865 526 3918 Ruselio
553 3881 611 3916 cum
630 3865 776 3930 militibus,
797 3866 842 3934 qui
868 3866 895 3916 in
915 3865 981 3916 urhe
1003 3871 1086 3916 erant
1124 3863 1272 3916 iuribusiu-

84 3961 85 3968 ν
122 3997 128 4007 x
174 3937 258 3991 randis
278 3953 343 4006 ergo
365 3939 530 4006 gravissimis
549 3938 627 3989 iidem
652 3946 791 4006 postquem
816 3937 889 3989 dedit
905 3937 965 4005 regi
984 3935 1135 3989 Ruselius'
1127 3950 1156 3986 m
1172 3935 1272 4002 templo

173 4009 378 4062 Blachemurum
401 4010 514 4060 maxime
543 4008 694 4061 venerabili
720 4024 777 4060 eum
807 4023 840 4060 eo
866 4023 1012 4076 congresso
1041 4016 1122 4060 noctu
1148 4022 1273 4076 egressus

175 4089 211 4133 est
228 4081 309 4132 πολιαι
328 4081 427 4134 Rosica
446 4089 533 4132 autem
551 4083 661 4149 navigia
680 4081 839 4132 maritimum
857 4082 983 4146 impetum
999 4069 1149 4132 nuntientiu
1167 4080 1272 4148 signum

174 4153 349 4219 praebuerunt
362 4152 518 4204 militibus'
511 4169 538 4203 m
558 4154 708 4206 continenti
728 4153 890 4217 constitutis,
909 4159 938 4204 ut
955 4167 1033 4204 mune
1052 4151 1129 4204 simul
1142 4151 1317 4216 Atlrpuem

174 4225 390 4296 aggrederentur,
411 4233 492 4293 utque
510 4223 680 4279 includentes
694 4224 877 4278 adversarium
890 4239 950 4277 oum
962 4223 1083 4279 omnibus
1101 4224 1158 4279 suis
1177 4229 1206 4274 et
1221 4221 1272 4274 do-
