3017 4892
277 275 351 352 οοο
494 241 499 264 '
586 278 805 350 nicarum
834 274 1096 349 κπκιισοκε

200 519 207 525 ,
277 449 379 518 αύτού
412 448 555 536 πράξεσι.
605 451 660 518 καί
678 451 805 535 μάρτυς
834 449 934 528 αύτός
963 446 1198 537 ὅσυμμρύφαν
1226 445 1324 537 irai,
1355 441 1429 515 ὅτι

276 552 425 637 δικαστὴς
453 552 506 618 διὰ
538 551 664 638 χρόνων
686 558 810 620 πολλῶν
829 551 1013 638 γενόμενος,
1044 555 1101 617 καί
1119 552 1201 617 πᾶσι
1221 551 1427 637 στρατευό-

274 679 345 730 ταις
371 657 426 718 καί
455 659 597 730 πολίταις
627 659 682 720 καί
711 648 851 742 ἄρχουσι
884 653 964 720 κατοὶ
997 678 1032 720 τε
1064 651 1121 737 τη“ν
1142 652 1421 735 βασιλεύουσαν

243 733 248 751 ’
275 753 354 820 κατοὶ
375 777 408 819 τε
428 751 486 830 τοὶς
514 753 683 836 βασιλικὰς
713 753 914 840 ἐκστρατείας
952 751 1086 830 δικάσας
1117 756 1193 838 περί
1213 749 1418 838 διαφόρων

275 853 403 939 φύντων
423 857 479 920 καί
493 853 688 942 ὑποθέσεων,
712 854 821 921 ου’δενί
840 859 1033 945 δικαστηρίῳ
1047 855 1156 919 τούτου
1176 841 1273 938 εύρον
1302 851 1444 917 ἄλευ’-5

276 979 390 1042 σιμον,
423 955 497 1040 περί
516 961 632 1042 μικροῦ
660 951 851 1042 ἢμεμίστου
883 956 1157 1042 κατηγορούμενον
1184 955 1252 1039 πρύ
1271 977 1410 1035 ματος.

273 1048 375 1141 ύπαμε
404 1055 558 1142 ἀληθειαν
589 1060 644 1123 ἐπί
669 1058 814 1144 μάρτυρι
841 1061 906 1148 θεῷ
934 1060 988 1123 καί
1014 1059 1054 1122 ού
1074 1059 1194 1140 ψεῦδος
1214 979 1409 1121 κοέαιίοκὸν

272 1157 535 1245 α’ποφθέμησμαι.

372 1258 465 1343 Πρὸς
484 1261 595 1326 τούτου
616 1252 674 1324 odo
697 1259 878 1342 ύποβλέπον
894 1257 927 1324 ιδ
950 1260 1007 1344 τῆς
1022 1262 1180 1336 πολιτείας
1199 1253 1402 1342 συνύθροι-

274 1383 341 1441 σμα
361 1355 493 1444 πρᾶγμύ
513 1384 543 1424 τι
566 1363 670 1449 τολμᾷ
692 1362 754 1426 τοόν
780 1358 906 1426 πώποτε
924 1362 1097 1444 γενομέναν
1115 1359 1307 1446 ὑπερφέρον
1333 1359 1402 1421 καί
1411 1376 1442 1430 lo

272 1463 434 1546 μέγιστον.
477 1465 535 1526 τού
552 1459 613 1546 yde
634 1461 857 1543 βασιλεύοντος
878 1461 923 1537 εἰς
944 1458 985 1526 τύ
1013 1463 1046 1525 ἐν
1059 1463 1263 1544 Βλαχὲρναις
1284 1455 1397 1522 α’νάιι.

272 1583 351 1645 τορα
390 1560 470 1626 κατύ
502 1561 559 1646 τη“ν
589 1559 741 1645 κυριακὴν
766 1563 1010 1647 προκαθημένου
1041 1561 1094 1626 καί
1113 1559 1395 1643 χρηματίζοντος,

276 1663 329 1725 καί
349 1657 452 1746 πάσης
477 1665 532 1745 τῆς
562 1661 739 1746 συγκλήτου
769 1667 1005 1747 παρισταμένης
1025 1661 1131 1749 αύτῷ,
1154 1659 1184 1724 οἱ
1206 1662 1240 1724 έν
1259 1660 1304 1746 τῷ
1327 1683 1390 1739 με.

175 1827 181 1842 ,
271 1762 359 1848 μύλην
381 1767 501 1843 τεμένει
522 1764 575 1847 τῆς
596 1765 652 1827 τοῦ
673 1767 752 1828 θεοῦ
765 1763 881 1849 σοφίας
902 1761 1168 1848 ἐκκλησιάζοντες,
1189 1759 1295 1826 πάντα
1319 1757 1389 1847 φύ.

272 1868 329 1945 βον
350 1865 409 1927 τού
428 1863 584 1944 βασιλέως
611 1862 860 1947 ἀποσεισάμενοι
892 1867 945 1937 καί
973 1864 1284 1950 δημοκρατουμένους
1298 1860 1386 1927 {uv-
1395 1879 1428 1930 1⁵

271 1963 346 2041 τούς
368 1965 527 2048 οἰηθέντες
549 1968 667 2050 (πείθει
687 1965 749 2050 γὰρ
772 1963 788 2028 ὅ
813 1963 908 2051 φόβος
929 1966 1063 2029 actaeo
1083 1963 1261 2062 α’νεφίκτων
1281 1989 1385 2028 κατα-

271 2067 427 2152 τολμύν),
449 2065 676 2149 ἀναγορεύουσι
706 2064 761 2131 τὸν
782 2063 995 2153 Βοτανειύτην
1021 2071 1154 2149 βασιλέα
1182 2071 1319 2154 λαμπρᾷ
1340 2067 1384 2151 τῇ

177 2219 179 2222 .
272 2165 365 2251 φωνῇ
395 2166 433 2250 τῇ
466 2162 618 2251 ἐπαύριον
638 2168 694 2250 τῆς
722 2169 976 2258 λαμπαδηφύρου
1013 2169 1075 2232 τῶν
1104 2170 1287 2253 θεοφανίοιν
1307 2159 1381 2246 ἤτοι

278 2269 342 2332 τῶν
366 2261 480 2350 φιύτιον
503 2262 629 2350 ἑορτῆς,
649 2263 695 2332 έτι
717 2263 834 2333 τούτου
862 2270 896 2332 έν
917 2271 960 2358 τῷ
991 2270 1062 2357 ι’διλρ
1084 2270 1265 2353 καθημένου
1288 2266 1382 2331 πολί-

274 2390 373 2449 σματι
394 2363 473 2430 κατύ
494 2365 552 2448 τὴν
579 2368 639 2433 τῶν
662 2367 852 2438 οἷνατολικοῖν
874 2371 1051 2453 έπαρχίοιν,
1079 2373 1134 2433 καί
1159 2369 1320 2454 μηδεμιᾶς
1341 2370 1418 2436 dato

270 2466 386 2533 τούτου
417 2469 679 2553 προσδοκωμένης
707 2471 761 2555 τῆς
794 2470 994 2554 ἐκδικήσεως.
1048 2472 1171 2556 οἰηθείη
1193 2473 1231 2533 ’δ’
1261 2462 1300 2534 ἄν
1322 2488 1372 2541 τις

271 2562 321 2633 ὅτι
339 2565 590 2652 χρυσοβούλλιον
620 2571 820 2653 ἀναγκασθὲν
839 2570 954 2638 τούτου
983 2571 1036 2637 κατ’
1057 2570 1097 2636 τύ
1117 2570 1248 2656 θυμηρη
1271 2573 1372 2634 καθυ-

272 2652 508 2752 πισχνούμενον
529 2671 717 2755 διεθέρμανε
741 2669 816 2748 τούς
845 2674 971 2750 πολίτας
990 2671 1068 2759 πρὸς
1090 2672 1148 2758 τὴν
1168 2672 1268 2738 αύτσύ
1292 2670 1372 2735 ἀνα-

272 2769 429 2856 γόρευσιν.
473 2769 533 2836 ούκ
552 2766 619 2838 ’ἔστι
640 2775 745 2857 τούτο,
770 2773 828 2838 ούκ
854 2771 940 2840 ἔστιὁ
979 2770 1155 2860 προλαβών
1171 2774 1232 2857 γὰρ
1254 2771 1271 2836 o‘
1292 2795 1368 2858 κρα-

345 2931 387 2986 13.
407 2935 602 3007 συγκρίτουῦ.

271 3104 329 3155 me,
355 3106 413 3143 eum
439 3091 520 3144 iudex
540 3107 689 3159 perennes
712 3092 810 3145 multos
831 3109 915 3147 essem
936 3103 963 3147 et
973 3110 1065 3149 omues
1083 3097 1181 3149 milites
1202 3103 1229 3146 et
1249 3097 1316 3148 eires
1334 3101 1361 3145 et

270 3163 430 3228 imperantes
449 3165 476 3214 iu
496 3165 571 3230 regia
597 3173 623 3214 et
640 3164 723 3232 regiis
744 3165 957 3230 expeditionibus
976 3169 1120 3221 iudicarem
1144 3170 1176 3219 de
1194 3166 1302 3220 diversis
1318 3167 1359 3218 fa-

271 3235 320 3284 ctis
334 3242 360 3284 ct
374 3235 552 3301 argumentis,
572 3233 642 3285 huuc
662 3235 737 3286 uullo
757 3237 856 3288 iudicio
875 3240 1012 3291 iuvenisse
1031 3240 1240 3308 deprehensum,
1258 3247 1358 3306 propter

270 3319 378 3372 parvam
406 3303 451 3355 vel
475 3306 614 3355 maximam
639 3314 790 3358 accusatum
810 3324 881 3361 rem:
907 3326 1007 3380 apage:
1032 3313 1173 3364 veritatem
1201 3327 1247 3378 per
1268 3319 1357 3362 testem

269 3376 347 3427 deum
365 3389 454 3443 neque
473 3375 638 3427 mendacium
660 3377 785 3431 blandum
805 3378 912 3447 loquor.

368 3463 408 3514 Ad
428 3461 498 3513 huuc
518 3463 600 3530 igitur
618 3467 767 3532 respiciens
793 3469 911 3521 civitatis
932 3471 1071 3524 multitudo
1095 3489 1151 3524 rem
1171 3472 1293 3542 quandam
1309 3486 1353 3522 su.

269 3534 350 3601 scipit
370 3534 451 3585 rebus
477 3549 591 3602 uuquam
619 3536 696 3590 iactis
726 3541 892 3605 superiorem
918 3551 945 3593 et
969 3546 1117 3595 maximam.
1166 3560 1232 3614 rege
1251 3543 1311 3594 enim
1327 3543 1352 3593 in

268 3605 476 3658 Blachernarum
504 3607 604 3674 templo
632 3609 766 3662 dominica
792 3614 962 3679 praesidente
985 3624 1012 3666 et
1028 3624 1154 3669 versante
1178 3625 1206 3667 et
1223 3623 1274 3668 toto
1292 3629 1351 3666 con-

268 3686 353 3730 uentu
374 3680 494 3732 adstante
514 3685 541 3729 et
561 3682 753 3734 couvenientes
772 3685 800 3734 in
825 3701 948 3752 magnum
972 3685 1062 3738 ianam
1080 3690 1228 3755 sapientiae
1245 3687 1284 3738 dei
1299 3701 1351 3738 ern-

267 3764 329 3813 nem
353 3751 473 3802 timorem
491 3751 564 3817 regis
587 3753 756 3805 excutiebant
781 3763 808 3806 et
832 3756 955 3823 populari
979 3759 1092 3824 imperio
1110 3775 1140 3812 se
1153 3760 1289 3828 gubernari
1304 3773 1350 3825 pu.

269 3827 354 3872 tautes
374 3822 532 3891 (persuadet
550 3824 619 3874 euim
638 3825 725 3904 timor,
745 3834 774 3877 ut
793 3829 873 3878 etiam
893 3843 962 3896 quae
982 3830 1040 3880 iieri
1059 3845 1113 3883 nou
1137 3833 1248 3900 possint,
1262 3831 1349 3882 audea-

265 3896 340 3964 mus)
366 3894 519 3944 renuntiant
543 3893 710 3946 Botauiatem
738 3913 829 3965 regem
859 3898 932 3950 clara
963 3915 1052 3966 voce,
1076 3911 1186 3970 postero
1207 3903 1249 3954 die
1264 3901 1347 3953 facium

268 3959 500 4027 Theophaniorum
519 3965 578 4016 sive
599 3965 727 4018 luminum
748 3968 820 4034 festi,
841 3971 976 4022 etiamtum
1000 3972 1098 4025 hoc'in
1117 3991 1166 4026 suo
1184 3974 1287 4026 sedente
1302 3986 1347 4038 op.

184 4081 190 4092 ,
268 4031 330 4099 pido
350 4032 377 4082 in
397 4035 507 4087 orientis
527 4038 667 4103 provincia
685 4038 815 4108 nullaque
841 4057 875 4092 ex
892 4041 944 4092 hoe
968 4053 1122 4111 exspectata
1141 4045 1252 4097 ultione.
1283 4050 1348 4110 putet

268 4103 382 4155 [οτιοεεο
401 4102 512 4172 aliquis,
533 4107 624 4162 literas
654 4109 732 4164 huius
757 4113 940 4178 imperatorias
970 4117 1096 4169 recitatas
1116 4126 1144 4169 et
1161 4126 1236 4186 grata
1250 4115 1346 4183 promit-

267 4181 355 4228 tcutcs
374 4172 515 4228 calidiores
534 4181 681 4235 reddidisse
701 4184 776 4236 cives
795 4183 828 4236 ad
847 4184 905 4250 eius
925 4189 1158 4242 renuntiationem.
1179 4204 1233 4242 nou
1256 4193 1288 4240 est
1301 4186 1345 4254 ita,
