3017 4892
498 321 508 410 j
556 307 801 383 ··ms¹roun.
1010 269 1015 276 ’
1168 302 1245 382 aar

138 473 247 540 τάτου
270 471 384 550 όόνους
404 475 467 539 τάν
489 473 650 556 Κομάνων
669 478 804 559 πολλῶν,
824 476 888 558 πόρ
904 470 1174 556 ταότοιεςόνῆκαν
1194 469 1250 551 καί

140 580 385 661 πυριφλόκιους
415 573 533 652 πολλάς
563 577 751 659 ἀπέδειξαν,
784 573 984 660 ὀργιζόμενοι
1013 576 1056 662 τῷ
1084 571 1248 659 Βρυεννίρν

142 671 199 742 ότι
222 681 371 762 πρέσβεις
394 679 502 742 ου’τοόν
522 674 578 741 ini
605 673 719 742 τοότου
741 675 830 762 παρά
851 680 914 741 τῶν
942 674 1250 761 Ἀδρισνουπυλιτοόν

143 783 383 868 α’νῃρόθρσαν.ι
421 782 479 843 τοό
512 780 546 843 δὲ
567 780 705 863 στροτοό
735 780 918 852 σπουδαίως
943 771 1382 859 κοταλομβάνοττοςημςςη,

111 881 295 965 ὅδρασμόν
318 879 348 945 οἱ
367 881 528 966 βάρβαροι
544 877 651 945 ἔθεντο
672 879 726 944 καί
739 879 842 945 οόκότι
862 889 927 955 τοῖς
942 875 1131 962 Ῥωμαϊκοῖς
1152 874 1252 959 όρίοις

142 988 295 1050 ἐπελθεῖν
317 983 568 1104 παρειόλμησυν

249 1085 296 1151 Ἐν
316 1087 351 1149 δὲ
371 1087 413 1170 τῷ
443 1081 507 1148 ἔτει
537 1082 640 1172 τοόιιρ
674 1083 825 1167 δουλικὴν
859 1079 1045 1168 οόμολόγηοε
1072 1087 1176 1148 πίοιεν
1209 1083 1253 1168 τῷ
1322 1101 1326 1108 ·

144 1184 314 1270 βασιλεῖ’
300 1212 315 1251 ο
334 1183 574 1272 κουροπολάτης
597 1180 821 1269 Φιλάρειοςι
804 1208 820 1246 ο
843 1184 1033 1266 Βπχόμιος·
1068 1172 1169 1258 οότυς
1190 1178 1252 1264 γάρ

147 1292 185 1354 δν
217 1289 334 1373 τόποις,
354 1286 522 1370 δυσβάτοις
553 1290 606 1350 καί
636 1287 771 1370 όρεινοῒς
800 1287 855 1351 κατ’
887 1288 952 1349 τεόν
977 1287 1159 1367 Τουρκικοόν
1189 1306 1253 1346 πο-

101 1388 257 1474 copioso
277 1389 504 1478 ἀπῳκισμένοις
525 1388 582 1464 τάς
602 1389 747 1471 οἰκήσεις,
762 1384 947 1466 ποισόμενος
959 1389 1078 1466 τείχεσι
1093 1386 1250 1468 πλείστοις

148 1488 228 1565 τούς
250 1489 431 1566 στενωποός
464 1491 650 1574 περιέλαβε,
670 1489 724 1550 καί
750 1486 978 1568 κατοχυριόσας
998 1484 1057 1562 τάς
1076 1480 1253 1566 διεκβάσεις

100 1575 101 1580 ¹
149 1587 314 1656 άνάλωτον
333 1599 398 1664 τοῖς
421 1593 521 1654 ἐκεῖσε
541 1589 651 1672 χώραν
668 1587 729 1650 α’πό
746 1590 809 1652 τοῖν
829 1588 982 1651 ἐναντίων
997 1582 1178 1669 εἰργάσατο,
1199 1587 1255 1649 κατ’

149 1693 274 1772 πλῆθος
300 1679 479 1771 Ἀρμενίων
512 1691 567 1752 καί
586 1685 767 1772 ξυγκλύδων
794 1688 919 1771 α’νδροόν
947 1683 1174 1767 συλλεξάμενος
1195 1682 1253 1748 δάε

149 1814 248 1870 νομιν
279 1787 384 1876 ἑαυτῷ
411 1784 629 1875 περιμάχητον
661 1786 898 1874 ἀπειργάσατο,
920 1789 976 1853 καί
995 1789 1040 1875 τῷ
1060 1791 1254 1871 προβεβασι·

105 1898 139 1950 15
150 1891 277 1956 λευκότι
297 1888 555 1966 άκσναόοόλωτος
579 1884 628 1974 ἦν,
653 1892 795 1955 κρίνοιτ’
819 1892 965 1968 ἐξουσίαν
977 1886 1015 1956 τά
1039 1882 1158 1952 ἑαυτοῦ
1172 1899 1255 1971 προ-

150 1993 371 2079 μηθεόμενος,
401 1995 457 2078 καί
477 1989 590 2067 [πόλεις
617 1991 788 2074 βασιλικάς
816 1995 861 2067 εἰς
882 1987 997 2056 ἑαυτόν
1030 1988 1253 2079 οἰκειούμενος,

152 2098 210 2159 καί
228 2096 274 2170 εἰς
309 2097 408 2177 μῆκος
429 2097 563 2178 ἐξαίρων
584 2090 641 2176 τὴν
670 2093 754 2157 ι’δίσν
776 2090 975 2177 κατάκτηοιν.
1026 2095 1082 2158 καί
1099 2090 1172 2156 τότε
1193 2091 1254 2172 μὲν

121 2189 282 2272 ’,οό’τως·,
318 2198 375 2259 τοῦ
396 2197 431 2258 δὲ
445 2190 656 2260 Βοτανειάιου
680 2193 738 2278 τὴν
760 2193 977 2278 αότοκράτορο
1000 2194 1273 2278 περιεζωσμένου,

155 2296 259 2380 α’ρχόγν
288 2297 400 2369 δοῦλος
434 2291 685 2378 αὐτεπάγγελτος
712 2297 817 2377 γέγονε
843 2297 898 2357 καί
928 2291 1085 2376 όπὴρέτης
1111 2296 1145 2358 όν
1174 2293 1254 2356 πᾶσι

111 2396 393 2486 δθπειθὴνιοςμοί
412 2399 475 2460 πᾶν
497 2392 532 2459 τό
554 2394 826 2480 προσταττόμενον
846 2393 1000 2475 ἐπιμελῶς
1025 2392 1255 2479 ἐργαζόμενος·

156 2499 210 2563 καί
230 2497 340 2581 λόγους
364 2496 418 2561 διά
433 2499 558 2582 γραφῆς
575 2499 692 2561 δέδωκε
712 2500 770 2578 τῆς
790 2497 947 2618 προτέρας
970 2489 1226 2578 σκληρότητος,“
1210 2518 1256 2559 οτι

155 2602 313 2684 γλίσχρως
334 2603 389 2663 καί
413 2622 450 2660 ου
442 2599 639 2680 ’βασιλικως
659 2597 699 2661 τά
714 2598 780 2661 κατ’
799 2594 944 2660 αότόντε
971 2619 1024 2659 κοι
1044 2591 1119 2668 τυός
1141 2587 1255 2671 ἄλλους

158 2697 174 2760 ό
206 2694 503 2782 προβεβασιλευκεός
525 2700 754 2782 μετεχειρίζετο
779 2694 964 2780 πράγματα,
992 2701 1063 2770 ταῖς
1089 2690 1257 2780 όποθημο-
1362 2716 1365 2720 ’

158 2793 269 2873 ου’ναις
289 2801 347 2863 τοῦ
370 2801 540 2882 λογοθότου
563 2796 866 2880 καταδουλούμενος.
910 2876 916 2885 .

1403 433 1420 466 Ο

227 2935 270 2990 19.
290 2921 501 3010 αὐτοκράτορος
517 2915 553 2992 (λΙ

158 3076 256 3146 populo
276 3077 451 3132 comanorum
477 3077 583 3144 multis,
615 3077 704 3146 iguem
732 3040 774 3128 iris
799 3066 951 3128 iniecerunt
975 3056 1002 3126 et
1020 3075 1156 3129 combusta
1174 3074 1257 3130 muita

79 3155 85 3164 '
158 3149 342 3215 reddiderunt,
363 3150 424 3202 irati
440 3149 587 3216 Bryenuio,
608 3149 679 3218 quod
697 3147 804 3220 legati
798 3151 898 3208 {eorum
926 3146 975 3201 sub
996 3147 1048 3199 hoc
1070 3148 1104 3200 ab
1121 3148 1256 3202 Adriano-

159 3220 283 3290 politauis
302 3221 400 3276 sublati
416 3231 499 3274 erant.
538 3223 658 3274 exercitu
677 3228 765 3272 autem
786 3211 905 3274 studiose
924 3219 1084 3273 adveniente
1104 3219 1257 3289 effugerunt

158 3293 271 3358 barbari,
290 3310 379 3361 neque
397 3295 450 3346 iam
471 3293 604 3346 Romanos
623 3293 689 3346 fines
710 3293 821 3362 aggredi
842 3292 900 3344 ausi
913 3299 983 3344 sunt.

256 3381 313 3432 Hoc
332 3389 420 3432 autem
439 3397 509 3435 anno
527 3383 665 3436 servitutis
690 3381 829 3449 professas
847 3390 889 3433 est
906 3381 984 3440 iidem
1002 3383 1062 3449 regi
1086 3381 1256 3448 europalates

160 3451 307 3503 Philaretus
327 3451 494 3505 Baehamius.
533 3456 555 3503 is
576 3454 644 3503 enim
670 3453 697 3503 in
718 3452 818 3504 locis
811 3453 893 3505 mviis
913 3461 940 3504 et
957 3454 1089 3506 montanis
1109 3461 1135 3504 et
1153 3469 1169 3504 a
1187 3453 1256 3505 Tur-

162 3536 246 3574 carum
276 3522 417 3573 itineribus
449 3524 558 3574 remotis
584 3522 718 3573 domicilia
736 3538 859 3588 ponens,
879 3525 961 3576 muris
979 3524 1101 3590 plurimis
1119 3526 1255 3594 augustias

113 3645 118 3656 ,
162 3593 330 3645 circumdedit
359 3600 386 3643 et
403 3593 510 3644 firmana
533 3593 619 3644 exitus
645 3593 771 3644 invictam
796 3593 893 3644 ineolis
919 3603 1016 3645 terram
1037 3595 1070 3645 ab
1093 3597 1256 3648 adversariis

160 3662 284 3716 reddidit:
304 3670 384 3731 atque
402 3663 597 3716 multitudinem
615 3663 802 3716 Armeniorum
822 3671 849 3714 et
866 3665 1027 3716 advenarum
1046 3664 1181 3734 colligens
1201 3667 1256 3718 uim

162 3734 208 3787 sibi
227 3749 375 3804 pugnacem
398 3734 555 3786 conciliavit
574 3743 601 3786 et
619 3736 703 3802 priori
723 3736 782 3804 regi
801 3735 917 3787 invictus
946 3743 1003 3786 erat
1022 3744 1049 3788 et
1068 3750 1101 3788 ax
1121 3745 1256 3803 potestate

162 3821 204 3858 sua
223 3806 331 3858 curabat
351 3813 378 3858 et
390 3806 475 3859 urbes
495 3806 583 3874 regiae
601 3808 774 3872 recuperavit
791 3813 819 3856 et
843 3807 917 3858 auxit
941 3822 1014 3859 suam
1040 3809 1254 3874 possessionem:

162 3885 236 3945 atque
255 3884 309 3928 turn
327 3879 380 3930 ita:
400 3887 539 3947 postquam
559 3886 644 3930 autem
664 3877 819 3930 Botauiates
838 3879 1005 3944 imperatoris
1026 3878 1133 3932 indutus
1152 3887 1193 3932 eet
1211 3882 1255 3933 di.

162 3950 269 4018 gnitate,
289 3964 384 4002 servus
405 3948 572 4002 voluntarius
592 3950 676 4000 factus
696 3957 737 4001 est
751 3957 778 4000 et
797 3949 919 4001 minister
937 3952 965 4001 iu
986 3949 1107 4002 omuibus
1127 3948 1254 4005 obediens

162 4029 236 4088 atque
256 4021 353 4086 omnia,
373 4037 441 4089 quaa
460 4021 666 4106 imperabantur,
686 4022 805 4074 studiose
818 4020 892 4086 fecit,
913 4022 1071 4073 curationes
1090 4021 1177 4075 literis
1190 4025 1253 4076 red-

162 4093 222 4144 didit
239 4093 337 4160 priorit
366 4094 547 4161 pertinaciae,
573 4092 642 4162 quod
671 4107 752 4160 parce
772 4107 861 4160 neque
880 4094 956 4162 regie
981 4108 1034 4158 res,
1054 4109 1122 4162 quae
1141 4095 1174 4146 ad
1194 4111 1254 4146 euru

159 4172 185 4290 pt
163 4171 314 4217 coeteros
333 4163 527 4232 pertinebant,
547 4165 621 4233 prior
639 4179 687 4216 rex
705 4172 855 4230 tractasset,
875 4164 995 4219 consiliis
1012 4164 1169 4237 logothetae
1188 4166 1254 4219 sub-

171 4244 299 4292 octat
