3017 4892
623 340 837 416 ursroms.
1205 309 1288 419 ato

182 531 302 593 μαχος·
351 510 409 575 τοό
437 512 498 596 γὰρ
529 510 686 593 βασιλέως
718 514 788 576 κατ’
814 515 913 578 έκεῖνο
944 513 1000 590 τάς
1020 511 1201 595 Ῥωμαϊκάς
1220 517 1282 580 δυ-

125 676 128 683 ,
184 610 293 691 νάμεις
334 612 527 688 ε’λάσαντος,
575 615 819 697 καταπληκτικοὶ
847 616 906 693 μὲν
943 615 1062 696 άγάνες
1096 617 1152 680 καί
1179 613 1283 697 μάχαι
1378 602 1385 609 ’

184 718 372 797 περιφανεῖς
402 710 456 775 καί
485 715 672 797 πανημέριοι
694 718 949 799 συνερράγησαν,
980 717 1132 797 ου’δεμιάς
1154 718 1189 781 δὲ
1212 713 1285 780 τοά-

185 836 248 878 των
269 808 284 877 ὅ
306 810 518 898 Βστονειάτης
539 817 797 895 ἑναπολέλειιιτσ,
819 814 887 880 stat·
907 814 1078 900 ἠγωνίζετο
1098 819 1158 897 μὲν
1178 810 1283 899 οόσπερ

157 918 233 988 ὅτις
264 909 487 996 ἓκατοντάχειρ
519 916 571 978 καί
591 916 736 999 δεύτερος
755 915 915 999 Ἡρακλῆς
943 911 962 1000 ἢ
993 918 1072 1001 ὑπὲρ
1105 916 1159 981 τόν
1184 912 1285 1001 Ἦρα·

185 1016 258 1079 κλέα
282 1018 399 1078 ἐκεῖνον
420 1021 484 1090 τοῖς
506 1008 617 1089 ἄθλοις
639 1016 884 1097 ε’πιγαννάμενον
907 1018 962 1102 (ad
982 1015 1043 1101 γάρ
1066 1018 1313 1099 τρισκαιδέκα-δ.
1324 1020 1413 1079 2181·

184 1137 236 1179 τον
259 1107 358 1179 dotes
381 1115 449 1179 ἀλλ’
472 1110 754 1181 ἓκατονταπλάσιον
775 1108 902 1204 ἤνυεν),
923 1116 1002 1183 ἔνθα
1027 1119 1062 1182 δὲ
1083 1116 1200 1198 κάμνον
1223 1110 1285 1180 ἓω-

186 1217 263 1301 ράτο
285 1213 340 1279 καί
361 1223 555 1281 καταπέπτον
588 1218 682 1301 κε’ρας
699 1215 888 1299 Ῥωμαϊκόν,
908 1222 1010 1284 ἐκεῖσε
1032 1214 1286 1298 καταλαμβάνων

186 1314 283 1392 αότός
306 1316 454 1381 ἀνεκτᾶτο
476 1314 511 1381 τό
534 1314 717 1400 ἀνιώμενον,
740 1322 796 1383 κατ’
815 1317 959 1404 θάρσους
983 1322 1112 1404 πληρῶν
1133 1314 1287 1398 εὐτολμό-

142 1423 276 1500 1οτερον
300 1418 399 1479 ε’ποιέι
433 1421 488 1482 καί
507 1420 596 1481 νικάν
625 1415 852 1500 παρεσκεύαζε.
907 1422 1009 1483 ταῦτα
1048 1418 1104 1481 odas
1135 1418 1189 1481 snt
1209 1419 1287 1497 μιᾶς

185 1516 387 1603 ἐκστρατείας
408 1521 474 1600 τῆς
491 1517 570 1583 κατά
594 1522 658 1582 τῶν
678 1521 840 1600 Ἀβασγιόν
863 1521 950 1607 edroi
974 1516 1180 1603 διηγάνιστο,
1202 1515 1283 1582 άλλά

186 1620 241 1683 καί
259 1617 313 1699 tut
334 1620 496 1700 δευτέρας.
553 1619 601 1692 δίς
629 1617 689 1701 γάρ
726 1616 917 1701 ὃβασιλέός
946 1628 1012 1693 τοῖς
1039 1620 1209 1701 Ἀβασγοῖς
1229 1614 1285 1688 τόν

185 1722 323 1799 πόλεμον
342 1722 526 1783 ἐπιτέθεικε.
570 1717 625 1781 καί
647 1722 683 1807 τῇ
701 1721 761 1802 μὲν
778 1718 886 1809 πραότη
906 1717 1078 1805 μαχησμός
1100 1718 1210 1793 άπλιός
1229 1742 1288 1783 πε-

187 1822 326 1900 ριγέγονε
347 1821 402 1880 καί
416 1808 495 1900 ἧττα
512 1820 575 1882 τεόν
592 1819 770 1901 Ἀβασγαῖν,
794 1820 832 1882 σά
847 1818 1008 1903 παντελὴς
1021 1823 1057 1884 δὲ
1071 1818 1286 1906 καταστροφή.
1387 1814 1393 1821 ’

145 1922 227 2006 15τῇ
249 1919 382 2005 δευτέρᾳ
404 1919 439 1981 δὲ
461 1921 607 2003 σφοδροῖς
634 1923 801 2004 γενομένης
833 1925 888 1983 καί
912 1923 1083 2005 φιλοτίμου
1105 1922 1162 2005 τῆς
1182 1934 1290 2004 τιᾶρα-

187 2018 304 2096 τάξεως
333 2018 437 2093 οόδείς
459 2023 524 2100 μὲν
540 2018 707 2102 Ῥωμαίων
740 2022 870 2111 θανάτῳ
891 2025 1148 2106 περιπέπτωκεν,
1172 2017 1193 2106 ἢ
1214 2016 1291 2087 ὅσον

188 2119 402 2204 εὐαρίθμητοι
433 2123 487 2184 καί
509 2120 571 2184 τάν
601 2112 731 2204 άσὴμων
763 2127 854 2206 τινός,
887 2125 1083 2206 τραυματίαι
1114 2125 1150 2188 δὲ
1180 2125 1292 2187 πολλοὶ

187 2220 425 2308 κατεφάνησαν,
456 2225 522 2287 τῶν
549 2222 763 2305 δ”Ἀβασγσόν
790 2222 886 2308 φόνος
909 2224 1070 2307 άπείριτος
1092 2227 1207 2309 γέγονε,
1228 2225 1292 2288 τεόν
1355 2222 1358 2228 ’

186 2325 246 2406 μὲν
267 2324 299 2386 ἐν
334 2326 374 2410 τῇ
396 2327 540 2410 συμβολῇ
569 2324 627 2386 τοῦ
647 2326 786 2406 πολέμου
819 2327 1089 2405 θανατωθέντων,
1116 2329 1179 2389 iada
1199 2327 1235 2389 δὲ
1257 2321 1290 2389 έν

85 2482 94 2488 .
144 2426 231 2513 20τῷ
255 2419 383 2509 φεάγειν
403 2421 570 2488 πεσόντων.
615 2427 789 2500 παντελοῦς
817 2423 875 2510 γάρ
900 2430 1066 2509 γενομένης
1089 2423 1196 2491 νότιόν
1215 2448 1289 2510 τρο-

159 2522 163 2529 ’
187 2528 248 2609 πῆς
270 2528 325 2589 καί
342 2524 497 2605 διώξεως,
530 2527 708 2609 α’κορέστως
730 2524 760 2590 οἱ
777 2526 930 2608 Ῥωμαῖοι
960 2528 1048 2613 δίκην
1069 2528 1188 2611 α’γρίων
1208 2548 1289 2611 προ-

188 2625 294 2705 βάτων
322 2623 451 2699 τούτους
479 2630 643 2690 κατέδυον.
702 2625 798 2690 ὁπότε
831 2626 887 2690 καί
920 2625 936 2687 ά
979 2625 1098 2691 τούτων
1127 2622 1290 2711 ἐθνάρχης

192 2726 237 2807 (Γ
237 2722 366 2806 ειόργιος
394 2724 419 2807 ’ἡ
439 2727 546 2808 κλῆσις
569 2726 671 2813 αὐτῷ)
703 2727 757 2789 ε’πί
775 2722 877 2812 λόφου
899 2724 1065 2808 ἱστάμενος
1091 2729 1148 2791 καί
1169 2725 1205 2790 τό
1229 2724 1290 2791 τῶν

189 2822 357 2904 Ῥωμαίων
387 2823 596 2907 καταπλαγείς
630 2825 795 2907 σόνταγμα
829 2830 884 2891 καί
918 2827 1112 2913 συγκίνημα,
1140 2828 1194 2891 κατ’
1213 2830 1291 2913 παρ’

265 3004 291 3055 5.
311 3018 343 3055 an
363 3004 412 3057 καλ
430 3000 502 3075 ότιέρ
522 3034 555 3046 -
574 3002 823 3077 duryorrv'pctrtt'?

193 3181 241 3220 nos
261 3166 380 3231 duceret,
401 3166 573 3219 formidolosa
595 3168 738 3220 certamina
758 3176 785 3219 et
802 3181 909 3237 pugnae
928 3167 1048 3220 ittustres
1060 3174 1088 3217 et
1098 3166 1209 3219 diurnae
1223 3180 1290 3218 con.

193 3238 367 3291 serebantur:
387 3238 415 3291 iu
433 3239 508 3290 uuila
527 3246 615 3291 autem
633 3238 725 3290 harum
744 3239 899 3292 Botauiates
920 3238 1031 3290 relictus
1054 3246 1109 3290 cst:
1130 3238 1176 3290 sed
1201 3246 1290 3289 certa.

192 3311 236 3362 bat
256 3318 380 3378 tanquam
400 3312 564 3363 centimanus
585 3319 612 3362 et
628 3312 696 3364 alter
717 3311 848 3362 Hercules
874 3309 919 3362 vel
943 3325 1023 3377 supra
1048 3308 1190 3375 Herculem
1215 3308 1290 3360 illum
1317 3358 1318 3361 ,

193 3381 381 3431 certaminibus
399 3381 516 3433 lactum:
535 3383 711 3451 nequeenim
729 3383 860 3434 decimum
878 3382 985 3434 tertium
1005 3390 1139 3433 certamen
1157 3382 1204 3433 sed
1223 3396 1290 3431 cen-

193 3450 278 3515 tipiex
295 3452 460 3516 perficiebat.
486 3453 531 3504 ubi
550 3461 636 3505 autem
646 3453 770 3505 laborans
790 3454 1005 3520 conspiciebatur
1018 3460 1045 3504 et
1063 3453 1188 3504 decidens
1207 3466 1290 3503 cornu

192 3521 337 3572 Romanum
357 3521 394 3571 ibi
413 3524 548 3587 accipiens
568 3525 626 3588 ipse
653 3524 811 3574 restituebat
835 3532 974 3589 vexatum,
1004 3533 1031 3575 et
1058 3525 1145 3575 auimo
1177 3522 1291 3590 implens

194 3591 289 3641 fortius
305 3591 432 3642 reddebat
451 3600 477 3642 et
497 3593 529 3643 ad
548 3594 688 3643 victoriam
707 3594 834 3657 parabat:
853 3595 920 3644 hacc
938 3610 992 3645 nou
1010 3597 1039 3644 iu
1059 3610 1112 3644 una
1130 3593 1178 3645 iila
1197 3601 1291 3645 contra

193 3660 315 3729 Abasgos
336 3662 508 3728 expeditione
528 3662 560 3711 ab
580 3676 612 3711 co
630 3671 738 3728 peracta
756 3672 827 3726 sunt,
848 3665 895 3716 sed
915 3666 994 3715 etiam
1013 3664 1144 3715 inaltera.
1165 3663 1206 3714 bis
1219 3664 1290 3714 enim

194 3747 243 3783 rex
253 3732 366 3799 Abasgis
380 3732 480 3784 beilum
494 3733 620 3799 imposuit
634 3740 713 3800 atque
728 3734 812 3799 primo
827 3735 932 3800 quidem
948 3749 1037 3801 pugna
1049 3734 1208 3801 simpliciter
1220 3734 1291 3785 iacta

195 3811 235 3855 est
255 3811 281 3853 et
300 3803 390 3856 clades
406 3803 582 3872 Abasgorum
601 3819 690 3871 nequo
710 3818 776 3856 vero
800 3804 920 3868 perfecta
945 3805 1072 3856 eversio:
1091 3804 1177 3856 altera
1203 3812 1290 3857 autem

194 3874 249 3926 acri
270 3874 339 3925 iacta
360 3884 386 3925 et
404 3876 520 3928 studiosa
540 3878 599 3927 acie
623 3890 701 3926 nemo
727 3877 904 3928 Romanorum
929 3885 1041 3928 mortem
1067 3875 1210 3941 occubuit,
1236 3876 1289 3927 nisi

193 3948 321 4014 perpauci
340 3957 418 4015 atque
439 3963 471 3998 ex
501 3948 615 4011 intimis,
644 3946 779 4000 vulnerati
809 3956 896 3999 autem
920 3946 997 3999 multi
1019 3954 1215 4014 apparuerunt:
1242 3947 1289 3999 sed

190 4019 358 4088 Abasgorum
378 4018 473 4071 caedes
494 4019 597 4071 infinita
616 4019 685 4069 sacta
704 4027 763 4082 est,
792 4016 853 4069 aliis
873 4021 900 4069 iu
920 4015 1053 4070 co'ncursu
1079 4018 1146 4071 belli
1170 4018 1287 4081 occisis,

191 4092 252 4143 aliis
273 4092 299 4142 in
319 4090 383 4159 fugo
402 4090 572 4143 cadentibus:
591 4091 673 4158 plena
693 4092 763 4142 euim
783 4089 852 4141 iacta
872 4105 963 4142 eorum
975 4091 1039 4159 fuga
1049 4097 1075 4140 et
1084 4091 1285 4156 persecutione,

191 4162 337 4216 insatiabili
363 4162 440 4213 modo
458 4163 568 4215 Romani
587 4163 677 4215 ovium
697 4163 812 4214 ferarum
831 4164 914 4214 instar
934 4162 985 4213 bos
1011 4161 1161 4226 necabant,
1180 4157 1285 4229 quando
1379 4218 1383 4225 Ι

192 4236 270 4288 etiam
290 4235 383 4287 borum
403 4234 523 4288 centurio
543 4234 667 4303 (Georgii
687 4236 712 4286 ei
733 4238 918 4303 eratnomeu)
938 4234 966 4285 in
988 4232 1061 4286 colle
1078 4242 1151 4287 stans
1178 4240 1206 4285 et
1227 4229 1285 4283 lio.
