3017 4892
162 522 332 609 βόζοντας,
355 520 409 589 καί
429 528 513 588 σῖτον.
533 522 568 587 εἰι
591 517 710 587 τοόταιν
732 522 836 595 κακῶς
856 515 1104 604 ἀφαιροόμενος,
1126 520 1182 583 κατ’
1202 521 1265 598 du·

165 629 253 711 ρείας
273 622 457 710 ἀπαιτήσεις
483 622 562 707 όπόρ
582 624 643 685 τοόν
667 624 856 687 τοπιατικτόν
870 618 1144 703 εἰσπραττόμενος,
1166 614 1265 703 ἧκόν·
1356 636 1361 643 ·

164 728 241 804 καζε
264 724 321 808 τὴν
343 726 459 809 πρόσιν
481 720 534 787 διό
559 721 599 802 τό
619 725 882 803 ναινστομεῖσόαι
902 722 1078 795 πολυειδῶς
1103 721 1265 787 ε’νόεεστέ.

165 849 227 909 ραν
249 835 358 891 ποιεῖν.
407 824 462 891 καί
482 819 580 899 σότως
609 825 808 908 τρεφομένου
834 824 890 887 τοῦ
921 820 1099 907 φσόνόαιιος
1120 823 1166 895 εἰς
1191 821 1266 888 α’όι·

138 929 237 993 ὀνίαν
271 926 527 1012 ’ἀπαραμύθητον
553 926 696 1000 ἐξέπιπτε
718 922 758 987 τό
791 928 848 1009 τῆς
872 927 1028 1007 προτέρας
1056 921 1209 1007 εὐθηνίας
1228 922 1266 1007 τῇ
1347 995 1349 997 ,

163 1026 318 1114 πολιτείᾳ,
338 1029 394 1093 καί
413 1026 556 1110 περιέστη
580 1021 642 1089 dud
668 1027 744 1092 δέκα
768 1028 823 1089 καί
836 1021 918 1088 όκτοό
932 1024 1109 1104 μοόίοινείς
1129 1024 1184 1087 ἕνα
1203 1019 1267 1102 μό-

166 1128 236 1191 διον
266 1130 321 1191 τοό
352 1127 543 1209 νομίσματος
576 1126 595 1209 ἦ
625 1130 682 1190 τοῦ
704 1126 794 1191 σίτου
824 1130 949 1210 πρᾶσις.
999 1118 1266 1206 ε’κομμερκεόοντο

165 1223 227 1311 γόρ
249 1224 369 1313 ἕκαστα·
385 1231 447 1313 φεῦ
468 1230 523 1312 τῆς
542 1230 733 1308 πλεονεξίαις,
753 1228 793 1291 ου’
804 1227 902 1309 μόνον
923 1224 957 1291 αό
976 1228 1159 1309 πυροφόροι
1180 1219 1268 1305 ἅμα-

167 1331 241 1409 ξαι,
270 1326 350 1393 atto
377 1328 434 1393 καί
452 1326 490 1394 τό
518 1325 612 1393 λοιπό
635 1322 732 1415 ιόνια,
759 1325 821 1394 όσα
845 1333 977 1411 πλησίον
1008 1331 1127 1394 ε’κιινου
1156 1326 1268 1406 παριό-

121 1430 271 1497 lodoveo.
316 1432 513 1515 uiuer'pyouro-
530 1432 565 1493 δὲ
594 1430 648 1493 καί
674 1428 703 1495 οἱ
734 1434 790 1514 τῆς
822 1427 1004 1513 περιχώρου
1025 1429 1142 1511 ἐκείνης
1164 1420 1267 1491 καίοό

163 1531 221 1613 τῆς
239 1529 423 1597 ‘Praesumo
441 1528 558 1597 έποικοι
582 1539 697 1597 πωλεῖν
718 1531 764 1597 τό
783 1528 851 1595 ἴδια
873 1525 1012 1612 γετόργια
1029 1532 1063 1593 έν
1086 1534 1155 1601 ταῖς
1178 1519 1266 1589 ἑστί-
1275 1537 1294 1591 f.
1310 1536 1363 1592 210
1375 1528 1403 1592 τ’.

165 1654 216 1705 αις
242 1633 357 1695 αότιόν.
403 1634 582 1719 α’φηροῦντσ
601 1634 635 1695 dt
658 1632 713 1695 καί
724 1629 752 1694 οἱ
773 1630 920 1711 μέδιμνοι
940 1627 995 1691 καί
1010 1624 1105 1708 μόνος
1127 1623 1142 1689 ό
1165 1625 1267 1711 ‹podo-
1335 1668 1342 1679 .

165 1730 223 1805 όαξ
246 1733 308 1795 τῶν
339 1732 503 1811 μεδίμνων
532 1728 657 1815 όπῆρχι
689 1733 807 1815 κόριος.
860 1723 937 1810 ὅπερ
961 1727 1112 1791 οόόέποτε
1132 1730 1266 1810 γέγονεν,

166 1831 233 1892 πόδ’
257 1830 273 1893 ό
299 1823 386 1913 ἥλιος
410 1825 475 1895 εἶδε
499 1836 638 1897 τοιοῦτον
660 1832 811 1915 ἀδίκημα.
867 1830 898 1895 εἰ
915 1830 977 1912 γὰρ
1000 1831 1196 1913 προσηγγέλη
1218 1851 1267 1903 τις

116 1944 156 1998 ·15
166 1926 316 2012 πωλήσας
344 1926 452 1993 οἴκαδε
477 1938 563 1995 σῖτον
589 1934 621 2009 ἐξ
643 1922 687 1997 τόν
717 1930 921 2015 ε’γεσόργηοεν,
943 1925 985 2003 σός
1006 1927 1125 2014 φονεός
1147 1922 1168 2010 ἢ
1191 1931 1288 2007 ῥεια·

165 2026 243 2112 στῆς
263 2022 283 2113 ἢ
304 2026 419 2095 ότοπόν
438 2044 473 2096 τι·
502 2030 606 2116 ἕτερον
637 2027 810 2115 πεπραχοός
832 2026 1006 2114 έόημεόετο
1032 2032 1087 2093 καί
1108 2024 1266 2113 ἧρπόζετο

165 2128 253 2211 παρὰ
295 2133 353 2193 τοῦ
391 2132 631 2206 ἐπιστατοῦντος
666 2136 709 2219 τῷ
737 2130 908 2224 φοόνόακι.
956 2116 1103 2212 παρῆσόν
1129 2124 1191 2210 γόρ
1222 2135 1266 2217 τῷ

165 2234 392 2321 φουνόακαρίῳ
414 2236 447 2299 ἐκ
470 2233 572 2319 πόσης
593 2236 679 2308 ἰδέας
693 2228 879 2327 κακούργων
900 2224 1186 2313 όχριτιόν,όκατόν
1206 2254 1266 2296 τα-

164 2334 271 2409 ξαόται
295 2330 481 2418 ταττόμενοι
511 2339 584 2419 παρ’
613 2335 732 2416 αότοό,
755 2332 810 2398 καί
830 2332 905 2408 τοός
925 2329 1082 2406 έλιεινοός
1104 2328 1265 2414 ἐμπόρους

120 2432 219 2499 λθκαί
241 2430 399 2516 μεσιργοός
428 2442 554 2509 πολλοῖς
585 2438 728 2519 α’νιαροῖς
750 2438 974 2520 περιέβαλλον·
1025 2432 1079 2496 καί
1098 2432 1206 2508 οόόείς
1226 2424 1265 2513 ἦν

117 2528 120 2533 ’
164 2532 180 2597 ό
205 2533 389 2615 όντιστῆναι
411 2536 533 2611 τούτοις
563 2537 734 2618 δυνάμενος
762 2539 806 2623 τῷ
826 2558 858 2599 τε
887 2536 1005 2619 πλήθει
1029 2535 1266 2615 δυσκαταγωνί-

162 2658 247 2709 στοις
266 2628 340 2698 οὖσι
363 2640 418 2699 καί
445 2640 482 2722 τῇ
505 2638 674 2725 δυναστείᾳ
694 2641 751 2701 τοῦ
782 2640 951 2719 λογοθέτου
984 2632 1017 2698 τό
1041 2633 1162 2717 θρόσος
1184 2630 1266 2697 daui-

164 2738 273 2799 θεκτον
294 2733 414 2815 έχουσι.
459 2736 548 2800 καίό
572 2740 630 2819 μὲν
652 2736 674 2813 ’,ξ’
696 2740 811 2819 λιτρῶν
831 2735 886 2800 τόν
909 2737 1075 2822 φοόνόακα
1093 2732 1266 2817 μισθωσό-

238 2892 263 2945 7.
283 2880 520 2967 ἐκκομόρκεόοντο
541 2894 571 2949 (λ
646 2896 688 2949 12.
708 2910 800 2964 margo
818 2894 929 2967 μόδιοι.

166 3056 203 3108 lia
222 3072 310 3107 rerum
329 3058 356 3108 in
377 3074 408 3109 ea
425 3066 497 3117 terra
516 3060 732 3128 provenientium
752 3053 894 3129 exigebat
908 3059 1024 3129 cogebat
1049 3075 1096 3114 eos
1124 3063 1264 3115 venditio.

165 3144 236 3192 nem,
255 3131 380 3181 nouando
399 3146 442 3182 res
462 3133 538 3183 vario
557 3132 645 3197 modo,
665 3132 821 3184 inferiorem
842 3147 988 3183 exercere:
1016 3140 1097 3200 atque
1123 3134 1161 3185 ita
1185 3145 1265 3188 aucto

166 3200 263 3251 horreo
284 3201 315 3252 ad
335 3202 491 3253 iniustitiam
511 3205 636 3255 immitem
659 3204 749 3255 exibat
766 3206 840 3271 prior
860 3204 978 3256 felicitas
1002 3205 1122 3268 ciuitati3
1142 3212 1168 3256 et
1192 3214 1266 3259 tanta

166 3272 234 3324 facta
254 3279 294 3323 cst
314 3276 458 3325 conversio
478 3284 507 3327 ut
532 3284 611 3327 antea
632 3276 819 3344 duodeviginti
846 3276 972 3327 frumenti
991 3276 1072 3327 modii
1098 3292 1158 3329 asse
1184 3279 1265 3329 veni.
1313 3287 1316 3291 '

152 3336 305 3407 'tantumn
324 3360 391 3397 unus
419 3349 521 3399 modius
548 3361 580 3398 eo
605 3349 693 3414 pretio
721 3357 863 3400 constaret.
909 3350 937 3398 in
963 3350 1149 3400 commercium
1176 3359 1265 3402 autem

167 3413 364 3466 deducebantur
386 3433 419 3467 ex
439 3434 470 3468 eo
490 3426 620 3483 tempore,
641 3419 694 3469 heu
712 3421 861 3484 avaritiam,
880 3434 934 3471 non
954 3420 1041 3471 solum
1065 3422 1147 3471 tritici
1173 3437 1265 3473 currus

165 3484 212 3536 sed
233 3486 310 3534 etiam
329 3486 451 3553 reliquae
470 3503 583 3551 merces,
604 3504 779 3559 quaecunque
797 3507 882 3559 prope
902 3490 969 3542 illud
986 3492 1193 3557 proveniebant.
1212 3495 1264 3543 irn-
1331 3531 1336 3535 -

167 3554 341 3621 pediebantur
362 3565 449 3607 autem
469 3567 495 3608 et
513 3559 621 3609 incolae
640 3562 786 3613 vicinitatis
804 3561 878 3613 illius
899 3562 1172 3629 attribuentium,
1194 3579 1264 3633 quo.

167 3626 252 3675 minus
271 3626 419 3676 venderent
438 3627 528 3693 fruges
548 3643 608 3679 suas
626 3631 654 3679 in
673 3632 728 3679 suia
759 3632 897 3682 domibus:
927 3639 954 3681 et
978 3634 1161 3685 adimebantur
1185 3638 1265 3686 etiarn

167 3683 247 3746 modii
270 3694 445 3759 frumentarii,
467 3706 492 3748 et
511 3697 597 3749 solum
618 3698 743 3749 horreum
762 3703 910 3752 modiorum
929 3710 987 3753 erat
1011 3705 1164 3770 particeps:
1193 3706 1264 3773 quod

166 3780 299 3833 nunquam
320 3767 418 3817 sactum
438 3777 495 3819 erat
512 3784 600 3836 neque
620 3769 660 3820 soi
679 3771 783 3822 viderat
802 3770 883 3823 talem
895 3772 1026 3823 iniuriam.
1047 3776 1145 3826 etenim
1163 3777 1186 3827 si
1206 3778 1264 3845 quis

166 3836 368 3890 denuntiabatur
382 3840 534 3893 vendidisse
546 3841 616 3892 domi
635 3841 793 3905 frumentum
809 3859 842 3894 ex
859 3845 893 3894 iis
912 3857 980 3912 quae
990 3860 1055 3912 agro
1067 3845 1179 3898 colendo
1198 3864 1263 3915 pro.

167 3909 276 3972 fecerat,
296 3916 419 3977 tanquam
443 3912 602 3963 interfector
620 3913 665 3965 vel
682 3914 752 3965 latro
772 3914 817 3966 vel
836 3917 913 3984 quasi
931 3917 1046 3969 immane
1065 3918 1263 3988 quidpcregir.

165 3988 215 4044 set,
235 3982 450 4051 proscribebatur
461 3992 488 4034 et
506 3984 680 4051 diripiebatur
700 4002 715 4036 a
733 3987 856 4052 praeside
876 3987 975 4054 horrei,
996 3989 1105 4041 aderant
1125 3992 1194 4041 enim
1214 3993 1263 4044 ad.

164 4053 337 4104 ministratori
357 4054 446 4103 horrei
470 4058 592 4106 exomni
612 4072 714 4124 genere
734 4056 910 4111 scelestorum
922 4075 1013 4131 usque
1031 4061 1065 4112 ad
1090 4070 1194 4141 centupn
1214 4080 1264 4130 ap.
1284 4063 1292 4078 '

163 4126 306 4191 petitores,
327 4126 439 4177 instituti
459 4126 491 4176 ab
518 4142 566 4193 eo,
585 4137 612 4179 et
629 4132 741 4182 miseros
770 4139 932 4183 mercatores
959 4142 985 4185 et
1016 4133 1149 4199 agricolas
1174 4135 1264 4187 mudtis

163 4194 296 4249 molestiis
316 4196 525 4250 circumdabant:
548 4216 636 4269 neque
656 4204 795 4271 quisquam
815 4206 947 4271 erat,·qui
965 4205 1093 4259 resistere
1112 4206 1154 4257 bio
1174 4214 1265 4272 posset

166 4274 192 4319 et
208 4266 378 4321 multitudine
397 4270 621 4341 irnpugnnbilibua
641 4281 667 4325 et
685 4274 836 4340 principatu
856 4274 1013 4345 logothetae
1022 4278 1159 4330 audaciam
1175 4277 1263 4345 irnpo.
