3017 4892
581 329 794 444 acroma
1163 374 1236 452 tat

233 538 281 599 'Ea
301 529 405 622 τεότηι
426 533 462 597 δὲ
485 533 529 619 τῷ
551 526 615 595 ίτει
638 535 692 597 καί
711 530 828 614 τίρατό
850 554 919 596 τινα
944 531 1171 619 κατεφάνησαν
1194 537 1242 611 τίς

129 636 192 721 τὴν
212 633 385 713 Βύζαντος.
430 634 562 717 τρίπους
584 655 618 695 τε
647 630 709 716 γόρ
734 625 821 715 όρνις
841 629 1011 718 ἐγεννήθη,
1032 637 1089 700 καί
1110 637 1240 703 παιδίον
1318 621 1327 635 ’

130 734 251 819 ἐτέχθη
282 733 532 815 acac-,namon
561 728 636 815 ἔχον
665 730 721 797 τόν
741 730 935 817 όφδπλμόν,
968 737 1024 799 καί
1049 738 1160 818 τοῦτον
1183 738 1239 803 ἕνα

131 838 192 901 καί
199 835 322 917 μόνον,
336 834 549 917 ,τραγοσκελὲς
571 834 605 899 δὲ
627 831 703 909 τοός
727 830 852 910 πόδας·
895 836 950 899 καί
970 838 1125 919 προτεθὲν
1144 839 1178 902 όν
1199 840 1241 923 τῇ

103 939 198 1003 ossio
218 935 420 1019 διακονίσσης
450 932 586 1023 δημοσίρ
614 925 757 1023 παρόδῳΙ
781 931 948 1016 κλαυθμόν
986 938 1074 1020 η’φίει
1103 938 1240 1023 παιδικῷ

134 1035 353 1123 προσεοικότα.
398 1033 455 1100 δόο
477 1036 512 1099 δὲ
535 1036 597 1099 τεόν
619 1028 791 1102 inavarus
811 1036 1012 1118 στρατιωτῶν
1032 1040 1240 1122 πλησίοντοῦ

135 1139 267 1203 δυτικοό
286 1137 343 1221 τῆς
361 1140 485 1221 πόλεως
507 1136 636 1219 τείχους
657 1137 691 1199 όν
714 1136 855 1225 δημοσίῳ
883 1135 970 1224 τόπῳ
996 1135 1240 1221 κεραυνόβλητσι

133 1238 311 1324 γεγόνασιν.
367 1236 406 1303 οδ
431 1234 496 1323 μην
527 1237 567 1301 δὲ
591 1234 674 1303 όλλό
703 1239 760 1303 καί
780 1239 815 1303 όν
843 1237 975 1322 ον’ρανῷ
1002 1232 1142 1321 κομῆταί
1156 1254 1241 1313 τινες

134 1343 364 1428 παρατείνοντα.
670 1410 673 1417 ,

87 1454 125 1509 10
235 1440 323 1507 Ἐπεί
342 1444 378 1506 δὲ
410 1444 465 1508 καί
487 1436 544 1526 τήν
567 1436 651 1507 &cias
684 1438 713 1507 οἱ
734 1444 835 1507 ἐκεῖσε
857 1445 1134 1517 καταναλίσκοντες
1156 1432 1248 1525 ἦσαν,

133 1540 295 1628 βάρβαροι
318 1542 374 1609 κατ’
394 1545 588 1628 πορθοῦντες
610 1541 666 1607 καί
692 1542 953 1627 καταβάλλοντες,
973 1546 1097 1627 πλῆθος
1116 1541 1241 1608 ’ἐκεῖθεν

135 1638 293 1727 ὁσημέραι
324 1646 362 1730 τῇ
388 1646 532 1724 βασιλίδι
564 1644 799 1726 προσέφευγον,
824 1634 841 1706 ό
865 1664 899 1705 τε
920 1638 1009 1721 λιμός
1030 1638 1240 1726 ε’στενοχοόρει

133 1742 265 1825 κιόντας,
288 1748 328 1832 τῇ
353 1746 540 1833 ε’νδείρτοόν
563 1742 744 1824 όναγκαίων
766 1745 967 1822 καταπιίζων
981 1732 1123 1827 4αόὶσός.
1167 1745 1241 1807 ε’πι-

133 1847 304 1925 μενομόνου
329 1847 366 1909 δὲ
387 1845 630 1927 καίχειμαῖκος,
652 1846 724 1909 ἐπεί
749 1868 808 1930 περ
832 1843 848 1908 ό
869 1842 1024 1926 βασιλεός
1053 1841 1242 1930 ἀφιλότιμος

91 1936 182 2009 torsit·
204 1945 259 2009 καί
282 1944 414 2032 σφόδρα
436 1947 609 2032 φειδωλίας
634 1942 785 2027 ἐχόμενος
807 1947 902 2011 ου’δὲν
928 1946 962 2009 ἐκ
983 1949 1047 2012 τῶν
1067 1948 1242 2027 βασιλικόν

134 2049 311 2131 θησαυρῶν
340 2042 444 2149 Mt
467 2038 563 2130 ἄλλης
591 2048 740 2129 προνοίας
769 2048 892 2130 εἰσῆγεν
920 2039 942 2130 ἢ
961 2054 1028 2121 τοῖς
1061 2048 1094 2110 όν
1113 2048 1195 2111 πόλει
1219 2036 1241 2128 ἢ

134 2154 202 2225 τοῖς
218 2148 397 2231 δημοτικοῖς
410 2145 628 2230 παραμύθιον,
649 2146 704 2211 καί
725 2146 855 2222 ἕκαστος
868 2145 942 2229 περί
961 2144 1082 2213 ἑαυτοῦ
1101 2142 1241 2228 στυγνό-

137 2250 200 2326 ζοον
216 2249 291 2312 ον’δὲ
311 2256 406 2333 χείρω
422 2250 577 2314 πλουσίαν
592 2242 659 2332 εἶχε
678 2246 755 2333 πρός
776 2247 811 2313 τό
834 2256 901 2323 τοῖς
916 2251 1076 2328 δεομένοις
1091 2250 1240 2330 ἐπαρκεῖν

135 2355 189 2414 καὶ
213 2353 365 2431 παρέχειν
385 2347 424 2414 τό
442 2350 498 2432 τῆς
514 2351 596 2433 ζωῆς
611 2346 726 2434 ε’φόδια
742 2348 812 2437 (διὰ
833 2346 894 2434 γόρ
918 2348 1041 2414 τούτων
1062 2356 1127 2423 τοῖς
1145 2372 1238 2414 πενε-

61 2464 63 2469 ’
91 2453 257 2535 λδστόροις
280 2448 324 2525 σός
346 2450 462 2515 ε’πίπαν
482 2447 520 2514 τό
541 2444 937 2538 χρειεόδηπρσσόγσνται),
961 2449 1061 2525 πολός
1083 2454 1138 2516 καί
1152 2450 1239 2531 όμό-

135 2556 230 2638 δητσς
246 2549 386 2627 θάνατος
405 2556 445 2615 ου’
463 2554 524 2618 τεόν
541 2554 636 2631 ξένων
656 2549 753 2631 μόνον
776 2549 858 2616 α’λλό
882 2557 937 2617 καί
954 2556 1016 2618 τῶν
1037 2554 1093 2635 τῆς
1114 2554 1237 2627 πόλεως

136 2644 245 2734 δημων
257 2655 330 2717 καθ’
350 2650 481 2738 ἑκάστην
494 2651 620 2737 ε’γίνετο,
642 2651 685 2726 αἱς
700 2656 755 2719 κατ’
768 2650 844 2729 τοός
856 2652 988 2737 νεκροός
1005 2652 1113 2719 (νότιόν
1127 2638 1251 2737 σωρηιιΙ

139 2749 195 2817 δόν
218 2748 252 2817 όν
270 2778 304 2818 τε
326 2761 392 2829 τοῖς
414 2757 591 2837 λεγομένοις
623 2750 772 2837 ἐμβόλοις
803 2756 859 2818 καί
878 2762 943 2830 τοῖς
961 2753 1133 2839 όπαιβροις
1156 2752 1238 2820 ciru-
1348 2790 1353 2798 ·

235 3049 294 3103 iioo
313 3058 404 3117 autera
420 3065 490 3104 anno
516 3051 594 3105 ctiam
614 3053 736 3121 prodigia
759 3052 887 3121 quaedam
906 3060 1086 3120 apparuerant
1101 3053 1236 3120 Byzantii.

138 3126 220 3191 tripos
246 3125 316 3177 euim
344 3125 402 3177 avis
429 3130 570 3192 procreata
596 3133 637 3177 cst
662 3132 688 3176 et
713 3124 801 3177 inians
824 3132 887 3177 nata
916 3126 1001 3177 estin
1029 3124 1117 3175 ircntc
1135 3124 1237 3177 babens
1291 3186 1297 3190 ,

138 3195 252 3260 oculum,
271 3204 351 3264 atquc
370 3196 441 3247 hunc
466 3212 545 3247 unum
565 3205 592 3248 et
616 3196 721 3260 solum,
742 3203 768 3248 et
789 3196 858 3249 hirci
883 3194 979 3249 similis
998 3194 1120 3263 pedihus,
1142 3204 1169 3251 et
1188 3212 1238 3248 ex.

138 3268 224 3334 posita
242 3268 269 3319 in
288 3268 497 3321 diaconissarum
517 3267 626 3336 publica
645 3270 749 3335 porticu
764 3267 854 3333 fletum
874 3266 969 3322 edebat
986 3267 1095 3321 infantis
1113 3267 1237 3323 similem.
1348 3268 1353 3273 '

137 3339 187 3391 duo
206 3346 293 3391 autem
313 3340 501 3393 immortalium
524 3340 637 3392 miiitum
662 3355 747 3408 propo
772 3338 965 3395 occidentalem
991 3339 1064 3391 urbis
1089 3355 1191 3392 murum
1209 3340 1238 3393 iu

137 3410 242 3476 publico
267 3410 329 3462 ioco
348 3411 381 3462 da
403 3412 480 3464 coelo
506 3414 570 3465 tacti
589 3420 666 3465 sunt:
692 3412 839 3466 sedetiam
863 3414 891 3465 in
912 3411 990 3464 coeio
1009 3409 1106 3465 stellae
1125 3412 1237 3465 crinitae

138 3481 264 3549 quaedam
282 3481 465 3535 tendebantur.

236 3566 302 3619 (inm
320 3575 407 3620 autern
427 3572 506 3623 ctiam
524 3574 654 3625 orientem
680 3575 725 3641 qui
744 3574 782 3625 ibi
808 3582 884 3626 erant
901 3573 1007 3625 barbari
1027 3574 1191 3626 coniicerent
1210 3578 1238 3625 et

138 3636 361 3699 devastarent-et
385 3639 547 3705 deiicerent,
573 3644 713 3696 multitudo
740 3646 802 3696 inde
828 3646 949 3714 quotidie
973 3646 1006 3697 ad
1024 3645 1117 3697 urbem
1134 3646 1237 3712 regiam
1263 3695 1266 3704 ,

139 3708 317 3777 confugiebat,
336 3711 440 3777 quando
460 3711 543 3764 fames
560 3712 676 3780 angebat
699 3729 790 3768 ornnes
809 3718 901 3784 inopia
918 3732 1008 3769 rorum
1024 3717 1237 3770 necessariarum
1259 3719 1266 3790 η’
1332 3711 1336 3724 ’

138 3793 257 3847 premens
279 3794 334 3833 eos.
372 3784 604 3850 appropinquante
623 3791 710 3834 antem
729 3788 809 3837 etiam
825 3788 913 3841 hieme
933 3788 1058 3856 qnoniam
1075 3804 1124 3841 rcx
1142 3786 1237 3840 illibe.
1281 3792 1295 3816 ¹⁷

137 3850 200 3903 ralis
220 3858 247 3901 et
265 3850 344 3904 valde
358 3855 536 3920 parsimoniae
555 3854 660 3907 deditus
673 3854 743 3923 nihil
759 3872 793 3908 ex
810 3860 893 3925 regiis
913 3861 1047 3914 thesauris
1066 3859 1112 3912 vel
1130 3858 1236 3927 reliqua

138 3923 274 3975 curatione
292 3924 464 3991 importabat,
484 3926 554 3995 quod
572 3934 618 3979 aut
636 3926 834 3994 magistratibus
855 3938 900 3981 aut
920 3932 1019 3999 populo
1039 3931 1135 3984 solatio
1155 3939 1237 3998 esset,

138 4001 163 4046 et
180 3995 293 4063 quisque
311 3996 345 4047 dc
364 4011 394 4047 sc
412 3997 471 4063 ipso
489 3997 623 4051 sollicitus
642 4013 730 4065 neque
748 4013 853 4051 manum
871 4002 981 4053 divitem
1000 4003 1115 4055 babebat
1135 4003 1167 4055 ad
1185 4019 1237 4058 au.

138 4064 279 4119 aiiiandum
297 4066 422 4133 inopibus
444 4077 471 4120 ct
489 4070 652 4137 praebendas
674 4068 746 4122 uitae
771 4072 959 4135 necessitates,
976 4104 1010 4115 -
1029 4090 1077 4141 per
1097 4075 1146 4127 bos
1167 4077 1238 4128 enim

138 4136 317 4206 cg'enticribus
333 4138 492 4209 pleramque
508 4144 664 4199 necessaria
681 4141 885 4207 tribuuntur-,
903 4142 986 4196 multa
1006 4152 1034 4196 et
1050 4146 1145 4214 ingens
1165 4160 1237 4199 mors

136 4224 186 4261 non
212 4212 417 4281 peregrinorum
444 4212 549 4277 solum,
568 4215 615 4267 sed
634 4215 713 4266 ctiam
730 4214 804 4266 urbis
830 4213 978 4269 incolarum
997 4218 1118 4286 quotidie
1137 4217 1236 4270 iicbatt

136 4281 170 4332 ita
187 4290 216 4335 ut
241 4284 321 4336 etiarn
347 4284 478 4339 cadavera
506 4298 597 4339 corum
619 4286 801 4340 coacervatim
826 4289 854 4341 iu
873 4288 1030 4355 porticibus,
1050 4305 1120 4357 quae
1139 4290 1236 4343 dicun·
