3017 4892
275 288 325 362 τε
441 309 448 315 ·
567 285 786 356 urcnamrs
817 284 1075 355 inanioraa
1158 248 1196 287 ⁷

274 454 534 518 συνανιλθόντων
569 450 667 536 τοῦτρι
706 451 751 523 τίς
780 448 820 515 τό
857 451 1014 533 α’νάκτορα
1042 448 1095 514 καί
1125 450 1403 533 συμβασιλεύειν

273 554 495 635 γεγενημένων,
517 543 564 615 οἷν
584 552 620 615 δὲ
641 550 721 632 μετὰ
741 549 801 634 τήν
821 552 989 631 βασιλείαν
1007 554 1221 633 γεννηθέντων
1242 548 1300 615 καί
1322 553 1396 615 αὖ.

206 694 210 703 ·
273 652 422 735 τόχρημα
444 650 878 734 βασιλέωνιίνοιδειχθόντων
892 653 949 715 καί
967 653 1005 739 τῇ
1022 654 1199 737 πορφυρίδι
1219 649 1301 715 κατιὶ
1329 650 1399 717 τόν

273 756 337 817 τοῦν
354 740 521 834 Ῥωμαιύον
541 749 676 832 ε’θισμόν
698 754 992 833 συναναῦσθὲντων,
1015 755 1070 816 καί
1090 754 1146 815 τοῦ
1167 753 1222 835 τῆς
1243 748 1398 835 Αῦγοῦ-

274 876 348 936 στης
371 855 406 917 ίν
428 854 599 939 εἀριζοόση
628 853 667 939 τῇ
699 850 804 938 ἡλικίη
833 843 969 934 ῦνθους,
998 853 1036 914 οῦ
1069 848 1169 937 πολῦς
1192 851 1279 933 λόγος
1300 852 1435 923 οῦόὲδ,

273 952 453 1035 παράθεσις
471 951 553 1034 πρός
580 950 637 1036 την
658 955 722 1016 τοῦν
743 951 965 1030 ἀντικειμένων
994 951 1129 1017 τουτωνί
1148 946 1298 1031 ἅμιλλαν.
1347 953 1391 1017 τὸ

274 1055 310 1116 δὲ
330 1054 376 1128 είς
398 1050 503 1117 κοινόν
523 1042 598 1136 ἦνον
619 1045 733 1137 ὄφελος
754 1053 935 1129 ἐξεταστέον
961 1052 1003 1127 τός
1025 1052 1277 1134 προθιείληπται.
1322 1053 1390 1133 τῆς

272 1150 414 1237 μὲνγὰρ
440 1155 552 1227 κακιάς
582 1154 685 1219 ταῦτα
716 1154 875 1237 ἐπίχειρα.
919 1152 999 1218 κατὰ
1026 1154 1085 1234 μὲν
1104 1149 1163 1232 την
1183 1147 1266 1215 {oica
1289 1154 1392 1234 ε’ληί-

275 1256 365 1332 ζοντο
386 1249 490 1318 κιόντα
509 1256 566 1317 καί
588 1256 816 1339 διεφθείροντο.
832 1282 835 1295 ·
849 1256 889 1339 τῇ
912 1254 947 1317 δὲ
966 1256 1029 1317 τοόν
1052 1254 1265 1338 Νεφθαλιτῦν
1288 1248 1389 1321 ΙΟῦν-

271 1378 335 1419 νων
354 1346 423 1438 ἤτοι
439 1356 502 1417 τῶν
524 1350 675 1436 Τοῦρκων
686 1354 845 1439 ἐπιδρομῇ
862 1356 917 1417 ναί
930 1352 1128 1436 κατισχῦσει,
1149 1350 1205 1415 καί
1225 1354 1264 1437 τῇ
1284 1356 1387 1439 βιαίᾳ
1401 1367 1434 1421 10

271 1447 477 1537 ῦποχωρὴσει
501 1455 556 1517 καί
577 1454 701 1533 δείματι
725 1456 789 1517 τοῦν
812 1454 1017 1537 ἠμελημένων
1038 1452 1242 1537 στρατιωτῶν
1263 1452 1297 1515 ἔκ
1317 1455 1386 1515 τοῦ

267 1551 448 1633 Ῥωμαϊκοῦ
464 1549 652 1637 καταλόγου,
674 1551 895 1635 ναόσονεχεΐς
910 1554 1056 1636 ὑπῆρχον
1077 1552 1110 1616 αἱ
1134 1552 1296 1635 ἐκθρομαί.
1325 1556 1385 1615 κατ’

271 1652 477 1737 ἤεῦδαίμων
503 1654 598 1736 χοόρα
624 1658 679 1739 τῆς
704 1654 844 1737 Ἰβηρίας
873 1656 1033 1728 παντελοῦς
1066 1652 1291 1736 κατηρείπιοτο,
1313 1646 1379 1736 ἤδη

174 1780 180 1793 ·
271 1760 581 1840 προκατειργασμόνη
605 1750 649 1831 ῦς
670 1752 809 1834 εἴπομεν.
861 1753 1099 1835 μετελάμβανον
1130 1756 1166 1819 δὲ
1187 1756 1245 1818 τοῦ
1267 1754 1380 1819 δεινοῦ

272 1853 328 1919 καί
346 1849 421 1919 όσαι
447 1851 550 1942 ταῦτη
579 1859 786 1937 παρέκειντο,
814 1858 1050 1935 Μεσοποταμία
1081 1878 1114 1918 τε
1150 1856 1205 1919 καί
1234 1853 1377 1933 Χαλόία,
1390 1874 1428 1926 15

274 1955 439 2040 Μελιτηνη
461 1959 515 2020 καί
535 1954 704 2020 nordana
724 1956 781 2019 καί
799 1954 836 2021 τό
860 1959 903 2041 τῷ
924 1956 1082 2044 Εῦφροὶτη
1106 1960 1293 2038 συγκείμενα
1318 1980 1380 2019 πο-

272 2056 379 2137 ταμῷ·
422 2054 478 2119 καί
504 2055 535 2119 εἰ
564 2053 609 2137 μη“
643 2053 881 2137 στρατεύμασιν
909 2059 1029 2137 ,ε’νίοτε,
1047 2060 1166 2137 μᾶλλον
1194 2059 1229 2119 δὲ
1251 2052 1378 2140 φήμαις

273 2149 441 2233 δυνάμεων
463 2157 638 2239 διείργοντα
650 2155 689 2221 τό
707 2158 770 2221 ταῖν
788 2155 976 2241 βαρβάρων,
998 2160 1111 2232 καίτις
1134 2154 1274 2241 α’ρχηγός
1295 2159 1374 2219 τοῦ-

271 2278 335 2319 των
356 2256 591 2341 Χωροστίλαρις
613 2252 698 2321 οῦτω
722 2257 895 2341 λεγόμενος,
923 2260 1029 2343 ἕτερος
1051 2263 1086 2325 δὲ
1107 2260 1294 2341 Ζαμοῦχης,
1316 2257 1373 2342 τὴν

272 2348 355 2439 ἥττω
380 2355 598 2438 συμβαλόντες
628 2357 709 2446 τῦχη
743 2360 806 2423 τινί
833 2358 940 2447 οἷγαθῇ
968 2360 1203 2444 ἐκληρώσαντο,
1232 2352 1446 2434 κόίνααίγα
1502 2426 1503 2431 ,

272 2457 370 2538 μέχρι
391 2458 554 2532 Γαλατίας
589 2458 645 2523 καί
665 2453 857 2543 Ὁνωριοίθος
880 2461 935 2525 καί
964 2460 1066 2544 αὐτῆς
1089 2463 1235 2545 Φρυγίας
1258 2460 1293 2525 τό
1318 2464 1373 2524 α’ν·

271 2554 632 2647 τίπαλονοπεριίῦραμε.
686 2564 740 2625 καί
775 2556 825 2624 ότι
862 2564 921 2641 μὲν
966 2561 1102 2647 α’νόγκης
1132 2562 1371 2646 κατεπειγούσης

271 2647 432 2724 ῦυτόλλετο
453 2658 693 2742 στρατιωτικόν,
719 2663 779 2725 oo’a
800 2659 862 2725 α’πὸ
884 2660 1023 2745 τρόπου·
1078 2656 1126 2727 ὅτι
1149 2664 1183 2726 δὲ
1202 2659 1299 2744 ψιλόν
1320 2663 1373 2727 καί

342 2834 367 2886 5.
387 2835 567 2908 ἐνεβριξοῦση
586 2836 616 2891 C.
658 2856 663 2865 ·

271 2967 361 3053 beris,
381 3006 493 3059 quorum
511 2992 559 3043 alii
579 2994 677 3060 privati
697 2993 823 3047 homines
838 3008 896 3045 cum
917 2994 1014 3047 hoc‘in
1032 2997 1134 3065 regiam
1153 2996 1327 3049 ascenderant
1345 3005 1370 3048 et

272 3061 437 3129 principatus
465 3065 609 3131 participes
637 3066 700 3117 lacti
725 3074 809 3128 crant,
840 3066 886 3116 alii
913 3068 1024 3134 imperio
1047 3076 1157 3134 accepto
1176 3070 1231 3119 nati
1252 3076 1278 3121 et
1298 3068 1369 3119 illico

271 3146 351 3198 reges
376 3134 503 3185 declarati
529 3143 556 3185 et
583 3151 699 3202 purpura
725 3152 758 3186 ex
778 3136 938 3188 Graecorum
962 3153 1036 3189 more
1055 3140 1145 3191 donati
1165 3148 1249 3203 erant,
1270 3148 1296 3190 et
1313 3139 1369 3192 llori

271 3202 411 3268 Augustae
430 3206 579 3255 iuventutis
598 3222 647 3257 ver
666 3208 799 3273 degentis,
820 3224 873 3260 non
893 3209 990 3273 multus
1011 3218 1067 3262 erat
1086 3227 1172 3263 sermo
1192 3227 1281 3278 neque
1300 3226 1369 3261 com.

272 3275 375 3337 paratio
387 3289 446 3324 cum
457 3276 639 3340 oppositorum
658 3276 751 3327 borum
766 3282 918 3336 certamine.
957 3283 984 3332 in
1004 3297 1168 3333 communem
1183 3290 1270 3333 autem
1282 3284 1368 3333 socie-

271 3350 351 3393 tatem
370 3359 439 3411 quae
460 3345 620 3397 redundaret
637 3347 737 3399 utilitas
757 3352 969 3419 investigandam
989 3361 1116 3404 atlantea
1135 3353 1302 3404 diiudicatum
1328 3354 1367 3405 sit.

271 3414 447 3479 improbitatis
467 3417 537 3466 euim
555 3416 621 3468 baec
642 3427 682 3470 est
699 3435 801 3486 poena:
823 3424 850 3472 in
861 3425 967 3475 oriente
985 3425 1090 3492 quidem
1104 3424 1275 3491 rapiebantur
1286 3424 1369 3477 omnia

218 3556 220 3561 Ι
272 3493 299 3534 ct
322 3484 487 3550 delebantur,
507 3485 716 3541 Neutbalitarum
744 3501 832 3543 autem
852 3493 1005 3546 Hunnorum
1031 3496 1089 3547 sive
1109 3496 1250 3548 Turcarum
1281 3498 1368 3547 incur.

217 3564 222 3575 ·
271 3556 347 3607 sione
368 3564 395 3607 et
412 3557 511 3609 virtute
522 3566 549 3609 ct
569 3569 661 3612 coacta
675 3562 739 3630 luga
759 3572 785 3615 et
798 3565 892 3616 timore
911 3566 1096 3635 neglectorum
1114 3567 1228 3620 militurn
1247 3580 1368 3635 egraeco

270 3626 378 3679 delectu
407 3629 485 3680 etiarn
513 3633 632 3683 continui
663 3636 841 3702 suppetebant
866 3639 1000 3705 impetus,
1033 3646 1060 3689 et
1083 3638 1162 3691 beata
1180 3646 1251 3689 terra
1269 3638 1368 3689 iberiae

270 3700 378 3751 omnino
400 3699 499 3753 afflicta
518 3710 567 3766 est,
586 3706 638 3755 iam
658 3715 736 3758 antea
754 3707 879 3761 conlecta
904 3716 933 3757 ut
957 3708 1078 3760 diximus.
1118 3710 1261 3775 participes
1286 3716 1368 3759 autern

270 3771 385 3835 periculi
403 3781 478 3824 erant
498 3775 576 3826 etiam
596 3785 727 3845 quotquot
744 3779 815 3830 huie·
827 3778 1000 3844 adiacebant,
1024 3781 1217 3847 Mesopotamia
1245 3788 1272 3831 et
1290 3778 1366 3833 Chal.

269 3841 352 3904 daca,
377 3842 505 3897 Melitene
524 3854 551 3897 et
570 3846 706 3914 Golonea‚
741 3859 767 3901 et
787 3850 854 3918 quae
874 3850 1002 3915 Euphrati
1022 3850 1105 3903 lluvio
1128 3853 1270 3904 coniuncta
1289 3859 1365 3902 erant.
1441 3848 1444 3855 '

270 3917 350 3977 atque
376 3914 429 3964 nisi
448 3918 617 3970 'exercitibus
641 3936 840 3987 nonnunquam,
869 3923 953 3988 magis
983 3930 1070 3973 autem
1090 3924 1159 3975 lama
1178 3925 1275 3975 virium
1295 3936 1366 3973 arcc-

270 3989 363 4031 rentur
386 3982 492 4036 barbari
523 3996 550 4038 et
572 3989 625 4041 dux
648 3990 745 4059 aliquis
773 3990 865 4041 borum
886 3990 1071 4045 Chorosalaris
1092 3998 1131 4049 sio
1150 3996 1236 4047 dictus
1256 4002 1283 4047 et
1304 3993 1366 4044 alius

270 4049 418 4104 Zamuebos
445 4061 585 4124 congressi
609 4061 689 4113 bona*
705 4062 812 4113 fortuna
839 4062 995 4114 inferiorern
1008 4122 1011 4129 ¹
1024 4075 1125 4131 partem
1155 4068 1243 4119 sortiti
1273 4071 1366 4126 essent,

270 4122 393 4189 prolecto
415 4127 501 4177 etiam
525 4129 610 4197 usque
636 4132 667 4183 ad
692 4132 820 4185 Galatiam
847 4141 874 4183 ct
892 4133 1050 4189 Onariadem
1077 4147 1104 4189 et
1128 4138 1212 4204 ipsam
1231 4136 1367 4204 Phrygiam

270 4192 363 4271 bostar
379 4198 566 4252 accurrissent.
604 4210 685 4271 atque
703 4205 774 4272 quod
791 4204 954 4261 necessitate
973 4217 1087 4277 urgente
1097 4210 1276 4265 instrueretur
1291 4222 1365 4289 erer-
