3017 4892
617 395 830 469 tttsuoatts
1214 391 1256 472 λλ
1365 397 1376 448 -'

160 588 215 652 ρος
232 564 330 648 τύχην
351 563 385 627 δν
410 563 535 630 πολλῶν
554 558 652 626 ἕλκων
670 560 806 642 χρόνων,
825 551 896 625 ἐἶτα
919 558 955 645 τῆ
976 554 1266 644 amnestian-tt-

161 690 210 733 σει
231 663 432 750 ’χρηματίσας
455 659 550 742 υἱός,
577 663 633 724 καί
659 655 763 742 δρκοις
781 660 1070 744 φρικωδεστάεοις,
1095 659 1134 720 οδ
1153 658 1266 737 μίλακι

117 768 120 777 ’
162 767 231 830 ἀλλ’
266 767 380 847 αἵματι
403 763 552 853 α’χράντρν
579 764 635 826 τοῦ
656 756 871 842 θεανβριδπου
905 757 999 842 λόγου
1021 761 1077 824 καί
1098 760 1187 841 χειρί
1210 758 1267 821 τοῦ

162 869 304 950 μείζονος
334 869 366 931 ἐν
389 873 546 950 γεννητοῖς
580 863 737 946 γυναικοῖν
764 861 942 942 βαπτιστοῦ
969 861 1267 944 ε’νοεσῆμασμένοις,

136 965 339 1035 ὀάνόθευτον
362 965 418 1050 τῆν
438 963 515 1050 πρὸς
537 965 639 1050 αδτῆν
666 957 750 1046 τάχα
773 959 1036 1044 βεβαιωσάμενος
1057 964 1172 1025 πίστιν.
1215 955 1271 1023 καί

165 1061 203 1154 ῆν
224 1067 240 1132 ὃ
263 1066 340 1151 άνῆρ
372 1069 426 1130 εἀί
454 1069 513 1147 μὲν
536 1070 591 1151 τῆς
625 1069 780 1150 προτέρας
808 1065 966 1154 διαγωγῆς
991 1060 1192 1141 κακιζόμενος
1217 1060 1271 1122 καί

155 1163 230 1244 ’τοῖς
257 1167 427 1243 δπαινετῶς
454 1169 707 1245 πολιτευομένοις
736 1163 781 1248 μῆ
807 1159 1063 1243 συναπτόμενος,
1086 1163 1140 1225 ε’πί
1164 1164 1199 1224 di
1215 1164 1270 1247 τῆς

164 1273 331 1352 βασιλικῆς
353 1266 540 1350 διαβάσεως
562 1265 617 1331 καί
630 1273 701 1332 λίοιν
724 1260 999 1348 ἐγκωμιαζόμενος
1021 1287 1055 1327 τε
1076 1261 1131 1328 καί
1149 1286 1268 1342 σεμνυ.

84 1389 87 1394 “
165 1370 304 1450 νόμενος,
325 1361 376 1434 οἷα
396 1368 570 1456 φιλοτίμως
590 1360 663 1451 άρτι
678 1370 799 1450 πρῶτον
813 1368 893 1448 ὑπὲρ
915 1363 989 1440 τοδς
1013 1363 1073 1447 πρδ
1096 1365 1195 1429 ου’τοῦ
1214 1368 1271 1443 βε-

122 1468 391 1554 1οβασιλευκὸτας
425 1475 464 1567 τῆ
497 1469 654 1557 συγκλήτῳ
688 1471 742 1532 καί
777 1477 842 1542 τοῖς
873 1459 982 1542 ἄλλοις
1010 1461 1270 1550 προσφερόμενος
1317 1482 1337 1547 ,'

164 1566 324 1656 δπηκδοις,
336 1574 392 1634 καί
402 1580 509 1652 τιμαῖς
523 1573 739 1653 περιβλέπτοις
752 1570 809 1632 καί
819 1567 978 1650 α’ξιολμαοι
991 1567 1157 1639 πλείστους
1176 1560 1271 1639 ὅσους
1335 1619 1340 1633 ς
1354 1602 1359 1613 ·

117 1687 121 1692 ’
164 1675 416 1756 καταγτραίρων,
440 1671 494 1736 καί
513 1658 569 1753 νῆν
590 1670 755 1751 εδνομίαν,
777 1667 865 1751 εἴπερ
887 1693 935 1745 τις
957 1662 1064 1746 ἄλλος,
1085 1661 1274 1742 σπουδάζων

164 1772 403 1856 ἀνεγερθῆναι,
424 1771 478 1836 καί
504 1774 567 1835 τοῖν
593 1772 809 1851 ἀδικουμένων
832 1766 995 1853 ε’κδικητῆς
1020 1761 1274 1850 ἀναφαινόμενος

165 1869 402 1955 ἀπαραίτητος,
423 1870 477 1938 καί
497 1867 701 1951 δικαιοσύνην
714 1872 777 1933 τῶν
797 1863 900 1934 ἄλλων
917 1864 1065 1932 ἁπάντων
1088 1860 1273 1949 ὑπεραίρων

124 1967 223 2040 ibaar*
242 1971 488 2053 προτιμώμενος.
549 1969 678 2054 δξῆγαγε
710 1969 771 2051 γὰρ
805 1974 860 2034 καί
880 1971 936 2052 τῆς
961 1967 1095 2051 χρονίας
1125 1968 1273 2050 φρουράς

168 2069 223 2134 τδν
245 2094 278 2154 τε
311 2075 548 2138 Κωνσταντίνον
582 2068 780 2135 ἐκεῖνοντὸν
811 2067 1046 2152 Δαλασσῆνδν,
1068 2065 1111 2142 ιδς
1133 2060 1271 2131 δ’ποπτον

169 2174 314 2256 περὶτῆς
333 2177 498 2251 βασιλείας
530 2175 563 2236 δν
585 2170 694 2259 πύργῳ
713 2172 961 2236 οἷποκλεισβδντα
991 2168 1081 2253 παρὰ
1101 2171 1158 2240 τοῦ
1179 2166 1272 2232 θείου
1282 2190 1301 2244 ς,
1323 2190 1414 2246 1691,

167 2271 288 2351 ου’τοῦ,
318 2271 374 2336 καί
400 2270 456 2337 τὸν
479 2275 645 2357 πατρίκιοι
673 2274 791 2336 ἐκεῖνον
821 2274 851 2336 Γ
848 2267 981 2354 εωργιον
1008 2267 1065 2335 τδν
1086 2266 1270 2353 Μανιάκην,
1409 2255 1418 2267 ’

167 2363 279 2436 δνκαί
299 2377 343 2459 τῷ
362 2375 425 2438 ads
444 2378 627 2457 μαγίστριον
655 2370 826 2457 τετιμηκάς
850 2373 1005 2453 α’ξιολματι
1035 2374 1090 2436 καί
1108 2367 1274 2438 κατεπόνει
1321 2418 1322 2421 =

124 2471 299 2547 λθἸταλίας
321 2478 573 2559 προεχειρίσατο.
596 2472 671 2548 τοδς
692 2477 727 2537 δὲ
747 2481 906 2555 συγγενεῖς
929 2472 1040 2553 αὐτοῦ,
1062 2470 1198 2546 πολλοὺς
1217 2477 1277 2553 μὲν

169 2577 224 2638 καί
243 2577 412 2652 πλουσίους
428 2573 598 2660 φορτικοδς
615 2578 650 2640 δὲ
668 2572 841 2649 δοκοῦντας
862 2576 903 2660 τῷ
922 2572 1016 2655 βάρει
1031 2574 1094 2638 τάν
1116 2571 1275 2656 πράξεων,

170 2667 272 2758 άρδῆν
296 2677 330 2739 ἐκ
351 2677 452 2755 μέσου
485 2681 647 2760 πεποίηκε,
669 2673 725 2739 τδν
754 2676 812 2756 μὲν
834 2670 1007 2758 δξάρχοντα
1030 2672 1150 2740 τοάτων
1167 2671 1276 2740 Ἰωάν·

170 2797 227 2858 νην
245 2775 388 2858 μοναχὸν
408 2777 463 2840 καί
486 2775 740 2863 δρφανιιρόφον,
763 2771 799 2852 ic
819 2775 876 2858 τῆν
890 2778 952 2842 τιδν
973 2767 1168 2862 πραγμάτων
1187 2766 1286 2857 algas

245 2977 286 3032 12
309 2995 336 3032 τι
348 2963 421 3034 ’ἄλλο
439 2976 469 3032 G.

172 3167 284 3220 rationis
306 3166 420 3219 hominis
444 3168 546 3232 divini,
576 3177 700 3222 samana
730 3170 838 3238 maioris
861 3171 931 3221 inter
957 3169 1066 3238 genitos
1084 3182 1099 3219 a
1117 3166 1275 3219 mulieribus

171 3239 303 3307 baptistae
335 3241 447 3307 signatis
477 3240 608 3294 sinceram
635 3242 712 3294 buius
732 3242 883 3309 adoptionis
904 3244 991 3294 statim
1010 3240 1167 3292 confirmans
1187 3239 1273 3291 iidem.

173 3319 253 3378 atque
272 3319 329 3362 erat
347 3310 424 3362 homo
450 3321 558 3379 propter
587 3312 703 3380 priorem
731 3315 910 3375 conditionem
929 3313 1050 3376 inlamis,
1073 3326 1162 3380 neque
1180 3310 1275 3363 lauda.

172 3381 264 3436 bilitas
282 3383 521 3434 administraturum
539 3400 627 3438 rerum
656 3385 791 3458 particeps
810 3393 875 3438 erat.
921 3386 948 3436 in
967 3384 1072 3452 imperii
1091 3390 1179 3435 autem
1198 3382 1274 3434 initio

173 3455 251 3505 etiam
271 3454 349 3505 valde
369 3453 524 3507 laudabatur
546 3465 572 3507 et
583 3454 777 3520 celebrabatur,
796 3465 824 3509 ut
837 3471 970 3526 generose
986 3471 1072 3524 nuper
1086 3455 1197 3523 primum
1210 3469 1275 3522 prae

172 3523 314 3592 prioribus,
327 3526 435 3592 regibus
455 3529 558 3579 senatui
580 3535 608 3578 et
625 3529 722 3580 ceteris
747 3529 916 3582 semilarent
947 3528 1086 3591 subiectis,
1117 3533 1144 3578 et
1161 3526 1274 3577 bonori-

171 3595 221 3647 bus
241 3593 388 3645 illustribus
410 3605 436 3646 et
447 3597 619 3666 dignitatibus
639 3616 716 3668 quam
729 3600 858 3667 plurimos
877 3616 984 3664 ornans,
1004 3609 1031 3651 et
1048 3599 1196 3666 legitimum
1217 3604 1274 3649 sta.

172 3675 227 3716 tum
248 3665 270 3714 si
293 3664 352 3729 quis
378 3664 446 3717 alius
466 3670 573 3720 studens
593 3673 741 3722 suscitare:
770 3681 797 3724 et
818 3689 904 3723 rerum
931 3673 1087 3724 iniustorum
1107 3668 1178 3719 ultor
1200 3669 1274 3720 visus

107 3783 112 3802 ,
172 3734 358 3797 inexorabilis,
379 3741 405 3784 et
425 3738 550 3789 iustitiam
569 3753 634 3804 prae
654 3743 776 3792 erunibus
804 3742 865 3792 aliis
886 3743 1000 3792 silerent
1020 3748 1047 3789 et
1065 3739 1168 3790 colens.
1207 3739 1273 3790 edu.

172 3806 211 3858 ait
230 3806 300 3858 enim
320 3806 399 3856 etiam
419 3823 452 3858 ex
471 3807 619 3878 longinquo
636 3826 745 3862 carcere
765 3811 965 3864 Constantinum
983 3809 1059 3861 illum
1079 3808 1273 3873 ballaenarum,

171 3877 216 3945 qui
236 3885 376 3944 suspectus
401 3881 477 3946 regni
496 3879 636 3932 allectandi
656 3883 683 3932 in
704 3883 771 3932 turri
788 3882 907 3934 inclusus
927 3889 984 3932 erat
1003 3881 1035 3933 ab
1052 3880 1188 3934 avrrneulo
1207 3883 1274 3946 eius,

172 3957 199 4000 et
216 3949 354 4015 patricium
375 3948 450 4001 illum
472 3952 615 4020 Georgium
634 3953 790 4018 blaniaeen,
822 3968 900 4020 quem
924 3954 1002 4004 etiam
1019 3955 1203 4021 magistrorum
1223 3954 1274 4004 ho.

171 4021 278 4072 notavit
300 4021 428 4086 dignitate
456 4031 482 4073 et
500 4024 647 4090 superioris
676 4023 769 4076 ltaliae
788 4024 951 4092 praelectum
977 4027 1123 4077 constituit.
1162 4027 1275 4093 propiu-

171 4106 238 4159 quus
258 4101 344 4144 auteur
365 4107 437 4155 suos,
457 4098 500 4161 qui
521 4094 595 4146 multi
621 4097 725 4163 quidem
752 4106 779 4147 et
804 4097 902 4148 divites
922 4105 1014 4161 erant,
1045 4097 1159 4149 violenti
1188 4105 1274 4148 tamen

171 4161 328 4214 videbantur
347 4164 487 4217 atrocitate
506 4166 635 4218 laetorum
655 4182 764 4233 prorsus
794 4169 913 4220 ennodio
940 4168 1064 4232 sustulit,
1096 4184 1154 4220 eum
1180 4170 1281 4239 dueem‘

171 4233 264 4288 horum
282 4233 407 4288 loannem
434 4238 591 4291 monachum
617 4247 643 4292 et
668 4240 793 4292 orborum
813 4242 983 4308 praesidem,
1020 4242 1048 4292 ui
1074 4255 1162 4292 rerum
1181 4247 1210 4292 ut
1227 4254 1274 4290 rea

173 4303 307 4358 obtinebat
324 4307 593 4374 administrationem,
620 4311 648 4361 in
668 4318 804 4372 aeternum
831 4313 943 4364 eiiceret
962 4257 1081 4377 exilium,
1101 4319 1208 4364 eeteros
1229 4311 1273 4362 ri.
