3017 4892
251 294 324 385 iii
460 367 464 377 ,
546 308 765 403 uacaturus
795 308 1055 379 amariores

249 474 453 561 παρασκευῆς
476 477 630 541 ἀπελθεῖν.
675 470 747 541 tot
768 470 974 558 παρακούσας
989 476 1045 556 τῆς
1067 470 1200 558 ἀρίστης
1222 468 1369 557 ταυτησί

250 577 446 660 συμβουλῆς,
482 580 535 641 καί
565 572 617 641 τόν
647 574 790 656 ποταμόν
820 572 937 656 διαβάς
972 570 1126 647 ἐπιπόνως
1157 574 1213 635 διά
1245 570 1367 655 τὸτῆς

251 673 394 762 γεφάρας
416 672 602 759 ια’όλισθον,
631 680 763 766 πολέμῳ
781 676 968 757 ’παραυτίκα
997 676 1252 758 τεθορυβημένος
1274 696 1365 758 προ-

226 781 418 863 ’σέπταισε,
446 777 500 841 καί
527 776 585 855 τάς
614 780 804 862 παρατάξεις
837 775 1005 855 ἀντιτάξας
1035 782 1100 849 τοῖς
1124 775 1366 858 έναντίοιςκαί

254 876 347 957 δόξας
378 877 495 955 αάτοάς
532 882 747 964 καταπονῆσαι
778 882 832 943 καί
853 882 987 962 τρέψαι,
1018 875 1108 964 μάχη
1136 880 1392 966 καρτερατέρριὸ

184 1018 191 1031 ·
253 976 340 1063 παρά
364 976 460 1056 δόξαν
488 980 648 1046 ένέπεσεν·
694 975 710 1042 δ
732 981 790 1066 γάρ
807 980 989 1057 Ῥουσέλιος
1003 975 1084 1060 μετά
1105 980 1167 1043 τάν
1185 974 1362 1041 ἐπιλέκτων

253 1080 339 1169 ου’τιβ
359 1080 502 1145 ἐπελθών
524 1078 603 1147 κατά
624 1081 741 1165 κράτος
764 1086 878 1146 τοῦτον
898 1084 969 1170 νικᾷ
991 1078 1047 1145 καί
1067 1086 1136 1155 ταῖς
1157 1077 1255 1151 ἰδίαις
1276 1099 1359 1158 χερ-

253 1183 305 1245 σίν
328 1178 533 1265 αἰχμάλωτον
557 1186 676 1268 τίθησι.
728 1183 763 1248 τά
789 1186 825 1249 δὲ
845 1181 955 1248 λοιπόν
978 1187 1036 1247 τοῦ
1058 1182 1202 1263 στρατοῦ
1224 1182 1359 1242 διασκε-

254 1282 374 1347 δασθέν
398 1281 476 1365 πρός
498 1280 603 1368 φυγάν
635 1286 777 1369 αἰσχροῖς
808 1279 948 1368 (ὅρμησε.
991 1287 1046 1347 καί
1074 1276 1163 1363 οὗτοι,
1181 1282 1245 1344 τῶν
1266 1275 1360 1361 ἀγά-

253 1404 315 1447 νοιν
345 1378 515 1466 ἐκράτησεν
544 1381 560 1445 ά
585 1382 782 1462 Ῥουσέλιος,
813 1386 870 1448 τοά
903 1388 1096 1469 δηλωθέντος
1132 1382 1407 1464 ooorpnrq'yon1q
1489 1373 1493 1376 ’

255 1481 396 1571 ἀτρέστῳ
428 1482 483 1547 καί
504 1481 730 1574 άκαταπληκτιγ
761 1483 943 1572 φρονήματι
964 1484 1045 1566 μετά
1065 1487 1128 1548 ταῖν
1149 1482 1232 1567 ἀμφ’
1252 1476 1358 1545 αὐτόν

254 1581 481 1659 ἐπανελθόντος
501 1587 546 1661 τίς
568 1584 625 1668 τάν
648 1588 733 1651 ἰδίαν
752 1589 914 1670 κατοικίαν
933 1591 989 1650 καί
1008 1583 1151 1662 ἔπαυλιν.

219 1751 226 1760 ,
359 1686 401 1749 Τί
427 1686 461 1748 δέ
490 1684 526 1751 τό
560 1681 622 1751 ἀπό
658 1689 908 1771 τοάδες-γέγονε
935 1692 995 1769 μὲν
1021 1686 1234 1776 άῬουσέλιος
1254 1684 1358 1766 μέγας

178 1853 182 1856 ,
254 1786 310 1848 καί
328 1782 624 1870 περιιόνυμος.λίαν
654 1792 696 1877 τῷ
716 1793 846 1872 μεγέθει
874 1792 932 1854 τοῦ
955 1786 1217 1873 κατορθώματος,
1237 1784 1358 1870 χωρῶν

255 1884 290 1949 ti
312 1884 453 1951 κατευθά
476 1891 532 1953 τοῦ
552 1892 734 1969 Βυζαντίου
764 1891 818 1955 τόν
838 1894 993 1975 Καίσαρα
1015 1891 1260 1975 σιδηροδέσμιον
1288 1880 1357 1967 εἶχε
1366 1904 1402 1957 15

254 1991 310 2052 καί
327 1996 453 2066 πολλοῖς
474 1990 613 2077 ἀνιαροῖς
637 1996 832 2077 περιέβαλεν.
886 1992 929 2068 αἱς
954 1994 989 2056 δέ
1012 1993 1207 2075 προσηγγέλη
1230 1986 1264 2054 τό
1287 2012 1358 2051 τοι-

254 2088 345 2154 οῦτον
375 2089 526 2176 ἀτύχημα
557 2094 600 2179 τῷ
621 2116 653 2157 τε
681 2097 850 2176 κρατοῦντι
872 2096 928 2157 καί
948 2095 991 2181 τῷ
1021 2092 1111 2179 δημιρ
1132 2094 1235 2171 παντί,
1255 2086 1356 2172 πολλή

204 2206 211 2219 ·
252 2212 299 2263 τις
320 2190 473 2275 ἐνέσκηψε
491 2198 632 2277 μέριμνα
657 2200 744 2277 πάσι,
768 2190 823 2277 την
842 2196 898 2258 τοό
912 2191 1062 2277 Φράγγου
1083 2195 1254 2278 ἐπιδημίαν
1275 2190 1358 2254 άπά.
1408 2218 1415 2224 ·

252 2314 339 2357 πτιον
362 2293 395 2371 ε”ξ
414 2296 584 2378 ἐπιβουλῆς
606 2292 695 2359 ἔνδον
710 2298 855 2375 οἰομένου
876 2297 933 2362 τοῦ
951 2294 1182 2375 βασιλεύοντος.
1227 2291 1276 2359 διό
1302 2288 1359 2357 καί

254 2398 391 2468 καθίσας
413 2395 459 2468 είς
481 2386 536 2457 τόν
563 2396 882 2480 βασιλειονδίφρον,
913 2395 1019 2458 τοιάδε
1041 2392 1118 2475 πρὸς
1141 2396 1214 2470 τοάς
1235 2393 1401 2476 παρόν-σο

255 2519 311 2572 τας
333 2495 414 2577 μετά
440 2498 557 2580 πολλῆς
575 2500 631 2580 τῆς
654 2502 829 2582 κατηφείας
852 2497 1099 2581 ἐδημηγόρησεν.
1138 2489 1275 2579 “άνδρες
1298 2515 1359 2558 πο-

254 2600 341 2661 λῖται
362 2598 416 2662 καί
444 2588 515 2661 όσοι
544 2600 597 2681 τῆς
626 2593 802 2681 ρυγκλήτου
832 2598 960 2679 βουλῆς,
981 2592 1177 2678 σκυθρωπὴν
1198 2594 1358 2680 ἀγγελίαν,

249 2698 310 2793 καί
331 2698 401 2763 οἵαν
423 2697 529 2779 οόδείς
551 2700 716 2783 ὑπέμεινεν
738 2695 861 2786 ἕτερος,
878 2690 952 2783 άριι
979 2691 1224 2780 καταλαβοῦσαν
1248 2692 1360 2761 ένιστι-

235 2977 354 3059 όοριίτσο
374 2988 488 3043 consilio
510 2988 620 3043 fluvium
645 2996 828 3059 transgressus
854 2988 990 3041 laboriose
1009 2994 1118 3057 propter
1138 2986 1228 3055 pontis
1248 2986 1355 3055 fragili.

252 3070 349 3127 tatem,
369 3070 397 3114 et
414 3061 488 3115 bello
509 3064 597 3115 statim
616 3062 737 3114 turbatus
756 3062 866 3126 decidit,
895 3068 923 3113 et
941 3061 1048 3113 ordines
1066 3075 1206 3127 opponens
1225 3062 1355 3113 adversa.

253 3135 312 3199 riis,
332 3150 392 3185 cum
410 3135 462 3188 sibi
481 3134 555 3187 visus
570 3142 642 3187 esset
658 3148 705 3185 eos
726 3132 885 3202 fatigaturos
905 3148 965 3186 esse
983 3147 1174 3200 versatusque,
1193 3133 1222 3183 in
1239 3147 1355 3200 pugnam

253 3206 411 3260 validiorem
444 3213 551 3273 praeter
581 3205 735 3272 opinionem
766 3206 869 3257 incidit
912 3204 1038 3257 Ruseiius
1064 3204 1132 3255 enim
1160 3219 1220 3254 cnm
1252 3202 1358 3256 delecta

253 3292 332 3329 mauu
359 3276 385 3327 ei
411 3276 558 3328 obveniens
590 3292 688 3328 summa
708 3277 735 3327 vi
755 3277 826 3329 hunc
853 3277 939 3328 vincit
964 3284 991 3327 et
1008 3278 1064 3328 suis
1083 3275 1203 3327 manibus
1222 3276 1358 3341 captivum

253 3348 356 3399 reddit:
383 3346 505 3416 reliquus
530 3355 617 3399 autem
638 3349 773 3401 exercitus
802 3349 938 3415 dispersus
969 3348 1050 3415 fugae
1076 3363 1105 3400 se
1129 3349 1242 3414 turpiter
1266 3347 1357 3410 dedit,

255 3426 336 3488 atque
355 3419 392 3471 ita
411 3420 557 3477 certamine
576 3420 698 3485 superior
718 3420 769 3471 fuit
786 3420 922 3484 Ruselius,
949 3434 1007 3470 cum
1027 3417 1135 3487 collega
1155 3418 1260 3486 imperii
1277 3433 1358 3485 snpra

255 3490 340 3543 dictus
359 3488 492 3556 intrepido
516 3497 543 3542 et
561 3492 663 3543 invicto
682 3493 770 3543 animo
790 3508 848 3543 cum
868 3492 924 3544 suis
942 3506 1069 3544 reversus
1089 3498 1161 3544 esset
1178 3493 1206 3541 iu
1225 3490 1357 3543 suamdo-

254 3578 324 3615 mum
345 3570 372 3615 et
390 3563 489 3615 sedem.
534 3564 597 3630 quid
615 3562 731 3630 postea?
775 3564 860 3615 factus
886 3571 927 3616 est
948 3563 1074 3615 Ruselius
1105 3562 1184 3614 valde
1202 3578 1313 3631 magnus
1332 3566 1358 3611 et

191 3682 192 3691 ,
256 3634 344 3687 clarus
364 3634 546 3702 magnitudine
566 3643 689 3699 eventus,
710 3644 736 3687 et
760 3636 937 3704 progrediens
958 3637 1087 3687 adversus
1108 3634 1268 3701 Byzantium
1288 3634 1357 3687 Gae-

194 3746 197 3753 ·
256 3722 342 3762 sarem
364 3705 482 3761 vinculis
503 3707 598 3760 ferreis
619 3707 728 3760 tenebat
746 3708 890 3777 multisque
910 3707 1043 3760 molestiis
1064 3706 1245 3757 circumdedit.

357 3806 434 3872 Quod
458 3805 555 3857 maium
584 3822 642 3857 cum
669 3808 817 3858 nuntiatum
846 3812 917 3858 esset
944 3804 1097 3870 imperatori
1123 3810 1150 3853 et
1175 3801 1278 3870 populo
1295 3805 1358 3853 uni.

257 3891 354 3942 verso,
373 3892 469 3947 magua
496 3879 640 3945 occupavit
658 3878 798 3946 aegritudo
817 3892 929 3941 omnes,
958 3892 1016 3927 cum
1036 3892 1084 3928 rex
1101 3874 1198 3927 Franci
1217 3876 1358 3927 adventum

257 3949 395 3999 imminere
415 3948 544 4002 insidiose
564 3964 653 4001 secum
674 3957 787 4015 putaret.
834 3946 1004 4015 quamohrem
1023 3964 1052 4001 se
1072 3949 1214 4000 considens
1234 3949 1262 3997 in
1283 3948 1358 4013 regio

258 4016 347 4082 solio,
367 4020 431 4070 talia
450 4021 482 4071 ad
501 4029 657 4088 praesentes
685 4021 767 4072 mults
787 4035 844 4071 cum
864 4020 943 4069 animi
969 4020 1131 4072 demissione
1150 4018 1236 4085 palam
1255 4018 1359 4069 locutus

260 4094 316 4141 est:
337 4092 430 4155 „cives
450 4099 476 4140 et
494 4095 647 4160 quicunque
663 4092 771 4143 concilii
787 4099 893 4143 senatus
913 4094 977 4142 estis
998 4093 1153 4159 participes,
1175 4092 1267 4143 durum
1289 4105 1360 4139 nnn.

258 4162 323 4214 tium
343 4160 500 4229 qualemque
518 4178 596 4214 nemo
617 4164 784 4230 exspectavit
800 4162 869 4212 alius
882 4174 951 4212 nunc
970 4164 1146 4215 dominantem
1159 4170 1297 4231 postquam
1312 4174 1361 4210 au-

259 4232 316 4286 divi
337 4246 391 4299 nott
409 4232 520 4291 multum
539 4250 555 4287 a
573 4236 710 4287 moriendo
732 4234 830 4288 absum.
875 4233 995 4301 equidem
1023 4235 1091 4287 enim
1121 4250 1179 4288 σανα
1198 4233 1250 4289 ἰΙΙο
1264 4228 1360 4287 lonas:
