3017 4892
611 340 821 413 maroam„
842 282 846 289 Ι
864 370 871 409 .·
891 402 895 409 .
1187 335 1260 417 115

164 505 268 571 πόσαι
288 506 520 588 δεδυνημένους
539 505 619 588 μήτε
633 500 750 585 λόχους
774 501 920 587 καθίσαι,
939 499 1022 588 μήτε
1043 503 1168 590 πολέμῳ
1192 505 1265 588 δρι-

165 613 224 684 μεῖ
240 612 346 688 κρϊγαι
367 600 401 668 τό
422 606 484 684 πᾶν
509 605 802 689 εόθυφρσνσόντας,
820 602 900 689 μήτε
923 601 1072 685 δυνάμεις
1089 604 1152 667 τῶν
1173 605 1266 669 ἐναν-

163 707 336 785 τιουμένων
365 704 476 779 αὐτοῖς
505 703 742 790 διακρίναντας,
773 704 843 769 ἀλλ’
875 700 924 769 ἑνί
944 703 1051 768 κανόνι
1079 703 1266 786 χρωμένους

165 803 246 887 πρός
267 798 422 881 ἅπαντας,
445 802 522 879 τοός
540 827 573 869 τε
597 800 835 881 δυνατωτάτους
863 805 926 869 τῶν
949 806 1096 869 ε’ναντιλαν
1117 804 1173 866 καί
1191 798 1266 877 reric

138 907 324 988 δγλίσχρως
356 905 413 969 καί
439 900 631 988 ἡγεμονικῶς
661 901 718 970 εἴτ’
740 896 798 969 οόν
818 906 1019 991 τστιαρχικαῖς
1051 900 1193 987 ἔχοντας,
1234 906 1271 969 τί

165 1002 226 1088 γόρ
257 994 298 1089 ἡν
325 1004 398 1072 τότε
425 1008 495 1095 διὀς
516 1003 594 1089 πρὸς
624 1004 680 1069 τόν
710 1008 768 1070 τοῦ
790 1001 903 1072 Χόλεα
931 1001 1069 1089 ἡγεμόνα
1097 1004 1142 1078 εἰς
1164 1000 1199 1067 τό
1220 999 1264 1085 μή
1333 1024 1341 1031 ·

167 1103 296 1171 διώκειν
319 1104 417 1171 αότόν
437 1100 583 1189 όκραταῖς
603 1104 683 1187 μεταὶ
703 1104 761 1189 τήν
781 1106 910 1190 τροπήν,
932 1102 1267 1191 ὀπισθοφυλακοῦντας

168 1207 225 1269 τοῦ
245 1210 410 1325 βασιλέως,
427 1203 509 1287 μετὰ
531 1208 586 1289 τῆς
608 1208 719 1289 λοιπῆς
740 1209 797 1271 reri
820 1210 957 1289 superori
978 1202 1188 1329 μρίρας,ιιαί
1207 1210 1267 1269 καὶ·

168 1304 258 1371 τόπιν
280 1303 457 1391 ἐπιτρέπειν
489 1304 546 1389 τήν
575 1303 779 1391 παρεμβολήν
811 1304 945 1371 ἕπεσθαι
976 1309 1091 1389 μέχρις
1118 1300 1195 1372 ὅτου
1214 1308 1270 1375 καί

125 1428 211 1527 ιοτρι
195 1404 339 1475 Xoites
357 1410 536 1525 ε’τιέστησαν
556 1411 610 1471 καί
630 1408 705 1483 τοὺς
725 1405 814 1472 ἔνδον
835 1412 876 1494 τῷ
898 1410 989 1496 φόβην
1010 1411 1193 1474 κατέσεισαν
1215 1406 1270 1473 καί

167 1508 224 1593 τήν
253 1509 344 1573 πόλιν
364 1503 473 1573 αότων
503 1506 759 1591 παρεστήσαντο,
782 1507 855 1581 τούς
882 1511 1008 1583 πλείους
1029 1510 1092 1573 τῶν
1113 1532 1270 1592 στρατιω-

167 1614 230 1673 τιόν
251 1612 284 1672 ἐν
304 1610 342 1695 τὴ
363 1612 451 1694 φυγῇ
473 1609 723 1690 κατακόψαντες.
768 1606 876 1684 καθώς
898 1606 960 1691 γόρ
982 1613 1036 1673 καί
1055 1605 1189 1691 ὕστερον
1209 1631 1270 1687 με·
1341 1600 1344 1605 ’

167 1706 369 1790 μαθήκαμεν,
389 1702 437 1770 ὅτι
459 1708 514 1770 καί
536 1708 630 1769 αότοί
652 1703 682 1769 οἱ
703 1707 761 1768 τοῦ
781 1706 895 1771 Χόλειτ
918 1709 1167 1789 καραδοκοῦντες
1188 1700 1269 1831 ἡσαυ

169 1799 270 1891 ἐφ’
244 1832 269 1895 ρι
301 1804 357 1890 τήν
389 1805 479 1872 πόλιν
501 1808 608 1871 ου’τοόν
637 1802 785 1893 όμόλογίρ
815 1811 870 1926 m?
895 1804 1069 1891 συνθήκαις
1101 1809 1271 1893 α’φεσίμοις

126 1908 375 1989 15παραδουναι
395 1909 439 1992 τῷ
459 1908 632 1990 βασιλεῖβ
616 1910 767 2023 επείπερ
766 1905 820 1975 καί
845 1902 862 1991 ἡ
886 1906 994 1992 νεότης
1013 1905 1132 1973 τούτων
1154 1911 1271 1973 παθεῖν
1304 1912 1308 1919 ’

170 2004 280 2112 ἔμελλε
303 2008 414 2086 πόσα,
443 2006 474 2069 εἰ
493 2009 613 2089 προέβη
636 2003 674 2069 τό
698 2008 752 2122 τὴς
755 1990 920 2084 διώξεως.
974 2000 1112 2091 ήλαυνρν
1133 2006 1195 2092 γόρ
1217 2004 1273 2073 καί

170 2107 262 2176 αότοι
257 2107 396 2192 πεζικῇ
418 2101 595 2187 παρατάξει
615 2102 670 2169 διό
693 2103 752 2188 τήν
774 2109 887 2170 ἐλπίδα
909 2109 967 2171 τοῦ
987 2107 1097 2191 πριόην
1117 2132 1179 2173 των
1200 2110 1269 2173 Σα-

169 2206 314 2289 ραιιηνοόν
342 2203 597 2290 προτερήματος,
626 2199 707 2271 α’ίστε
729 2202 783 2271 τόν
810 2206 941 2291 χάρακα
964 2212 1028 2273 τῶν
1046 2206 1213 2289 Ῥωμαίων
1237 2210 1270 2285 ἒξ

167 2311 342 2381 ε’πιθόσεως
364 2302 510 2389 αἱρήσειν
524 2307 705 2389 πολεμικῆς.
748 2310 805 2374 νῦν
827 2309 863 2373 δὲ
876 2310 918 2395 τῷ
937 2310 1108 2397 ἀδιακρίτῳ
1129 2312 1186 2391 τῆς
1208 2310 1271 2373 τεόν

125 2404 335 2490 ροόρχόνεων
365 2406 530 2489 ἡγεμονίας
553 2406 608 2471 καί
627 2410 680 2490 τῆς
701 2406 809 2473 αότιὸν
837 2408 948 2491 ἰσχύος
974 2412 1037 2475 reis
1050 2409 1218 2492 Ῥωμαίων
1238 2392 1273 2472 οἷ

167 2511 310 2587 βασιλεῖς
323 2511 388 2573 καί
405 2505 551 2589 ἡγεμόνες
571 2510 713 2590 ἰσχυρῶς
734 2510 953 2592 συνεχόμενοι,
977 2508 1035 2585 τός
1051 2534 1085 2578 τε
1106 2513 1194 2585 νίκας
1211 2510 1270 2577 στεί-

170 2609 232 2673 ταόν
256 2610 302 2683 εἰς
328 2608 436 2690 α’γενὲς
467 2614 706 2693 περιστέλλουσι
739 2610 860 2692 πέρας,
888 2613 943 2675 καί
963 2608 1040 2685 τοός
1062 2610 1203 2693 ἒχθρσός
1226 2610 1271 2685 εἷς

171 2702 303 2793 αὔχημα
332 2711 442 2790 μεῖζον
461 2712 665 2795 ἐπαίρουσιν,
692 2708 727 2773 οἳ
743 2712 798 2776 καί
820 2708 997 2794 κυριαρχήν
1027 2706 1060 2773 ἐν
1081 2716 1151 2784 ταῖς
1170 2708 1272 2783 νίκαις
1296 2716 1303 2724 “

242 2903 287 2957 23.
306 2901 494 2974 superexstat-'I

173 3082 293 3136 valentes
312 3098 400 3151 neque
420 3083 554 3135 centurias
574 3084 747 3147 constituere,
766 3099 855 3153 neque
874 3082 946 3134 bello
958 3084 1013 3135 aeri
1029 3085 1175 3135 decernere
1186 3086 1274 3136 omnia

173 3155 259 3205 animo
279 3155 483 3219 contendentes,
504 3171 593 3223 neque
612 3156 684 3207 vires
704 3158 888 3221 oppositorum
900 3154 952 3207 sibi
963 3156 1146 3218 diiudicantes‚
1164 3156 1274 3207 sedum

124 3273 128 3279 .
174 3227 206 3276 ad
230 3241 322 3276 omnes
350 3234 455 3277 utentes
483 3227 588 3294 regula,
614 3235 641 3277 et
665 3228 697 3277 ad
717 3228 916 3292 potentissimos
937 3226 1052 3277 hostium
1071 3227 1211 3289 studens,
1228 3228 1274 3293 qui

174 3306 268 3350 tenues
289 3305 315 3348 et
333 3297 381 3349 snb
401 3299 468 3349 duce
487 3300 547 3351 sive
565 3299 619 3350 loci
638 3300 760 3365 principe
779 3305 848 3350 sunt.
887 3299 932 3365 qui
952 3299 1021 3351 euim
1042 3306 1099 3349 erat
1117 3305 1170 3349 tum
1189 3306 1274 3349 metus

173 3385 207 3420 ne
227 3367 452 3433 Chalepi.dueem
471 3378 696 3438 persequerentur
715 3372 773 3421 sine
791 3369 950 3421 remissione
969 3378 1030 3435 post
1049 3369 1138 3437 fugam
1148 3385 1213 3437 rege
1228 3368 1274 3419 ui.

173 3442 251 3491 times
265 3440 379 3489 ducente
393 3455 451 3491 cum
469 3441 574 3508 reliqna
589 3444 723 3492 exercitus
734 3450 818 3508 parte,
839 3448 866 3492 et
883 3442 1054 3497 adverterent
1070 3449 1171 3508 etergo
1189 3448 1276 3491 castra

174 3510 206 3561 ad
224 3510 388 3574 sequendum
409 3511 494 3562 donec
513 3512 558 3563 vel
586 3511 705 3577 Chalepo
731 3515 861 3563 instarent
888 3521 914 3563 et
939 3514 1010 3565 intus
1036 3520 1176 3565 versantes
1203 3518 1275 3561 metu

173 3586 347 3645 percuterent
367 3588 394 3629 et
412 3580 503 3630 urbem
523 3596 615 3631 eorum
634 3582 798 3633 subiicerent
816 3583 929 3633 maxima
947 3583 1059 3633 militum
1079 3590 1155 3648 parte
1174 3582 1276 3647 infuga

175 3650 274 3701 occisa.
304 3655 332 3697 ut
351 3649 429 3697 etiam
447 3657 542 3715 postea
567 3650 724 3713 audivimus,
745 3660 772 3701 et
790 3653 863 3717 ipsos
883 3651 995 3716 Chelepi
1014 3652 1116 3701 incolas
1135 3651 1275 3701 insidiatos

176 3735 255 3781 esse,
280 3726 309 3768 ut
332 3717 423 3769 urbem
449 3734 521 3771 suam
547 3720 727 3769 conventione
752 3728 779 3769 et
803 3722 941 3784 promissis
967 3720 1117 3773 librationis
1140 3720 1276 3773 traderent

175 3790 244 3857 regi,
264 3789 386 3871 queniam
407 3789 487 3840 etiam
504 3792 629 3841 inventus
649 3789 742 3839 iterum
761 3790 816 3871 pati
834 3788 948 3841 debebat
966 3792 1050 3841 omnis
1076 3792 1099 3843 si
1118 3791 1278 3859 precederet

175 3860 337 3929 persecutio.
375 3861 613 3943 prnfieiseebantur
632 3861 701 3912 enim
721 3868 749 3912 et
767 3860 818 3925 ipsi
837 3859 954 3925 pedestri
970 3863 1148 3929 aciepropter
1160 3862 1275 3927 priorem

175 3934 368 3987 Saracenorum
389 3933 528 3984 victoriam
546 3939 694 3999 sperantes,
713 3948 745 3983 se
763 3929 864 3983 uallum
885 3930 1044 3983 Graecorum
1064 3934 1164 4000 impetu
1180 3942 1276 4000 captu.

176 4020 220 4057 ros
241 4018 301 4056 esse
319 4001 430 4055 bellico.
468 4020 539 4055 nune
557 4011 645 4055 eutem
665 4002 881 4055 incertitudine'
875 4004 980 4069 imperii
999 4004 1147 4073 principum
1174 4013 1201 4057 et
1218 4005 1277 4062 ser.

175 4074 324 4129 titudinis'
317 4090 435 4141 ipsorum
447 4076 607 4129 Graecorum
626 4090 705 4142 reges
725 4082 751 4125 et
770 4075 850 4126 duces
870 4076 968 4125 retenti
988 4083 1014 4125 et
1034 4077 1160 4131 victorias
1178 4079 1277 4129 ruasin

174 4146 324 4231 ignobilem
344 4154 452 4198 vertunt
469 4149 548 4199 tinem
567 4154 594 4199 et
617 4145 707 4198 hostes
727 4136 766 4198 ad
778 4146 904 4196 maiorem
924 4145 1023 4199 tollunt
1041 4150 1211 4212 iactantiam,
1231 4148 1277 4215 qui

176 4220 255 4274 etiem
274 4220 450 4287 principatum
471 4220 499 4270 in
523 4219 645 4272 victoriis
670 4218 799 4317 centinu'a
829 4218 1018 4287 persecutione
1047 4235 1101 4273 nen
1125 4226 1277 4289 spectantes
