<?xml version="1.0" encoding="UTF-8"?>
<!DOCTYPE html PUBLIC "-//W3C//DTD XHTML 1.0 Transitional//EN"
    "http://www.w3.org/TR/xhtml1/DTD/xhtml1-transitional.dtd">
<html xmlns="http://www.w3.org/1999/xhtml" xml:lang="en" lang="en">
 <head>
  <title>
</title>
<meta http-equiv="Content-Type" content="text/html;charset=utf-8" />
  <meta name='ocr-system' content='tesseract 3.04.00' />
  <meta name='ocr-capabilities' content='ocr_page ocr_carea ocr_par ocr_line ocrx_word'/>
</head>
<body>
  <div class='ocr_page' id='page_1' title='image "./corpusscriptoru06theogoog/corpusscriptoru06theogoog_0183.png"; bbox 0 0 3017 4892; ppageno 0'>
   <div class='ocr_carea' id='block_1_1' title="bbox 588 325 1239 399">
    <p class='ocr_par' dir='ltr' id='par_1_1' title="bbox 588 325 1239 399">
     <span class='ocr_line' id='line_1_1' title="bbox 588 325 1239 399; baseline 0.002 -2"><span class='ocrx_word' id='word_1_1' title='bbox 588 330 796 398; x_wconf 70' lang='lat' dir='ltr'>nlsromn</span> <span class='ocrx_word' id='word_1_2' title='bbox 1117 328 1120 336; x_wconf 78' lang='grc'><strong>’</strong></span> <span class='ocrx_word' id='word_1_3' title='bbox 1169 325 1239 399; x_wconf 77' lang='lat' dir='ltr'>tot</span> 
     </span>
    </p>
   </div>
   <div class='ocr_carea' id='block_1_2' title="bbox 64 488 1359 2794">
    <p class='ocr_par' dir='ltr' id='par_1_2' title="bbox 64 488 1359 2794">
     <span class='ocr_line' id='line_1_2' title="bbox 130 488 1243 581; baseline -0.003 -19"><span class='ocrx_word' id='word_1_4' title='bbox 130 495 257 581; x_wconf 69' lang='grc' dir='ltr'><strong><em>σκηνὴν</em></strong></span> <span class='ocrx_word' id='word_1_5' title='bbox 279 494 521 577; x_wconf 75' lang='grc' dir='ltr'><strong><em>ἀποτευχθῆναι</em></strong></span> <span class='ocrx_word' id='word_1_6' title='bbox 541 494 598 557; x_wconf 86' lang='grc' dir='ltr'>καί</span> <span class='ocrx_word' id='word_1_7' title='bbox 617 495 794 575; x_wconf 91' lang='grc' dir='ltr'><strong><em>θεραπειάν</em></strong></span> <span class='ocrx_word' id='word_1_8' title='bbox 819 488 1032 577; x_wconf 72' lang='grc' dir='ltr'><strong><em>ἁρμόζουσαν,</em></strong></span> <span class='ocrx_word' id='word_1_9' title='bbox 1055 491 1243 559; x_wconf 71' lang='grc' dir='ltr'><strong><em>σύνδειπνον</em></strong></span> 
     </span>
     <span class='ocr_line' id='line_1_3' title="bbox 131 593 1271 680; baseline -0.005 -18"><span class='ocrx_word' id='word_1_10' title='bbox 131 595 241 662; x_wconf 75' lang='grc' dir='ltr'><strong><em>αῦτόν</em></strong></span> <span class='ocrx_word' id='word_1_11' title='bbox 275 596 389 661; x_wconf 86' lang='grc' dir='ltr'><strong><em>αῦτίκα</em></strong></span> <span class='ocrx_word' id='word_1_12' title='bbox 409 597 465 659; x_wconf 79' lang='grc' dir='ltr'>καί</span> <span class='ocrx_word' id='word_1_13' title='bbox 493 593 676 675; x_wconf 80' lang='grc' dir='ltr'><strong><em>ὁμοδίαιτον</em></strong></span> <span class='ocrx_word' id='word_1_14' title='bbox 709 595 941 677; x_wconf 77' lang='grc' dir='ltr'><strong><em>οἶπειργόσαεο,</em></strong></span> <span class='ocrx_word' id='word_1_15' title='bbox 967 595 1012 678; x_wconf 70' lang='grc' dir='ltr'>μή</span> <span class='ocrx_word' id='word_1_16' title='bbox 1035 593 1123 680; x_wconf 85' lang='grc' dir='ltr'><strong><em>πυροὶ</em></strong></span> <span class='ocrx_word' id='word_1_17' title='bbox 1145 596 1243 677; x_wconf 77' lang='grc' dir='ltr'><strong><em>μέρος</em></strong></span> <span class='ocrx_word' id='word_1_18' title='bbox 1269 668 1271 673; x_wconf 68' lang='lat'>,</span> 
     </span>
     <span class='ocr_line' id='line_1_4' title="bbox 131 693 1243 781; baseline -0.004 -19"><span class='ocrx_word' id='word_1_19' title='bbox 131 700 276 772; x_wconf 79' lang='grc' dir='ltr'><strong><em>καθίσας</em></strong></span> <span class='ocrx_word' id='word_1_20' title='bbox 297 696 406 777; x_wconf 84' lang='grc' dir='ltr'><strong><em>αῦεόν,</em></strong></span> <span class='ocrx_word' id='word_1_21' title='bbox 427 693 509 759; x_wconf 83' lang='grc' dir='ltr'><strong><em>οίλλὸ</em></strong></span> <span class='ocrx_word' id='word_1_22' title='bbox 530 695 704 778; x_wconf 76' lang='grc' dir='ltr'><strong><em>σύνθρονον</em></strong></span> <span class='ocrx_word' id='word_1_23' title='bbox 721 696 755 759; x_wconf 77' lang='grc' dir='ltr'>ἐν</span> <span class='ocrx_word' id='word_1_24' title='bbox 772 693 921 779; x_wconf 81' lang='grc' dir='ltr'><strong><em>εδθῦτητι</em></strong></span> <span class='ocrx_word' id='word_1_25' title='bbox 937 700 994 780; x_wconf 85' lang='grc' dir='ltr'><strong><em>τῆς</em></strong></span> <span class='ocrx_word' id='word_1_26' title='bbox 1016 698 1160 781; x_wconf 73' lang='grc' dir='ltr'><strong><em>ἐκκρίτου</em></strong></span> <span class='ocrx_word' id='word_1_27' title='bbox 1181 693 1243 758; x_wconf 83' lang='grc' dir='ltr'>τοὶ-</span> 
     </span>
     <span class='ocr_line' id='line_1_5' title="bbox 132 787 1242 883; baseline -0.003 -22"><span class='ocrx_word' id='word_1_28' title='bbox 132 803 217 883; x_wconf 76' lang='grc' dir='ltr'><strong><em>ξεως</em></strong></span> <span class='ocrx_word' id='word_1_29' title='bbox 238 798 293 861; x_wconf 85' lang='grc' dir='ltr'>καί</span> <span class='ocrx_word' id='word_1_30' title='bbox 312 793 466 877; x_wconf 79' lang='grc' dir='ltr'><strong><em>ὁμόδοξον</em></strong></span> <span class='ocrx_word' id='word_1_31' title='bbox 492 794 582 859; x_wconf 75' lang='grc' dir='ltr'><strong><em>κατοό</em></strong></span> <span class='ocrx_word' id='word_1_32' title='bbox 602 796 660 878; x_wconf 79' lang='grc' dir='ltr'>τὴν</span> <span class='ocrx_word' id='word_1_33' title='bbox 690 796 786 879; x_wconf 69' lang='grc' dir='ltr'><strong><em>τιμήν</em></strong></span> <span class='ocrx_word' id='word_1_34' title='bbox 807 794 1037 879; x_wconf 81' lang='grc' dir='ltr'><strong><em>ποιησόμενος.</em></strong></span> <span class='ocrx_word' id='word_1_35' title='bbox 1088 787 1171 858; x_wconf 88' lang='grc' dir='ltr'><strong><em>οῦτω</em></strong></span> <span class='ocrx_word' id='word_1_36' title='bbox 1193 797 1242 869; x_wconf 85' lang='grc' dir='ltr'>δίς</span> 
     </span>
     <span class='ocr_line' id='line_1_6' title="bbox 102 893 1242 985; baseline -0.006 -19"><span class='ocrx_word' id='word_1_37' title='bbox 102 903 194 983; x_wconf 73' lang='grc' dir='ltr'>ὅτῆς</span> <span class='ocrx_word' id='word_1_38' title='bbox 216 899 337 985; x_wconf 75' lang='grc' dir='ltr'><strong><em>ἧμὸρας</em></strong></span> <span class='ocrx_word' id='word_1_39' title='bbox 358 899 587 979; x_wconf 71' lang='grc' dir='ltr'><strong><em>συνερχόμενος</em></strong></span> <span class='ocrx_word' id='word_1_40' title='bbox 606 893 705 985; x_wconf 83' lang='grc' dir='ltr'><strong><em>εοῦτφ</em></strong></span> <span class='ocrx_word' id='word_1_41' title='bbox 728 902 784 961; x_wconf 86' lang='grc' dir='ltr'>καί</span> <span class='ocrx_word' id='word_1_42' title='bbox 803 900 978 977; x_wconf 67' lang='lat' dir='ltr'>uetustate,</span> <span class='ocrx_word' id='word_1_43' title='bbox 1003 896 1057 961; x_wconf 85' lang='grc' dir='ltr'>καί</span> <span class='ocrx_word' id='word_1_44' title='bbox 1078 897 1157 980; x_wconf 86' lang='grc' dir='ltr'><strong><em>πρός</em></strong></span> <span class='ocrx_word' id='word_1_45' title='bbox 1176 922 1242 960; x_wconf 88' lang='grc' dir='ltr'>πα-</span> 
     </span>
     <span class='ocr_line' id='line_1_7' title="bbox 133 994 1241 1086; baseline -0.001 -23"><span class='ocrx_word' id='word_1_46' title='bbox 133 994 292 1084; x_wconf 81' lang='grc' dir='ltr'><strong><em>ροίκλησιν</em></strong></span> <span class='ocrx_word' id='word_1_47' title='bbox 315 995 534 1079; x_wconf 84' lang='grc' dir='ltr'><strong><em>α’νακτιόμενος</em></strong></span> <span class='ocrx_word' id='word_1_48' title='bbox 556 994 609 1061; x_wconf 83' lang='grc' dir='ltr'>διδ</span> <span class='ocrx_word' id='word_1_49' title='bbox 633 1002 757 1063; x_wconf 87' lang='grc' dir='ltr'><strong><em>πολλιῦν</em></strong></span> <span class='ocrx_word' id='word_1_50' title='bbox 779 997 970 1086; x_wconf 76' lang='grc' dir='ltr'><strong><em>ε’πφσμῦεων</em></strong></span> <span class='ocrx_word' id='word_1_51' title='bbox 993 996 1172 1081; x_wconf 77' lang='grc' dir='ltr'><strong><em>ἀναγόντων</em></strong></span> <span class='ocrx_word' id='word_1_52' title='bbox 1194 1000 1241 1073; x_wconf 88' lang='grc' dir='ltr'>εἰς</span> 
     </span>
     <span class='ocr_line' id='line_1_8' title="bbox 131 1096 1240 1185; baseline -0.002 -21"><span class='ocrx_word' id='word_1_53' title='bbox 131 1098 194 1181; x_wconf 70' lang='grc' dir='ltr'>τὴν</span> <span class='ocrx_word' id='word_1_54' title='bbox 217 1096 369 1181; x_wconf 69' lang='grc' dir='ltr'><strong><em>βιαστικήν</em></strong></span> <span class='ocrx_word' id='word_1_55' title='bbox 394 1100 612 1185; x_wconf 77' lang='grc' dir='ltr'><strong><em>περιπέτειαν,</em></strong></span> <span class='ocrx_word' id='word_1_56' title='bbox 631 1103 746 1179; x_wconf 79' lang='grc' dir='ltr'><strong><em>μέχρις</em></strong></span> <span class='ocrx_word' id='word_1_57' title='bbox 768 1098 905 1181; x_wconf 67' lang='grc' dir='ltr'><strong><em>”ἡμερο5ν</em></strong></span> <span class='ocrx_word' id='word_1_58' title='bbox 928 1096 1009 1161; x_wconf 85' lang='grc' dir='ltr'><strong><em>δκτιό</em></strong></span> <span class='ocrx_word' id='word_1_59' title='bbox 1038 1101 1100 1162; x_wconf 81' lang='grc' dir='ltr'><strong><em>τεόν</em></strong></span> <span class='ocrx_word' id='word_1_60' title='bbox 1121 1097 1240 1177; x_wconf 87' lang='grc' dir='ltr'><strong><em>ὁμοίων</em></strong></span> 
     </span>
     <span class='ocr_line' id='line_1_9' title="bbox 135 1195 1241 1285; baseline 0 -24"><span class='ocrx_word' id='word_1_61' title='bbox 135 1198 227 1285; x_wconf 72' lang='grc' dir='ltr'><strong><em>αὐτῷ</em></strong></span> <span class='ocrx_word' id='word_1_62' title='bbox 247 1195 402 1261; x_wconf 75' lang='grc' dir='ltr'><strong><em>ἐκοινώνει</em></strong></span> <span class='ocrx_word' id='word_1_63' title='bbox 425 1200 479 1259; x_wconf 81' lang='grc' dir='ltr'>καί</span> <span class='ocrx_word' id='word_1_64' title='bbox 500 1195 603 1277; x_wconf 87' lang='grc' dir='ltr'><strong><em>λόγων</em></strong></span> <span class='ocrx_word' id='word_1_65' title='bbox 626 1200 681 1260; x_wconf 85' lang='grc' dir='ltr'>καί</span> <span class='ocrx_word' id='word_1_66' title='bbox 703 1197 799 1279; x_wconf 77' lang='grc' dir='ltr'><strong><em>ἅλιόν,</em></strong></span> <span class='ocrx_word' id='word_1_67' title='bbox 821 1199 903 1281; x_wconf 80' lang='grc' dir='ltr'><strong><em>μηδὲ</em></strong></span> <span class='ocrx_word' id='word_1_68' title='bbox 923 1199 1021 1278; x_wconf 78' lang='grc' dir='ltr'><strong><em>μέχρι</em></strong></span> <span class='ocrx_word' id='word_1_69' title='bbox 1040 1199 1097 1261; x_wconf 83' lang='grc' dir='ltr'>καί</span> <span class='ocrx_word' id='word_1_70' title='bbox 1112 1200 1241 1280; x_wconf 85' lang='grc' dir='ltr'><strong><em>βραχυ-</em></strong></span> 
     </span>
     <span class='ocr_line' id='line_1_10' title="bbox 133 1291 1240 1387; baseline -0.001 -24"><span class='ocrx_word' id='word_1_71' title='bbox 133 1296 236 1364; x_wconf 77' lang='grc' dir='ltr'><strong><em>τάτου</em></strong></span> <span class='ocrx_word' id='word_1_72' title='bbox 258 1297 353 1380; x_wconf 89' lang='grc' dir='ltr'><strong><em>λόγου</em></strong></span> <span class='ocrx_word' id='word_1_73' title='bbox 376 1295 455 1381; x_wconf 85' lang='grc' dir='ltr'><strong><em>πρός</em></strong></span> <span class='ocrx_word' id='word_1_74' title='bbox 484 1301 594 1363; x_wconf 84' lang='grc' dir='ltr'><strong><em>τοῦτον</em></strong></span> <span class='ocrx_word' id='word_1_75' title='bbox 616 1297 906 1387; x_wconf 73' lang='grc' dir='ltr'><strong><em>ἐμπεπαρφνηλοὸς,</em></strong></span> <span class='ocrx_word' id='word_1_76' title='bbox 929 1292 950 1382; x_wconf 80' lang='grc' dir='ltr'><em>ἢ</em></span> <span class='ocrx_word' id='word_1_77' title='bbox 971 1291 1043 1363; x_wconf 82' lang='grc' dir='ltr'><strong><em>ὅσον</em></strong></span> <span class='ocrx_word' id='word_1_78' title='bbox 1065 1298 1240 1363; x_wconf 74' lang='grc' dir='ltr'><strong><em>δοκούντων</em></strong></span> 
     </span>
     <span class='ocr_line' id='line_1_11' title="bbox 85 1397 1240 1487; baseline -0.002 -24"><span class='ocrx_word' id='word_1_79' title='bbox 85 1414 124 1467; x_wconf 84' lang='grc'>10</span> <span class='ocrx_word' id='word_1_80' title='bbox 135 1402 234 1464; x_wconf 85' lang='grc' dir='ltr'><strong><em>τινοὸν</em></strong></span> <span class='ocrx_word' id='word_1_81' title='bbox 268 1397 467 1481; x_wconf 77' lang='grc' dir='ltr'><strong><em>σφαλμάτων</em></strong></span> <span class='ocrx_word' id='word_1_82' title='bbox 504 1401 538 1463; x_wconf 80' lang='grc' dir='ltr'>όν</span> <span class='ocrx_word' id='word_1_83' title='bbox 571 1402 611 1487; x_wconf 77' lang='grc' dir='ltr'>τῇ</span> <span class='ocrx_word' id='word_1_84' title='bbox 645 1398 749 1465; x_wconf 78' lang='grc' dir='ltr'><strong><em>ἐλάσει</em></strong></span> <span class='ocrx_word' id='word_1_85' title='bbox 778 1404 835 1483; x_wconf 85' lang='grc' dir='ltr'><strong><em>τῆς</em></strong></span> <span class='ocrx_word' id='word_1_86' title='bbox 863 1402 1018 1483; x_wconf 82' lang='grc' dir='ltr'><strong><em>στρατιᾶς</em></strong></span> <span class='ocrx_word' id='word_1_87' title='bbox 1047 1398 1240 1482; x_wconf 76' lang='grc' dir='ltr'><strong><em>ὑπομνήσας,</em></strong></span> 
     </span>
     <span class='ocr_line' id='line_1_12' title="bbox 134 1492 1242 1585; baseline -0.003 -22"><span class='ocrx_word' id='word_1_88' title='bbox 134 1498 233 1563; x_wconf 82' lang='grc' dir='ltr'><strong><em>ὁπότε</em></strong></span> <span class='ocrx_word' id='word_1_89' title='bbox 254 1499 309 1563; x_wconf 82' lang='grc' dir='ltr'>καί</span> <span class='ocrx_word' id='word_1_90' title='bbox 329 1494 349 1582; x_wconf 81' lang='grc' dir='ltr'><em>ἦ</em></span> <span class='ocrx_word' id='word_1_91' title='bbox 369 1502 427 1564; x_wconf 87' lang='grc' dir='ltr'>τοῦ</span> <span class='ocrx_word' id='word_1_92' title='bbox 445 1504 524 1564; x_wconf 91' lang='grc' dir='ltr'><strong><em>θεοῦ</em></strong></span> <span class='ocrx_word' id='word_1_93' title='bbox 551 1507 651 1585; x_wconf 85' lang='grc' dir='ltr'><strong><em>κρίσις</em></strong></span> <span class='ocrx_word' id='word_1_94' title='bbox 672 1498 756 1582; x_wconf 78' lang='grc' dir='ltr'><strong><em>μετὰ</em></strong></span> <span class='ocrx_word' id='word_1_95' title='bbox 777 1503 841 1564; x_wconf 76' lang='grc' dir='ltr'><strong><em>τεόν</em></strong></span> <span class='ocrx_word' id='word_1_96' title='bbox 862 1492 968 1564; x_wconf 76' lang='grc' dir='ltr'><strong><em>ἄλλων</em></strong></span> <span class='ocrx_word' id='word_1_97' title='bbox 1000 1501 1167 1563; x_wconf 77' lang='grc' dir='ltr'><strong><em>κάνταῦθα</em></strong></span> <span class='ocrx_word' id='word_1_98' title='bbox 1189 1500 1242 1561; x_wconf 91' lang='grc' dir='ltr'>δι-</span> 
     </span>
     <span class='ocr_line' id='line_1_13' title="bbox 133 1594 1240 1685; baseline -0.001 -20"><span class='ocrx_word' id='word_1_99' title='bbox 133 1604 212 1665; x_wconf 89' lang='grc' dir='ltr'><strong><em>καία</em></strong></span> <span class='ocrx_word' id='word_1_100' title='bbox 235 1599 289 1665; x_wconf 79' lang='grc' dir='ltr'>καί</span> <span class='ocrx_word' id='word_1_101' title='bbox 318 1600 459 1684; x_wconf 76' lang='grc' dir='ltr'><strong><em>δρρεπίγς</em></strong></span> <span class='ocrx_word' id='word_1_102' title='bbox 489 1604 659 1685; x_wconf 80' lang='grc' dir='ltr'><strong><em>κατεφάνη.</em></strong></span> <span class='ocrx_word' id='word_1_103' title='bbox 711 1601 749 1664; x_wconf 79' lang='grc' dir='ltr'>ον’</span> <span class='ocrx_word' id='word_1_104' title='bbox 783 1600 843 1684; x_wconf 85' lang='grc' dir='ltr'>γόρ</span> <span class='ocrx_word' id='word_1_105' title='bbox 870 1599 900 1665; x_wconf 83' lang='grc' dir='ltr'>οἱ</span> <span class='ocrx_word' id='word_1_106' title='bbox 929 1594 1020 1664; x_wconf 79' lang='grc' dir='ltr'><strong><em>ἄλλοι</em></strong></span> <span class='ocrx_word' id='word_1_107' title='bbox 1041 1599 1138 1682; x_wconf 89' lang='grc' dir='ltr'><strong><em>μόνον</em></strong></span> <span class='ocrx_word' id='word_1_108' title='bbox 1159 1599 1240 1664; x_wconf 67' lang='lat' dir='ltr'>arto</span> 
     </span>
     <span class='ocr_line' id='line_1_14' title="bbox 64 1693 1241 1781; baseline -0.001 -17"><span class='ocrx_word' id='word_1_109' title='bbox 64 1724 69 1733; x_wconf 85' lang='grc'><em>’</em></span> <span class='ocrx_word' id='word_1_110' title='bbox 133 1701 191 1766; x_wconf 85' lang='grc' dir='ltr'>καί</span> <span class='ocrx_word' id='word_1_111' title='bbox 211 1698 310 1774; x_wconf 83' lang='grc' dir='ltr'><strong><em>αῦτός</em></strong></span> <span class='ocrx_word' id='word_1_112' title='bbox 333 1700 349 1762; x_wconf 88' lang='grc' dir='ltr'><strong><em>ὁ</em></strong></span> <span class='ocrx_word' id='word_1_113' title='bbox 374 1702 512 1774; x_wconf 63' lang='lat' dir='ltr'>otetur</span> <span class='ocrx_word' id='word_1_114' title='bbox 533 1702 686 1781; x_wconf 77' lang='grc' dir='ltr'><strong><em>βασιλεῦς</em></strong></span> <span class='ocrx_word' id='word_1_115' title='bbox 710 1693 797 1778; x_wconf 82' lang='grc' dir='ltr'><strong><em>ῦξιον</em></strong></span> <span class='ocrx_word' id='word_1_116' title='bbox 828 1696 911 1766; x_wconf 82' lang='grc' dir='ltr'><strong><em>εἶναι</em></strong></span> <span class='ocrx_word' id='word_1_117' title='bbox 934 1707 1022 1766; x_wconf 84' lang='grc' dir='ltr'><strong><em>νινᾶν</em></strong></span> <span class='ocrx_word' id='word_1_118' title='bbox 1045 1699 1143 1765; x_wconf 86' lang='grc' dir='ltr'><strong><em>αῦτόν</em></strong></span> <span class='ocrx_word' id='word_1_119' title='bbox 1162 1702 1241 1763; x_wconf 81' lang='grc' dir='ltr'><strong><em>α’πε-</em></strong></span> 
     </span>
     <span class='ocr_line' id='line_1_15' title="bbox 135 1798 1359 1885; baseline 0 -20"><span class='ocrx_word' id='word_1_120' title='bbox 135 1798 271 1885; x_wconf 80' lang='grc' dir='ltr'><strong><em>φὴνατο,</em></strong></span> <span class='ocrx_word' id='word_1_121' title='bbox 294 1801 325 1863; x_wconf 82' lang='grc' dir='ltr'>εἰ</span> <span class='ocrx_word' id='word_1_122' title='bbox 345 1798 439 1881; x_wconf 91' lang='grc' dir='ltr'><strong><em>νόμον</em></strong></span> <span class='ocrx_word' id='word_1_123' title='bbox 456 1799 500 1884; x_wconf 71' lang='grc' dir='ltr'><em>μή</em></span> <span class='ocrx_word' id='word_1_124' title='bbox 525 1799 608 1882; x_wconf 83' lang='grc' dir='ltr'><strong><em>ἔχων</em></strong></span> <span class='ocrx_word' id='word_1_125' title='bbox 631 1802 758 1883; x_wconf 81' lang='grc' dir='ltr'><strong><em>α’γαπῦν</em></strong></span> <span class='ocrx_word' id='word_1_126' title='bbox 786 1803 862 1878; x_wconf 83' lang='grc' dir='ltr'><strong><em>νοός</em></strong></span> <span class='ocrx_word' id='word_1_127' title='bbox 882 1800 1023 1885; x_wconf 83' lang='grc' dir='ltr'><strong><em>ε’χθροῦς</em></strong></span> <span class='ocrx_word' id='word_1_128' title='bbox 1043 1801 1262 1885; x_wconf 77' lang='grc' dir='ltr'><strong><em>οἷνεπαιαθή--</em></strong></span> <span class='ocrx_word' id='word_1_129' title='bbox 1354 1804 1359 1813; x_wconf 89' lang='grc'>’</span> 
     </span>
     <span class='ocr_line' id='line_1_16' title="bbox 91 1896 1241 1988; baseline 0.002 -25"><span class='ocrx_word' id='word_1_130' title='bbox 91 1912 125 1965; x_wconf 82' lang='grc'>15</span> <span class='ocrx_word' id='word_1_131' title='bbox 135 1925 200 1976; x_wconf 85' lang='grc' dir='ltr'><strong><em>τως</em></strong></span> <span class='ocrx_word' id='word_1_132' title='bbox 221 1907 311 1963; x_wconf 84' lang='grc' dir='ltr'>ποιεῖ</span> <span class='ocrx_word' id='word_1_133' title='bbox 327 1900 381 1965; x_wconf 87' lang='grc' dir='ltr'>τόν</span> <span class='ocrx_word' id='word_1_134' title='bbox 402 1906 490 1967; x_wconf 85' lang='grc' dir='ltr'>θεῖον</span> <span class='ocrx_word' id='word_1_135' title='bbox 511 1900 608 1983; x_wconf 84' lang='grc' dir='ltr'><strong><em>νόμον</em></strong></span> <span class='ocrx_word' id='word_1_136' title='bbox 621 1904 655 1967; x_wconf 79' lang='grc' dir='ltr'>ἐκ</span> <span class='ocrx_word' id='word_1_137' title='bbox 677 1907 817 1988; x_wconf 80' lang='grc' dir='ltr'><strong><em>φυσικῆς</em></strong></span> <span class='ocrx_word' id='word_1_138' title='bbox 838 1908 892 1968; x_wconf 85' lang='grc' dir='ltr'><strong><em>καί</em></strong></span> <span class='ocrx_word' id='word_1_139' title='bbox 907 1896 1032 1985; x_wconf 83' lang='grc' dir='ltr'><strong><em>οἷγαθῆς</em></strong></span> <span class='ocrx_word' id='word_1_140' title='bbox 1048 1905 1241 1977; x_wconf 83' lang='grc' dir='ltr'><strong><em>διαθέσεως·</em></strong></span> 
     </span>
     <span class='ocr_line' id='line_1_17' title="bbox 135 1998 1241 2090; baseline 0.005 -27"><span class='ocrx_word' id='word_1_141' title='bbox 135 2000 178 2063; x_wconf 87' lang='grc' dir='ltr'>ου’</span> <span class='ocrx_word' id='word_1_142' title='bbox 199 1998 261 2085; x_wconf 82' lang='grc' dir='ltr'>γόρ</span> <span class='ocrx_word' id='word_1_143' title='bbox 284 2009 351 2075; x_wconf 78' lang='grc' dir='ltr'><strong><em>τοῖς</em></strong></span> <span class='ocrx_word' id='word_1_144' title='bbox 384 1998 582 2086; x_wconf 85' lang='grc' dir='ltr'><strong><em>ῦπερόπταις</em></strong></span> <span class='ocrx_word' id='word_1_145' title='bbox 609 2003 626 2068; x_wconf 91' lang='grc' dir='ltr'><strong><em>ὁ</em></strong></span> <span class='ocrx_word' id='word_1_146' title='bbox 650 2008 851 2090; x_wconf 78' lang='grc' dir='ltr'><strong><em>παντέφορος</em></strong></span> <span class='ocrx_word' id='word_1_147' title='bbox 872 2000 1039 2089; x_wconf 78' lang='grc' dir='ltr'><strong><em>ὀφθαλμός</em></strong></span> <span class='ocrx_word' id='word_1_148' title='bbox 1070 2002 1148 2082; x_wconf 72' lang='grc' dir='ltr'><strong><em>ἄλλα</em></strong></span> <span class='ocrx_word' id='word_1_149' title='bbox 1175 2013 1241 2079; x_wconf 80' lang='grc' dir='ltr'><strong><em>τοῖς</em></strong></span> 
     </span>
     <span class='ocr_line' id='line_1_18' title="bbox 137 2101 1240 2189; baseline 0.003 -24"><span class='ocrx_word' id='word_1_150' title='bbox 137 2110 296 2177; x_wconf 78' lang='grc' dir='ltr'><strong><em>ταπεινοῖς</em></strong></span> <span class='ocrx_word' id='word_1_151' title='bbox 315 2108 371 2168; x_wconf 84' lang='grc' dir='ltr'>καί</span> <span class='ocrx_word' id='word_1_152' title='bbox 391 2107 577 2183; x_wconf 81' lang='grc' dir='ltr'><strong><em>συμπαθὲσι</em></strong></span> <span class='ocrx_word' id='word_1_153' title='bbox 596 2103 630 2169; x_wconf 84' lang='grc' dir='ltr'>τό</span> <span class='ocrx_word' id='word_1_154' title='bbox 655 2103 771 2187; x_wconf 82' lang='grc' dir='ltr'><strong><em>κρότος</em></strong></span> <span class='ocrx_word' id='word_1_155' title='bbox 792 2113 983 2189; x_wconf 82' lang='grc' dir='ltr'><strong><em>χειροτονεῖ,</em></strong></span> <span class='ocrx_word' id='word_1_156' title='bbox 1015 2106 1087 2167; x_wconf 81' lang='grc' dir='ltr'><strong><em>ἐπεί</em></strong></span> <span class='ocrx_word' id='word_1_157' title='bbox 1105 2104 1150 2189; x_wconf 78' lang='grc' dir='ltr'>μὴ</span> <span class='ocrx_word' id='word_1_158' title='bbox 1173 2101 1240 2169; x_wconf 80' lang='grc' dir='ltr'><strong><em>ἔστι</em></strong></span> 
     </span>
     <span class='ocr_line' id='line_1_19' title="bbox 135 2202 1237 2293; baseline 0.005 -29"><span class='ocrx_word' id='word_1_159' title='bbox 135 2208 400 2287; x_wconf 81' lang='grc' dir='ltr'><strong><em>προσωποληψία,</em></strong></span> <span class='ocrx_word' id='word_1_160' title='bbox 422 2202 502 2270; x_wconf 82' lang='grc' dir='ltr'><strong><em>κατὰ</em></strong></span> <span class='ocrx_word' id='word_1_161' title='bbox 524 2206 577 2269; x_wconf 86' lang='grc' dir='ltr'>τόν</span> <span class='ocrx_word' id='word_1_162' title='bbox 599 2210 687 2269; x_wconf 77' lang='grc' dir='ltr'><strong><em>θεῖον</em></strong></span> <span class='ocrx_word' id='word_1_163' title='bbox 701 2209 838 2270; x_wconf 79' lang='grc' dir='ltr'><strong><em>Παῦλον</em></strong></span> <span class='ocrx_word' id='word_1_164' title='bbox 855 2208 964 2286; x_wconf 82' lang='grc' dir='ltr'><strong><em>εἰπεῖν,</em></strong></span> <span class='ocrx_word' id='word_1_165' title='bbox 987 2204 1074 2289; x_wconf 74' lang='lat' dir='ltr'>repul</span> <span class='ocrx_word' id='word_1_166' title='bbox 1099 2206 1140 2293; x_wconf 79' lang='grc' dir='ltr'>τῷ</span> <span class='ocrx_word' id='word_1_167' title='bbox 1159 2207 1237 2293; x_wconf 77' lang='grc' dir='ltr'><strong><em>θεῷ.</em></strong></span> 
     </span>
     <span class='ocr_line' id='line_1_20' title="bbox 137 2300 1239 2394; baseline 0.003 -27"><span class='ocrx_word' id='word_1_168' title='bbox 137 2305 191 2367; x_wconf 89' lang='grc' dir='ltr'><strong><em>καί</em></strong></span> <span class='ocrx_word' id='word_1_169' title='bbox 211 2300 273 2386; x_wconf 82' lang='grc' dir='ltr'>γόρ</span> <span class='ocrx_word' id='word_1_170' title='bbox 308 2301 342 2368; x_wconf 77' lang='grc' dir='ltr'>ἔν</span> <span class='ocrx_word' id='word_1_171' title='bbox 366 2329 440 2369; x_wconf 78' lang='grc' dir='ltr'><strong><em>τινι,</em></strong></span> <span class='ocrx_word' id='word_1_172' title='bbox 460 2308 603 2394; x_wconf 80' lang='grc' dir='ltr'><strong><em>συλλόγῳ</em></strong></span> <span class='ocrx_word' id='word_1_173' title='bbox 626 2305 876 2390; x_wconf 84' lang='grc' dir='ltr'><strong><em>διερωτήσαντος</em></strong></span> <span class='ocrx_word' id='word_1_174' title='bbox 906 2309 964 2371; x_wconf 82' lang='grc' dir='ltr'>τοῦ</span> <span class='ocrx_word' id='word_1_175' title='bbox 985 2306 1163 2372; x_wconf 82' lang='grc' dir='ltr'><strong><em>σουλτοόνου</em></strong></span> <span class='ocrx_word' id='word_1_176' title='bbox 1186 2305 1239 2370; x_wconf 82' lang='grc' dir='ltr'>τὸν</span> 
     </span>
     <span class='ocr_line' id='line_1_21' title="bbox 92 2399 1241 2490; baseline 0 -19"><span class='ocrx_word' id='word_1_177' title='bbox 92 2417 127 2473; x_wconf 80' lang='lat' dir='ltr'>tto</span> <span class='ocrx_word' id='word_1_178' title='bbox 134 2407 267 2486; x_wconf 77' lang='grc' dir='ltr'><strong><em>βασιλέα</em></strong></span> <span class='ocrx_word' id='word_1_179' title='bbox 284 2399 339 2469; x_wconf 79' lang='lat' dir='ltr'>“rt&#39;</span> <span class='ocrx_word' id='word_1_180' title='bbox 357 2400 395 2468; x_wconf 80' lang='grc' dir='ltr'>δν</span> <span class='ocrx_word' id='word_1_181' title='bbox 407 2403 545 2489; x_wconf 81' lang='grc' dir='ltr'><strong><em>ἔδρασας</em></strong></span> <span class='ocrx_word' id='word_1_182' title='bbox 557 2410 589 2472; x_wconf 82' lang='grc' dir='ltr'>εί</span> <span class='ocrx_word' id='word_1_183' title='bbox 606 2403 706 2482; x_wconf 87' lang='grc' dir='ltr'><strong><em>οῦτως</em></strong></span> <span class='ocrx_word' id='word_1_184' title='bbox 723 2404 815 2490; x_wconf 76' lang='grc' dir='ltr'><strong><em>ἔσχες</em></strong></span> <span class='ocrx_word' id='word_1_185' title='bbox 834 2406 928 2483; x_wconf 83' lang='grc' dir='ltr'><strong><em>αδιὸς</em></strong></span> <span class='ocrx_word' id='word_1_186' title='bbox 944 2410 1000 2488; x_wconf 77' lang='grc' dir='ltr'>ἐμὲ</span> <span class='ocrx_word' id='word_1_187' title='bbox 1023 2406 1241 2490; x_wconf 85' lang='grc' dir='ltr'><strong><em>ῦποχείριον;”</em></strong></span> 
     </span>
     <span class='ocr_line' id='line_1_22' title="bbox 136 2503 1240 2591; baseline 0.002 -22"><span class='ocrx_word' id='word_1_188' title='bbox 136 2504 351 2591; x_wconf 84' lang='grc' dir='ltr'><strong><em>οἷννποκρίτως</em></strong></span> <span class='ocrx_word' id='word_1_189' title='bbox 375 2506 430 2571; x_wconf 86' lang='grc' dir='ltr'>καί</span> <span class='ocrx_word' id='word_1_190' title='bbox 449 2506 644 2584; x_wconf 85' lang='grc' dir='ltr'><strong><em>α’θωπεότως</em></strong></span> <span class='ocrx_word' id='word_1_191' title='bbox 671 2512 787 2582; x_wconf 80' lang='grc' dir='ltr'><strong><em>ἐκεῖνος</em></strong></span> <span class='ocrx_word' id='word_1_192' title='bbox 815 2506 1001 2591; x_wconf 69' lang='grc' dir='ltr'><strong><em>ἀπήγγειλεν</em></strong></span> <span class='ocrx_word' id='word_1_193' title='bbox 1018 2503 1088 2572; x_wconf 82' lang='grc' dir='ltr'><strong><em>“ὁει</em></strong></span> <span class='ocrx_word' id='word_1_194' title='bbox 1109 2514 1240 2583; x_wconf 84' lang='grc' dir='ltr'><strong><em>πολλαῖς</em></strong></span> 
     </span>
     <span class='ocr_line' id='line_1_23' title="bbox 135 2604 1239 2694; baseline 0.005 -27"><span class='ocrx_word' id='word_1_195' title='bbox 135 2613 204 2679; x_wconf 80' lang='grc' dir='ltr'><strong><em>ταῖς</em></strong></span> <span class='ocrx_word' id='word_1_196' title='bbox 237 2613 371 2691; x_wconf 75' lang='grc' dir='ltr'><strong><em>πληγαῖς</em></strong></span> <span class='ocrx_word' id='word_1_197' title='bbox 399 2604 642 2694; x_wconf 84' lang='grc' dir='ltr'><strong><em>κατεδαπόνησό</em></strong></span> <span class='ocrx_word' id='word_1_198' title='bbox 674 2634 732 2673; x_wconf 92' lang='grc' dir='ltr'>σου</span> <span class='ocrx_word' id='word_1_199' title='bbox 763 2606 796 2673; x_wconf 86' lang='grc' dir='ltr'>τό</span> <span class='ocrx_word' id='word_1_200' title='bbox 833 2613 926 2691; x_wconf 79' lang='grc' dir='ltr'><strong><em>σοῦμα</em></strong></span> <span class='ocrx_word' id='word_1_201' title='bbox 956 2608 1119 2693; x_wconf 72' lang='grc' dir='ltr'><strong><em>γιόωσκε.”</em></strong></span> <span class='ocrx_word' id='word_1_202' title='bbox 1143 2608 1179 2670; x_wconf 90' lang='grc' dir='ltr'>’ὁ</span> <span class='ocrx_word' id='word_1_203' title='bbox 1203 2609 1239 2673; x_wconf 79' lang='grc' dir='ltr'><strong><em>δὲ</em></strong></span> 
     </span>
     <span class='ocr_line' id='line_1_24' title="bbox 131 2698 1238 2794; baseline 0.002 -27"><span class='ocrx_word' id='word_1_204' title='bbox 131 2702 221 2767; x_wconf 81' lang='lat' dir='ltr'>“e’lt&#39;</span> <span class='ocrx_word' id='word_1_205' title='bbox 242 2701 332 2788; x_wconf 77' lang='lat' dir='ltr'>tyet‘’</span> <span class='ocrx_word' id='word_1_206' title='bbox 357 2711 454 2794; x_wconf 80' lang='grc' dir='ltr'><strong><em>φησίν</em></strong></span> <span class='ocrx_word' id='word_1_207' title='bbox 469 2707 530 2771; x_wconf 75' lang='lat' dir='ltr'>“orl</span> <span class='ocrx_word' id='word_1_208' title='bbox 550 2710 736 2792; x_wconf 70' lang='grc' dir='ltr'><strong><em>μιμήσομαί</em></strong></span> <span class='ocrx_word' id='word_1_209' title='bbox 754 2733 815 2775; x_wconf 88' lang='grc' dir='ltr'>σου</span> <span class='ocrx_word' id='word_1_210' title='bbox 837 2708 873 2774; x_wconf 82' lang='grc' dir='ltr'>τό</span> <span class='ocrx_word' id='word_1_211' title='bbox 899 2698 1060 2793; x_wconf 76' lang='grc' dir='ltr'><strong><em>αῦὸερρὸν</em></strong></span> <span class='ocrx_word' id='word_1_212' title='bbox 1080 2709 1135 2773; x_wconf 83' lang='grc' dir='ltr'>καί</span> <span class='ocrx_word' id='word_1_213' title='bbox 1154 2703 1238 2771; x_wconf 77' lang='grc' dir='ltr'><strong><em>εἰπό-</em></strong></span> 
     </span>
    </p>
   </div>
   <div class='ocr_carea' id='block_1_3' title="bbox 127 3029 1262 4313">
    <p class='ocr_par' dir='ltr' id='par_1_3' title="bbox 127 3029 1262 4313">
     <span class='ocr_line' id='line_1_25' title="bbox 139 3029 1235 3098; baseline 0.005 -17"><span class='ocrx_word' id='word_1_214' title='bbox 139 3029 278 3081; x_wconf 88' lang='lat' dir='ltr'>tentorium</span> <span class='ocrx_word' id='word_1_215' title='bbox 306 3038 444 3096; x_wconf 85' lang='lat' dir='ltr'>pararetur</span> <span class='ocrx_word' id='word_1_216' title='bbox 462 3038 497 3082; x_wconf 83' lang='lat' dir='ltr'>&#39;et</span> <span class='ocrx_word' id='word_1_217' title='bbox 518 3031 606 3083; x_wconf 89' lang='lat' dir='ltr'>cultus</span> <span class='ocrx_word' id='word_1_218' title='bbox 632 3032 759 3096; x_wconf 90' lang='lat' dir='ltr'>idoneus,</span> <span class='ocrx_word' id='word_1_219' title='bbox 787 3045 888 3083; x_wconf 84' lang='lat' dir='ltr'>coense</span> <span class='ocrx_word' id='word_1_220' title='bbox 917 3046 976 3082; x_wconf 91' lang='lat' dir='ltr'>eum</span> <span class='ocrx_word' id='word_1_221' title='bbox 995 3032 1083 3098; x_wconf 87' lang='lat' dir='ltr'>statim</span> <span class='ocrx_word' id='word_1_222' title='bbox 1102 3039 1129 3082; x_wconf 90' lang='lat' dir='ltr'>ct</span> <span class='ocrx_word' id='word_1_223' title='bbox 1149 3032 1235 3087; x_wconf 82' lang='lat' dir='ltr'>victus</span> 
     </span>
     <span class='ocr_line' id='line_1_26' title="bbox 139 3102 1237 3170; baseline -0.002 -17"><span class='ocrx_word' id='word_1_224' title='bbox 139 3102 237 3153; x_wconf 89' lang='lat' dir='ltr'>socium</span> <span class='ocrx_word' id='word_1_225' title='bbox 255 3102 378 3166; x_wconf 79' lang='lat' dir='ltr'>reddidit,</span> <span class='ocrx_word' id='word_1_226' title='bbox 400 3118 458 3154; x_wconf 92' lang='lat' dir='ltr'>cum</span> <span class='ocrx_word' id='word_1_227' title='bbox 478 3118 537 3153; x_wconf 93' lang='lat' dir='ltr'>eum</span> <span class='ocrx_word' id='word_1_228' title='bbox 555 3117 610 3154; x_wconf 89' lang='lat' dir='ltr'>non</span> <span class='ocrx_word' id='word_1_229' title='bbox 628 3112 734 3170; x_wconf 88' lang='lat' dir='ltr'>praeter</span> <span class='ocrx_word' id='word_1_230' title='bbox 753 3104 872 3155; x_wconf 81' lang='lat' dir='ltr'>ordinem</span> <span class='ocrx_word' id='word_1_231' title='bbox 892 3104 1078 3167; x_wconf 74' lang='lat' dir='ltr'>constitueret,</span> <span class='ocrx_word' id='word_1_232' title='bbox 1098 3104 1146 3155; x_wconf 91' lang='lat' dir='ltr'>sed</span> <span class='ocrx_word' id='word_1_233' title='bbox 1164 3106 1237 3157; x_wconf 86' lang='lat' dir='ltr'>ussi.</span> 
     </span>
     <span class='ocr_line' id='line_1_27' title="bbox 138 3173 1235 3243; baseline 0.001 -18"><span class='ocrx_word' id='word_1_234' title='bbox 138 3174 240 3225; x_wconf 84' lang='lat' dir='ltr'>dentem</span> <span class='ocrx_word' id='word_1_235' title='bbox 265 3174 382 3240; x_wconf 82' lang='lat' dir='ltr'>ingenue</span> <span class='ocrx_word' id='word_1_236' title='bbox 411 3173 497 3226; x_wconf 87' lang='lat' dir='ltr'>electo</span> <span class='ocrx_word' id='word_1_237' title='bbox 517 3174 635 3226; x_wconf 91' lang='lat' dir='ltr'>concilio</span> <span class='ocrx_word' id='word_1_238' title='bbox 656 3184 683 3227; x_wconf 89' lang='lat' dir='ltr'>et</span> <span class='ocrx_word' id='word_1_239' title='bbox 704 3184 790 3243; x_wconf 80' lang='lat' dir='ltr'>aeque</span> <span class='ocrx_word' id='word_1_240' title='bbox 810 3176 913 3227; x_wconf 90' lang='lat' dir='ltr'>honore</span> <span class='ocrx_word' id='word_1_241' title='bbox 942 3174 1104 3227; x_wconf 87' lang='lat' dir='ltr'>celebratum</span> <span class='ocrx_word' id='word_1_242' title='bbox 1124 3176 1235 3227; x_wconf 86' lang='lat' dir='ltr'>faceret.</span> 
     </span>
     <span class='ocr_line' id='line_1_28' title="bbox 138 3244 1235 3311; baseline 0.001 -16"><span class='ocrx_word' id='word_1_243' title='bbox 138 3247 173 3295; x_wconf 85' lang='lat' dir='ltr'>itu</span> <span class='ocrx_word' id='word_1_244' title='bbox 190 3244 230 3296; x_wconf 92' lang='lat' dir='ltr'>bis</span> <span class='ocrx_word' id='word_1_245' title='bbox 249 3260 297 3311; x_wconf 91' lang='lat' dir='ltr'>per</span> <span class='ocrx_word' id='word_1_246' title='bbox 318 3244 387 3295; x_wconf 91' lang='lat' dir='ltr'>diem</span> <span class='ocrx_word' id='word_1_247' title='bbox 405 3246 437 3297; x_wconf 87' lang='lat' dir='ltr'>ad</span> <span class='ocrx_word' id='word_1_248' title='bbox 458 3246 527 3297; x_wconf 88' lang='lat' dir='ltr'>bunc</span> <span class='ocrx_word' id='word_1_249' title='bbox 546 3249 659 3300; x_wconf 88' lang='lat' dir='ltr'>venicus</span> <span class='ocrx_word' id='word_1_250' title='bbox 680 3256 707 3299; x_wconf 91' lang='lat' dir='ltr'>et</span> <span class='ocrx_word' id='word_1_251' title='bbox 726 3246 899 3299; x_wconf 81' lang='lat' dir='ltr'>confabulans</span> <span class='ocrx_word' id='word_1_252' title='bbox 931 3264 989 3298; x_wconf 92' lang='lat' dir='ltr'>cum</span> <span class='ocrx_word' id='word_1_253' title='bbox 1011 3262 1041 3298; x_wconf 89' lang='lat' dir='ltr'>eo</span> <span class='ocrx_word' id='word_1_254' title='bbox 1063 3255 1089 3298; x_wconf 90' lang='lat' dir='ltr'>et</span> <span class='ocrx_word' id='word_1_255' title='bbox 1109 3249 1140 3299; x_wconf 86' lang='lat' dir='ltr'>ud</span> <span class='ocrx_word' id='word_1_256' title='bbox 1159 3248 1235 3299; x_wconf 89' lang='lat' dir='ltr'>sola.</span> 
     </span>
     <span class='ocr_line' id='line_1_29' title="bbox 138 3317 1237 3387; baseline 0.004 -20"><span class='ocrx_word' id='word_1_257' title='bbox 138 3318 198 3368; x_wconf 88' lang='lat' dir='ltr'>tium</span> <span class='ocrx_word' id='word_1_258' title='bbox 222 3319 367 3370; x_wconf 85' lang='lat' dir='ltr'>restituens</span> <span class='ocrx_word' id='word_1_259' title='bbox 392 3317 480 3369; x_wconf 88' lang='lat' dir='ltr'>multis</span> <span class='ocrx_word' id='word_1_260' title='bbox 500 3320 686 3384; x_wconf 84' lang='lat' dir='ltr'>sermonibus,</span> <span class='ocrx_word' id='word_1_261' title='bbox 706 3321 751 3387; x_wconf 91' lang='lat' dir='ltr'>qui</span> <span class='ocrx_word' id='word_1_262' title='bbox 771 3320 843 3371; x_wconf 89' lang='lat' dir='ltr'>vitae</span> <span class='ocrx_word' id='word_1_263' title='bbox 870 3322 1041 3371; x_wconf 81' lang='lat' dir='ltr'>mutationem</span> <span class='ocrx_word' id='word_1_264' title='bbox 1066 3326 1237 3384; x_wconf 85' lang='lat' dir='ltr'>revocarent,</span> 
     </span>
     <span class='ocr_line' id='line_1_30' title="bbox 139 3389 1237 3457; baseline 0.002 -18"><span class='ocrx_word' id='word_1_265' title='bbox 139 3405 183 3455; x_wconf 87' lang='lat' dir='ltr'>per</span> <span class='ocrx_word' id='word_1_266' title='bbox 201 3397 262 3438; x_wconf 83' lang='lat' dir='ltr'>octo</span> <span class='ocrx_word' id='word_1_267' title='bbox 280 3389 337 3439; x_wconf 89' lang='lat' dir='ltr'>dics</span> <span class='ocrx_word' id='word_1_268' title='bbox 358 3404 416 3439; x_wconf 88' lang='lat' dir='ltr'>oum</span> <span class='ocrx_word' id='word_1_269' title='bbox 442 3404 475 3439; x_wconf 90' lang='lat' dir='ltr'>eo</span> <span class='ocrx_word' id='word_1_270' title='bbox 504 3392 594 3443; x_wconf 85' lang='lat' dir='ltr'>eudem</span> <span class='ocrx_word' id='word_1_271' title='bbox 623 3391 833 3443; x_wconf 80' lang='lat' dir='ltr'>communicabat</span> <span class='ocrx_word' id='word_1_272' title='bbox 858 3392 940 3443; x_wconf 89' lang='lat' dir='ltr'>verba</span> <span class='ocrx_word' id='word_1_273' title='bbox 967 3401 992 3443; x_wconf 89' lang='lat' dir='ltr'>et</span> <span class='ocrx_word' id='word_1_274' title='bbox 1011 3391 1103 3457; x_wconf 86' lang='lat' dir='ltr'>sulem,</span> <span class='ocrx_word' id='word_1_275' title='bbox 1125 3408 1183 3443; x_wconf 92' lang='lat' dir='ltr'>cum</span> <span class='ocrx_word' id='word_1_276' title='bbox 1201 3408 1237 3442; x_wconf 89' lang='lat' dir='ltr'>ne</span> 
     </span>
     <span class='ocr_line' id='line_1_31' title="bbox 139 3459 1237 3533; baseline 0.005 -23"><span class='ocrx_word' id='word_1_277' title='bbox 139 3463 165 3511; x_wconf 91' lang='lat' dir='ltr'>in</span> <span class='ocrx_word' id='word_1_278' title='bbox 181 3459 289 3509; x_wconf 88' lang='lat' dir='ltr'>minimo</span> <span class='ocrx_word' id='word_1_279' title='bbox 309 3459 413 3526; x_wconf 89' lang='lat' dir='ltr'>quidem</span> <span class='ocrx_word' id='word_1_280' title='bbox 431 3477 553 3514; x_wconf 86' lang='lat' dir='ltr'>sermone</span> <span class='ocrx_word' id='word_1_281' title='bbox 573 3463 643 3514; x_wconf 91' lang='lat' dir='ltr'>hunc</span> <span class='ocrx_word' id='word_1_282' title='bbox 664 3464 813 3514; x_wconf 89' lang='lat' dir='ltr'>olleuderet</span> <span class='ocrx_word' id='word_1_283' title='bbox 839 3481 927 3532; x_wconf 90' lang='lat' dir='ltr'>neque</span> <span class='ocrx_word' id='word_1_284' title='bbox 948 3466 1072 3530; x_wconf 79' lang='lat' dir='ltr'>quosdam</span> <span class='ocrx_word' id='word_1_285' title='bbox 1091 3468 1118 3517; x_wconf 91' lang='lat' dir='ltr'>in</span> <span class='ocrx_word' id='word_1_286' title='bbox 1140 3473 1237 3533; x_wconf 86' lang='lat' dir='ltr'>p&#39;crse-</span> 
     </span>
     <span class='ocr_line' id='line_1_32' title="bbox 140 3531 1237 3603; baseline 0.005 -22"><span class='ocrx_word' id='word_1_287' title='bbox 140 3532 244 3581; x_wconf 88' lang='lat' dir='ltr'>cutione</span> <span class='ocrx_word' id='word_1_288' title='bbox 273 3531 407 3601; x_wconf 75' lang='lat' dir='ltr'>exercitus</span> <span class='ocrx_word' id='word_1_289' title='bbox 427 3547 532 3583; x_wconf 87' lang='lat' dir='ltr'>errores</span> <span class='ocrx_word' id='word_1_290' title='bbox 551 3544 789 3599; x_wconf 73' lang='lat' dir='ltr'>commemoraret,</span> <span class='ocrx_word' id='word_1_291' title='bbox 816 3537 919 3603; x_wconf 85' lang='lat' dir='ltr'>quando</span> <span class='ocrx_word' id='word_1_292' title='bbox 941 3538 1019 3588; x_wconf 85' lang='lat' dir='ltr'>etium</span> <span class='ocrx_word' id='word_1_293' title='bbox 1047 3539 1090 3589; x_wconf 91' lang='lat' dir='ltr'>dei</span> <span class='ocrx_word' id='word_1_294' title='bbox 1109 3538 1237 3589; x_wconf 92' lang='lat' dir='ltr'>iudicium</span> 
     </span>
     <span class='ocr_line' id='line_1_33' title="bbox 140 3599 1236 3676; baseline 0.005 -26"><span class='ocrx_word' id='word_1_295' title='bbox 140 3609 167 3653; x_wconf 87' lang='lat' dir='ltr'>ut</span> <span class='ocrx_word' id='word_1_296' title='bbox 182 3602 209 3649; x_wconf 90' lang='lat' dir='ltr'>in</span> <span class='ocrx_word' id='word_1_297' title='bbox 228 3599 326 3648; x_wconf 86' lang='lat' dir='ltr'>ceteris</span> <span class='ocrx_word' id='word_1_298' title='bbox 345 3599 382 3649; x_wconf 87' lang='lat' dir='ltr'>ita</span> <span class='ocrx_word' id='word_1_299' title='bbox 402 3600 446 3649; x_wconf 89' lang='lat' dir='ltr'>bic</span> <span class='ocrx_word' id='word_1_300' title='bbox 465 3617 572 3669; x_wconf 91' lang='lat' dir='ltr'>quoque</span> <span class='ocrx_word' id='word_1_301' title='bbox 590 3606 692 3655; x_wconf 84' lang='lat' dir='ltr'>iustum·</span> <span class='ocrx_word' id='word_1_302' title='bbox 708 3614 735 3656; x_wconf 89' lang='lat' dir='ltr'>et</span> <span class='ocrx_word' id='word_1_303' title='bbox 753 3608 888 3657; x_wconf 92' lang='lat' dir='ltr'>immotum</span> <span class='ocrx_word' id='word_1_304' title='bbox 907 3610 1037 3675; x_wconf 80' lang='lat' dir='ltr'>apparuit.</span> <span class='ocrx_word' id='word_1_305' title='bbox 1058 3625 1146 3676; x_wconf 87' lang='lat' dir='ltr'>neque</span> <span class='ocrx_word' id='word_1_306' title='bbox 1166 3609 1236 3657; x_wconf 89' lang='lat' dir='ltr'>enim</span> 
     </span>
     <span class='ocr_line' id='line_1_34' title="bbox 141 3668 1234 3741; baseline 0.005 -19"><span class='ocrx_word' id='word_1_307' title='bbox 141 3670 219 3722; x_wconf 89' lang='lat' dir='ltr'>ceteri</span> <span class='ocrx_word' id='word_1_308' title='bbox 237 3668 325 3719; x_wconf 88' lang='lat' dir='ltr'>solum</span> <span class='ocrx_word' id='word_1_309' title='bbox 342 3670 389 3721; x_wconf 92' lang='lat' dir='ltr'>sed</span> <span class='ocrx_word' id='word_1_310' title='bbox 411 3673 514 3738; x_wconf 85' lang='lat' dir='ltr'>etipse</span> <span class='ocrx_word' id='word_1_311' title='bbox 532 3680 693 3739; x_wconf 85' lang='lat' dir='ltr'>rcx&#39;captus</span> <span class='ocrx_word' id='word_1_312' title='bbox 718 3677 826 3741; x_wconf 80' lang='lat' dir='ltr'>dignum</span> <span class='ocrx_word' id='word_1_313' title='bbox 848 3692 906 3727; x_wconf 92' lang='lat' dir='ltr'>eum</span> <span class='ocrx_word' id='word_1_314' title='bbox 928 3694 986 3729; x_wconf 87' lang='lat' dir='ltr'>esse</span> <span class='ocrx_word' id='word_1_315' title='bbox 1007 3679 1123 3729; x_wconf 84' lang='lat' dir='ltr'>victoria</span> <span class='ocrx_word' id='word_1_316' title='bbox 1142 3678 1234 3729; x_wconf 86' lang='lat' dir='ltr'>decla.</span> 
     </span>
     <span class='ocr_line' id='line_1_35' title="bbox 141 3740 1237 3814; baseline 0.005 -19"><span class='ocrx_word' id='word_1_317' title='bbox 141 3743 214 3805; x_wconf 83' lang='lat' dir='ltr'>revit,</span> <span class='ocrx_word' id='word_1_318' title='bbox 233 3740 357 3807; x_wconf 83' lang='lat' dir='ltr'>quoniam</span> <span class='ocrx_word' id='word_1_319' title='bbox 377 3740 465 3808; x_wconf 81' lang='lat' dir='ltr'>legem</span> <span class='ocrx_word' id='word_1_320' title='bbox 494 3759 546 3795; x_wconf 88' lang='lat' dir='ltr'>non</span> <span class='ocrx_word' id='word_1_321' title='bbox 566 3744 667 3795; x_wconf 82' lang='lat' dir='ltr'>babens</span> <span class='ocrx_word' id='word_1_322' title='bbox 692 3744 821 3814; x_wconf 83' lang='lat' dir='ltr'>diligendi</span> <span class='ocrx_word' id='word_1_323' title='bbox 847 3748 938 3801; x_wconf 88' lang='lat' dir='ltr'>hostes</span> <span class='ocrx_word' id='word_1_324' title='bbox 958 3750 1056 3801; x_wconf 88' lang='lat' dir='ltr'>sensim</span> <span class='ocrx_word' id='word_1_325' title='bbox 1075 3748 1126 3799; x_wconf 90' lang='lat' dir='ltr'>sibi</span> <span class='ocrx_word' id='word_1_326' title='bbox 1146 3750 1237 3800; x_wconf 83' lang='lat' dir='ltr'>statuit</span> 
     </span>
     <span class='ocr_line' id='line_1_36' title="bbox 141 3812 1234 3888; baseline 0.005 -22"><span class='ocrx_word' id='word_1_327' title='bbox 141 3814 224 3881; x_wconf 87' lang='lat' dir='ltr'>legem</span> <span class='ocrx_word' id='word_1_328' title='bbox 242 3812 360 3864; x_wconf 82' lang='lat' dir='ltr'>divinam</span> <span class='ocrx_word' id='word_1_329' title='bbox 380 3814 483 3865; x_wconf 84' lang='lat' dir='ltr'>ebone</span> <span class='ocrx_word' id='word_1_330' title='bbox 510 3824 621 3867; x_wconf 81' lang='lat' dir='ltr'>naturus</span> <span class='ocrx_word' id='word_1_331' title='bbox 640 3832 704 3867; x_wconf 84' lang='lat' dir='ltr'>susc</span> <span class='ocrx_word' id='word_1_332' title='bbox 725 3818 917 3885; x_wconf 78' lang='lat' dir='ltr'>dispositione:</span> <span class='ocrx_word' id='word_1_333' title='bbox 943 3836 1030 3887; x_wconf 89' lang='lat' dir='ltr'>neque</span> <span class='ocrx_word' id='word_1_334' title='bbox 1050 3822 1119 3871; x_wconf 86' lang='lat' dir='ltr'>cuim</span> <span class='ocrx_word' id='word_1_335' title='bbox 1139 3836 1234 3888; x_wconf 90' lang='lat' dir='ltr'>super.</span> 
     </span>
     <span class='ocr_line' id='line_1_37' title="bbox 141 3886 1262 3957; baseline 0.008 -20"><span class='ocrx_word' id='word_1_336' title='bbox 141 3886 176 3937; x_wconf 87' lang='lat' dir='ltr'>bis</span> <span class='ocrx_word' id='word_1_337' title='bbox 202 3886 290 3935; x_wconf 84' lang='lat' dir='ltr'>omnia</span> <span class='ocrx_word' id='word_1_338' title='bbox 312 3886 494 3952; x_wconf 86' lang='lat' dir='ltr'>contemplans</span> <span class='ocrx_word' id='word_1_339' title='bbox 524 3889 597 3957; x_wconf 87' lang='lat' dir='ltr'>(dci)</span> <span class='ocrx_word' id='word_1_340' title='bbox 629 3887 723 3939; x_wconf 91' lang='lat' dir='ltr'>oculus</span> <span class='ocrx_word' id='word_1_341' title='bbox 748 3891 795 3942; x_wconf 89' lang='lat' dir='ltr'>sed</span> <span class='ocrx_word' id='word_1_342' title='bbox 815 3892 937 3943; x_wconf 78' lang='lat' dir='ltr'>tenuibus</span> <span class='ocrx_word' id='word_1_343' title='bbox 965 3900 991 3943; x_wconf 87' lang='lat' dir='ltr'>et</span> <span class='ocrx_word' id='word_1_344' title='bbox 1019 3893 1262 3945; x_wconf 69' lang='lat' dir='ltr'>misericordibus-</span> 
     </span>
     <span class='ocr_line' id='line_1_38' title="bbox 142 3957 1234 4033; baseline 0.009 -25"><span class='ocrx_word' id='word_1_345' title='bbox 142 3957 276 4009; x_wconf 85' lang='lat' dir='ltr'>rictoriam</span> <span class='ocrx_word' id='word_1_346' title='bbox 295 3958 398 4021; x_wconf 85' lang='lat' dir='ltr'>tribuit,</span> <span class='ocrx_word' id='word_1_347' title='bbox 419 3974 477 4009; x_wconf 91' lang='lat' dir='ltr'>cum</span> <span class='ocrx_word' id='word_1_348' title='bbox 494 3974 548 4012; x_wconf 89' lang='lat' dir='ltr'>non</span> <span class='ocrx_word' id='word_1_349' title='bbox 568 3961 611 4027; x_wconf 87' lang='lat' dir='ltr'>sit,</span> <span class='ocrx_word' id='word_1_350' title='bbox 636 3969 666 4012; x_wconf 91' lang='lat' dir='ltr'>ut</span> <span class='ocrx_word' id='word_1_351' title='bbox 683 3963 827 4013; x_wconf 88' lang='lat' dir='ltr'>secuudum</span> <span class='ocrx_word' id='word_1_352' title='bbox 846 3962 955 4015; x_wconf 84' lang='lat' dir='ltr'>Paulum</span> <span class='ocrx_word' id='word_1_353' title='bbox 974 3964 1064 4016; x_wconf 86' lang='lat' dir='ltr'>divum</span> <span class='ocrx_word' id='word_1_354' title='bbox 1084 3965 1234 4033; x_wconf 86' lang='lat' dir='ltr'>loquamur,</span> 
     </span>
     <span class='ocr_line' id='line_1_39' title="bbox 127 4027 1234 4106; baseline 0.005 -27"><span class='ocrx_word' id='word_1_355' title='bbox 127 4041 221 4080; x_wconf 83' lang='lat' dir='ltr'>&#39;corum</span> <span class='ocrx_word' id='word_1_356' title='bbox 240 4027 291 4078; x_wconf 85' lang='lat' dir='ltr'>deo</span> <span class='ocrx_word' id='word_1_357' title='bbox 310 4030 458 4081; x_wconf 74' lang='lat' dir='ltr'>nobilitatis</span> <span class='ocrx_word' id='word_1_358' title='bbox 477 4040 629 4099; x_wconf 85' lang='lat' dir='ltr'>respectus:</span> <span class='ocrx_word' id='word_1_359' title='bbox 650 4048 709 4083; x_wconf 90' lang='lat' dir='ltr'>cum</span> <span class='ocrx_word' id='word_1_360' title='bbox 728 4035 798 4085; x_wconf 91' lang='lat' dir='ltr'>enim</span> <span class='ocrx_word' id='word_1_361' title='bbox 818 4051 865 4102; x_wconf 88' lang='lat' dir='ltr'>per</span> <span class='ocrx_word' id='word_1_362' title='bbox 884 4036 1047 4104; x_wconf 86' lang='lat' dir='ltr'>colloquium</span> <span class='ocrx_word' id='word_1_363' title='bbox 1067 4038 1234 4106; x_wconf 77' lang='lat' dir='ltr'>interrogas.</span> 
     </span>
     <span class='ocr_line' id='line_1_40' title="bbox 143 4097 1233 4174; baseline 0.006 -23"><span class='ocrx_word' id='word_1_364' title='bbox 143 4110 179 4151; x_wconf 86' lang='lat' dir='ltr'>set</span> <span class='ocrx_word' id='word_1_365' title='bbox 197 4097 318 4153; x_wconf 85' lang='lat' dir='ltr'>soltanus</span> <span class='ocrx_word' id='word_1_366' title='bbox 339 4117 442 4168; x_wconf 75' lang='lat' dir='ltr'>regem,</span> <span class='ocrx_word' id='word_1_367' title='bbox 462 4105 524 4169; x_wconf 87' lang='lat' dir='ltr'>quid</span> <span class='ocrx_word' id='word_1_368' title='bbox 544 4112 581 4167; x_wconf 92' lang='lat' dir='ltr'>tu,</span> <span class='ocrx_word' id='word_1_369' title='bbox 601 4106 698 4172; x_wconf 88' lang='lat' dir='ltr'>iuquit,</span> <span class='ocrx_word' id='word_1_370' title='bbox 719 4106 846 4170; x_wconf 72' lang='lat' dir='ltr'>lecisset,</span> <span class='ocrx_word' id='word_1_371' title='bbox 866 4109 887 4159; x_wconf 91' lang='lat' dir='ltr'>si</span> <span class='ocrx_word' id='word_1_372' title='bbox 910 4110 945 4159; x_wconf 86' lang='lat' dir='ltr'>ita</span> <span class='ocrx_word' id='word_1_373' title='bbox 965 4123 1005 4159; x_wconf 87' lang='lat' dir='ltr'>mc</span> <span class='ocrx_word' id='word_1_374' title='bbox 1024 4109 1081 4174; x_wconf 89' lang='lat' dir='ltr'>ipse</span> <span class='ocrx_word' id='word_1_375' title='bbox 1101 4109 1233 4161; x_wconf 91' lang='lat' dir='ltr'>subditum</span> 
     </span>
     <span class='ocr_line' id='line_1_41' title="bbox 143 4171 1234 4247; baseline 0.007 -26"><span class='ocrx_word' id='word_1_376' title='bbox 143 4171 284 4235; x_wconf 81' lang='lat' dir='ltr'>habuisses,</span> <span class='ocrx_word' id='word_1_377' title='bbox 303 4173 352 4225; x_wconf 89' lang='lat' dir='ltr'>ille</span> <span class='ocrx_word' id='word_1_378' title='bbox 372 4175 479 4226; x_wconf 84' lang='lat' dir='ltr'>siucero</span> <span class='ocrx_word' id='word_1_379' title='bbox 499 4184 527 4227; x_wconf 89' lang='lat' dir='ltr'>et</span> <span class='ocrx_word' id='word_1_380' title='bbox 543 4176 603 4227; x_wconf 86' lang='lat' dir='ltr'>siue</span> <span class='ocrx_word' id='word_1_381' title='bbox 621 4176 678 4228; x_wconf 84' lang='lat' dir='ltr'>ulls</span> <span class='ocrx_word' id='word_1_382' title='bbox 698 4180 878 4241; x_wconf 77' lang='lat' dir='ltr'>assentatione</span> <span class='ocrx_word' id='word_1_383' title='bbox 896 4180 1047 4246; x_wconf 85' lang='lat' dir='ltr'>respondit:</span> <span class='ocrx_word' id='word_1_384' title='bbox 1068 4182 1172 4247; x_wconf 79' lang='lat' dir='ltr'>accipe,</span> <span class='ocrx_word' id='word_1_385' title='bbox 1192 4195 1234 4229; x_wconf 91' lang='lat' dir='ltr'>me</span> 
     </span>
     <span class='ocr_line' id='line_1_42' title="bbox 145 4245 1234 4313; baseline 0.007 -20"><span class='ocrx_word' id='word_1_386' title='bbox 145 4250 208 4295; x_wconf 83' lang='lat' dir='ltr'>tuum</span> <span class='ocrx_word' id='word_1_387' title='bbox 238 4254 335 4313; x_wconf 88' lang='lat' dir='ltr'>corpus</span> <span class='ocrx_word' id='word_1_388' title='bbox 368 4245 457 4299; x_wconf 90' lang='lat' dir='ltr'>multis</span> <span class='ocrx_word' id='word_1_389' title='bbox 486 4247 643 4302; x_wconf 85' lang='lat' dir='ltr'>verberibus</span> <span class='ocrx_word' id='word_1_390' title='bbox 671 4250 853 4302; x_wconf 83' lang='lat' dir='ltr'>coniecturum</span> <span class='ocrx_word' id='word_1_391' title='bbox 881 4250 973 4305; x_wconf 85' lang='lat' dir='ltr'>luisse.</span> <span class='ocrx_word' id='word_1_392' title='bbox 1018 4258 1071 4303; x_wconf 90' lang='lat' dir='ltr'>tum</span> <span class='ocrx_word' id='word_1_393' title='bbox 1099 4252 1156 4303; x_wconf 89' lang='lat' dir='ltr'>hic:</span> <span class='ocrx_word' id='word_1_394' title='bbox 1187 4249 1234 4301; x_wconf 87' lang='lat' dir='ltr'>sed</span> 
     </span>
    </p>
   </div>
   <div class='ocr_carea' id='block_1_4' title="bbox 730 4489 739 4514">
    <p class='ocr_par' dir='ltr' id='par_1_4' title="bbox 730 4489 739 4514">
     <span class='ocr_line' id='line_1_43' title="bbox 730 4489 739 4514; baseline 0 0"><span class='ocrx_word' id='word_1_395' title='bbox 730 4489 739 4514; x_wconf 73' lang='lat' dir='ltr'>b</span> 
     </span>
    </p>
   </div>
   <div class='ocr_carea' id='block_1_5' title="bbox 0 0 1516 4892">
    <p class='ocr_par' dir='ltr' id='par_1_5' title="bbox 0 0 1516 4892">
     <span class='ocr_line' id='line_1_44' title="bbox 0 0 1516 4892; baseline 0 0"><span class='ocrx_word' id='word_1_396' title='bbox 0 0 1516 4892; x_wconf 95' lang='lat' dir='ltr'> </span> 
     </span>
    </p>
   </div>
  </div>
 </body>
</html>
