3017 4892
569 396 573 406 ⁴
609 382 823 455 monti
1069 461 1076 472 ι
1208 356 1273 442 tt

151 556 263 639 μεῖζον
282 551 521 634 κατεστρέψατο
543 550 638 632 κλέος,
660 543 880 630 α’δυναταύσης
910 543 1035 618 πάντας
1056 541 1110 625 τῆς
1129 538 1262 629 όνθρα·

154 659 246 739 πίνης
268 653 398 738 φύσεως
420 648 455 714 τό
477 641 649 732 μέλλοντός
667 650 739 712 δίον
761 650 937 729 συμβαλεῖν
952 668 1006 708 και
1000 637 1258 726 ρτοχόσασθαι

255 752 367 818 Καί(
347 775 363 815 υ
385 754 445 832 μὲν
467 753 512 838 τῷ
532 745 663 837 τοιαύτην
684 744 901 831 προτερήματι
922 745 1087 828 κυρωθεὶς
1106 741 1260 823 λαμπρούς

157 859 203 932 εἷς
226 851 285 939 τήν
308 852 425 919 οἰκειαν
438 847 643 936 παρεμβολήν
658 849 855 932 ε’πανίζτυξο,
877 837 1118 932 φιλανθρώπως
1139 863 1263 906 ostor-

130 957 268 1042 πτήσεσι
290 979 342 1018 και
365 954 594 1076 πρρσηγορίαις
611 946 850 1035 supputavimus
869 948 926 1012 καί
947 951 1152 1026 παιανισμοίς
1173 938 1260 1025 παρό

157 1060 223 1123 τεόν
243 1055 325 1140 α’μιβ
348 1051 443 1118 αότόν
466 1050 707 1132 ἀπαντώμενος·
729 1047 745 1112 ό
771 1051 808 1115 δὲ
827 1044 1017 1132 βασιλεός’
1001 1047 1130 1129 επείπερ
1153 1044 1263 1117 όδείας

159 1155 336 1242 ἐδράξατο,
357 1158 412 1218 καί
443 1149 522 1237 όπερ
547 1153 680 1232 ἐδεδίει,
700 1147 759 1235 τήν
779 1148 935 1235 ε”ξεφόδου
957 1146 1101 1233 δηλονότι
1124 1148 1182 1229 τῆς
1203 1141 1264 1208 πό-

161 1263 239 1334 λεως
255 1249 384 1334 ἅλωσιν,
407 1249 427 1339 ἦ
448 1255 522 1318 θεία
543 1254 712 1336 α’ντιληψις
743 1251 965 1326 διεσκέδασεν,
987 1246 1045 1312 οόκ
1066 1249 1202 1332 ήμόληοε
1222 1247 1264 1310 δι’

111 1343 114 1350 ’
161 1352 234 1444 όλης
255 1359 374 1443 ἐκείνης
397 1360 455 1441 τῆς
478 1353 601 1440 ἡμέρας
623 1356 678 1418 καί
696 1355 753 1437 τῆς
786 1350 897 1427 νυκτός
922 1350 978 1435 τής
1001 1349 1056 1415 ἒπί
1076 1349 1178 1437 ταότη
1196 1349 1265 1412 ἐπι-

116 1457 382 1542 λθσυναθροίζων
409 1453 486 1531 τούς
516 1453 747 1542 συμφυγόντας
767 1456 836 1535 Ιτιύν
864 1455 1000 1518 πολιττόν
1028 1452 1084 1516 καί
1107 1449 1265 1533 τειχήρεις

160 1561 293 1634 α’σαόθις
313 1554 524 1641 ποιούμενος,
548 1553 606 1632 τός
627 1581 659 1622 τε
689 1554 791 1632 πύλας
809 1557 1009 1638 κατοχυρτόν,
1031 1549 1086 1616 καί
1105 1550 1265 1623 παντοίοις

160 1655 270 1736 όαλοις
290 1661 345 1724 καί
365 1665 526 1743 μηχαναῖς
557 1661 611 1722 καί
639 1653 844 1740 πετροβόλοις
869 1649 1021 1738 ὄρμόνοις
1042 1648 1099 1726 τός
1123 1646 1265 1725 ε’πόλξας

160 1759 392 1849 περιζωννόων.
432 1762 471 1844 τῇ
492 1760 520 1821 δ’
542 1755 675 1841 ι’τπιοόση
702 1755 758 1831 τός
778 1752 930 1834 δυνάμεις
954 1749 1135 1837 α’νειληφιός
1165 1746 1267 1812 όττόν

161 1857 316 1947 ἑσπερίων
347 1861 517 1944 όπαίθρτον
551 1858 676 1942 κρατῶν
708 1853 915 1940 ἐπιφαίνεται
948 1863 1016 1928 τοῖς
1046 1856 1102 1936 τῆς
1137 1849 1267 1929 πόλεως,

58 2020 64 2027 .
119 1953 290 2036 λδεόελπις
321 1955 364 2024 τόν
401 1960 444 2034 τός
480 1964 520 2048 τῇ
547 1957 726 2076 ,προτεραίρι
767 1950 966 2038 καταπλήξας
1004 1955 1091 2030 τούς
1110 1949 1269 2072 ἐναντιότης

162 2059 224 2126 σύν
247 2053 397 2149 εόλαβεία
428 2061 483 2124 καί
506 2061 597 2148 φόβῳ
627 2055 715 2142 πυροὶ
749 2054 869 2121 τούτων
895 2045 1245 2139 υπεδεχθήσεται,’
1210 2075 1269 2128 τας

163 2163 267 2238 πύλας
302 2161 389 2250 αότρῖ
423 2156 705 2226 όναπεταννόντωυ
741 2159 800 2222 καί
834 2156 890 2240 τής
926 2153 1008 2242 πρός
1044 2152 1085 2220 τό
1120 2157 1269 2277 βαριλεια

162 2258 323 2380 φερρύσης
364 2264 529 2346 βασιλικῆς
570 2262 822 2346 προηγουμένων
874 2281 917 2333 ας
947 2259 984 2322 δὲ
1022 2256 1207 2363 τοόναντίον
1207 2280 1431 2378 Rs

164 2361 242 2430 κατὰ
265 2368 424 2447 λογισμεν
447 2357 514 2447 εἶχε
543 2365 724 2448 συνηνέχθη
754 2356 856 2450 ταύτην
885 2355 926 2424 τό
955 2342 1140 2444 πράγματα,
1157 2361 1213 2422 καί
1232 2381 1266 2422 το

119 2469 224 2547 λθμὲν
245 2472 348 2547 τεῖχος
379 2466 503 2546 μείζονι
534 2469 724 2550 παρασκευῇ
748 2464 1008 2548 περιειλημμένον
1031 2462 1078 2536 εἰς
1108 2457 1167 2545 τήν
1195 2456 1270 2524 ἐπι-

165 2570 265 2632 οῦσαν
287 2568 446 2646 κατεῖδεν,
479 2563 555 2641 τούς
578 2589 611 2630 τε
644 2566 692 2630 ἐπ’
723 2567 813 2652 αότηῖ
844 2567 1046 2680 καθημένους
1077 2565 1270 2646 πολεμησεί-

167 2689 260 2741 οντας
273 2669 337 2732 καί
356 2662 413 2751 τήν
430 2659 605 2744 ἄνοιξιν
562 2691 624 2731 ταν
646 2666 754 2730 πολιόν
767 2661 1020 2759 προτρεπόμενον
1041 2664 1268 2742 διαπαίζοντας

167 2769 274 2833 τοῦτον
298 2792 350 2830 και
347 2767 639 2852 καθυβρίζοντας,
672 2764 773 2832 πολλοὶ
795 2766 853 2851 τῆς
874 2757 1100 2846 δυσβουλίας
1085 2766 1192 2855 εαυτηλ
1210 2766 1270 2827 κα-
1301 2783 1305 2791 ’

239 2930 283 2984 21.
302 2927 430 2986 κατεῖδον
442 2928 473 2983 G.

120 2975 132 3006 Ι

169 3092 228 3161 pait
245 3091 370 3161 gloriam,
390 3107 448 3144 cam
467 3107 521 3146 aon
540 3094 626 3160 possit
645 3093 752 3145 omnino
773 3091 907 3150 heminton
923 3092 1018 3145 natura
1038 3091 1155 3145 teatrum
1173 3095 1204 3146 ut
1219 3105 1271 3144 uc.

172 3166 318 3218 cessarium
338 3165 568 3232 comprehendere
588 3170 617 3218 ct'
635 3165 800 3234 intelligere.

269 3237 358 3304 Atque
376 3236 420 3289 hic
439 3238 545 3305 quidem
568 3237 685 3290 'victoria
710 3237 758 3288 tali
776 3238 887 3288 satiatus
911 3236 1050 3304 splendide
1068 3236 1100 3287 ad
1119 3250 1168 3287 sna
1186 3242 1273 3286 castra

170 3309 258 3372 rediit,
279 3308 399 3360 hamanis
417 3310 651 3377 prosecutionibus
672 3317 699 3362 et
717 3308 926 3361 allocutionibus
945 3308 1124 3360 blandissimis
1144 3315 1171 3358 et
1188 3321 1272 3374 paca.

170 3380 248 3434 nibus
267 3395 283 3431 a
302 3381 357 3432 sais
378 3389 512 3449 acceptus.
552 3398 600 3433 rex
620 3389 707 3432 autem
733 3383 858 3449 quoniam
885 3380 1000 3448 periculi
1020 3380 1209 3431 immanitatem
1227 3388 1272 3430 te.

80 3447 83 3456 '
170 3453 229 3504 nuit
249 3459 275 3502 ct
295 3452 366 3519 qaod
383 3461 514 3505 metuerat
539 3454 640 3523 [alitus
658 3453 781 3504 unniram
802 3452 875 3504 urbis
897 3453 1135 3521 expugnationem)
1154 3452 1272 3504 divinam
1315 3452 1317 3456 ’

171 3522 300 3575 auxilium
325 3524 479 3590 dissipavit,
511 3539 564 3575 non
593 3524 767 3593 negligenter
790 3539 821 3575 se
840 3525 924 3592 gessit
942 3539 990 3590 per
1008 3532 1091 3575 totam
1111 3523 1186 3574 illum
1203 3524 1273 3574 diem

173 3602 200 3646 et
213 3600 321 3643 noctem
338 3603 495 3658 sequentem
514 3611 573 3646 cam
593 3595 736 3663 colligeret
755 3594 943 3662 confugientes
966 3597 1043 3648 cives
1066 3603 1095 3646 ct
1112 3596 1193 3646 muris
1213 3594 1273 3644 cin.

173 3671 230 3714 ctos
250 3676 342 3712 rursus
362 3661 464 3714 laceret
483 3672 510 3714 et
527 3673 616 3729 portas
633 3667 748 3716 muniret
767 3675 795 3716 et
823 3668 905 3718 variis
923 3669 1003 3718 armis
1021 3675 1050 3716 et
1066 3665 1274 3716 machinationi..

172 3734 221 3785 bus
241 3740 269 3784 et
287 3731 401 3783 ballistis
419 3748 521 3783 marum
552 3749 679 3784 summum
705 3737 842 3801 cingeret,
869 3745 978 3801 postero
1003 3744 1090 3786 autem
1108 3736 1153 3785 die
1172 3734 1274 3797 virilius

172 3804 290 3871 receptis
314 3803 357 3854 illi
380 3804 426 3871 qui
451 3804 550 3868 campis
575 3806 602 3856 in
625 3805 758 3856 occidenti
782 3806 883 3870 apertis
907 3807 1008 3872 potitus
1036 3813 1094 3856 erat
1111 3815 1223 3872 apparet
1240 3806 1274 3856 iis
1344 3798 1347 3807 ¹

173 3877 219 3944 qai
238 3878 267 3926 in
287 3875 353 3928 urhe
375 3882 465 3938 eraut,
485 3883 697 3940 concorporans,
716 3891 747 3927 se
766 3877 866 3943 quippe
884 3891 942 3926 cam
962 3877 1102 3943 superiore
1120 3878 1164 3929 die
1184 3885 1273 3929 terra.

173 3950 240 4000 isset
265 3947 372 4010 hostes,
399 3953 476 3998 caute
500 3955 529 3997 et
546 3947 637 3998 timida
657 3947 690 3998 sb
710 3947 750 3999 liis
770 3955 907 4013 receptum
926 3949 969 4012 iri,
987 3950 1034 4017 qni
1054 3956 1144 4016 portas
1162 3951 1188 4000 ei
1206 3965 1273 4018 ape.

174 4021 259 4070 rircnt
284 4026 311 4069 et
336 4034 405 4086 quae
430 4018 462 4070 ad
487 4021 588 4087 regiam
614 4019 724 4071 duceret
748 4019 887 4071 basilicam
908 4029 1068 4087 praeeuntes
1086 4030 1272 4074 monstrarent.

174 4105 233 4142 cum
260 4099 348 4142 autem
379 4097 471 4142 contra
496 4106 527 4142 ac
554 4091 763 4143 ratiocinabatur
787 4093 812 4142 ei
843 4093 1020 4160 contigissent
1045 4108 1089 4145 res
1118 4101 1145 4144 et
1172 4109 1274 4144 maram

173 4163 274 4212 maiore
293 4170 419 4228 apparata
439 4163 552 4214 cinctam
576 4165 696 4229 proximo
722 4164 768 4216 die
794 4163 927 4227 viderent,
952 4179 1000 4216 eos
1020 4173 1108 4217 autem
1127 4167 1171 4232 qui
1192 4166 1219 4215 in
1240 4179 1272 4216 eo

173 4235 310 4284 constituti
331 4243 404 4284 crant
423 4243 586 4301 pugnaturos
607 4245 633 4287 et
652 4235 732 4298 hunc,
762 4251 820 4286 cum
840 4245 868 4285 at
893 4238 1028 4303 aperirent
1046 4245 1135 4303 portas
1153 4245 1275 4287 moneret

173 4305 290 4358 ridentes
310 4305 515 4371 scillacenses,
540 4321 703 4378 magnopere
733 4315 842 4375 propter
873 4310 1048 4376 temeritatem
1072 4323 1102 4361 so
1130 4309 1272 4372 incusavit,
