3017 4892
275 310 352 392 tat
575 319 796 393 uruntnus
817 316 1076 391 amarioris

275 485 432 570 παρόντος
461 484 709 571 κατορθώματος
740 484 983 571 ἐκπληττόμενος
1012 483 1205 571 ἀσύγκριτον
1232 483 1431 570 ἔπαρσιν,

275 585 346 653 υἱόν
369 585 467 653 adsis
491 576 641 651 ώπτκύλει
668 591 723 653 καί
750 592 846 670 μέλος
880 586 983 668 ἴδιον,
1010 584 1065 653 καί
1083 585 1115 652 τὸ
1140 580 1243 669 ὄνομα
1265 580 1428 653 τούτου

277 685 331 753 διό
355 685 492 774 γλώττης
512 682 660 771 εἶχε.καί
681 686 764 773 όρών
787 686 897 754 ἐπόθει
919 676 1047 771 τοῦτον,
1068 691 1123 751 καί
1142 692 1254 753 παθών
1274 690 1425 769 ἐτίμα,

274 786 328 853 καί
350 787 534 855 πιστότατον
566 783 633 870 ἅμα
656 792 710 855 καί
734 788 926 854 οἰκειότατον
947 788 1003 853 καί
1034 790 1231 873 στρατιώτην
1254 792 1420 853 α’κατα-

272 888 424 973 γώνιστον
443 881 509 971 εἶχε
528 893 583 954 καί
605 891 782 972 ἐλογίζετο,
809 891 865 953 καί
895 891 1109 973 διαλλακτῆρα
1133 891 1195 953 τών
1216 893 1448 973 μεγίστων5

273 989 422 1070 καμάτων
444 988 499 1053 καί
516 992 662 1073 πολέμων
683 993 805 1056 ἐτίθετο
829 991 972 1076 ἀσφαλῆ,
993 990 1036 1065 ώς
1055 992 1094 1077 τῇ
1114 980 1280 1078 παρουσίᾳ
1303 990 1421 1089 τούς,

270 1113 325 1155 του
346 1088 527 1175 φευγόντων
547 1094 611 1155 τών
634 1094 785 1157 ἐναντίων
810 1092 866 1155 καί
884 1096 970 1155 veisa
993 1089 1141 1155 διδόντων
1163 1090 1277 1164 εύθύς.
1304 1084 1412 1155 ὅθεν

271 1193 327 1255 καί
345 1189 405 1255 σύν
428 1191 516 1279 αύτῷ
541 1194 599 1272 μὲν
627 1190 683 1257 καί
704 1196 748 1281 τῷ
778 1191 878 1275 πατρί
896 1188 954 1275 την
983 1188 1060 1255 κατύ
1091 1193 1155 1254 τών
1177 1190 1408 1276 Βουλγόρων

271 1284 370 1377 ἤρατο
393 1290 499 1377 νίκην,
521 1295 649 1375 καὶτῆς
673 1297 876 1375 Βουλγαριάς
904 1290 1197 1375 δυσκαταμαχὴτου
1220 1290 1279 1355 καί
1297 1298 1431 1382 noi-³

270 1396 326 1478 λῆς
346 1390 402 1457 καί
422 1394 606 1459 δυσαλώτου
629 1398 857 1478 γινωσκομένης
877 1392 1072 1473 παντάπασι,
1095 1397 1150 1456 καί
1171 1391 1294 1478 μηδενὶ
1314 1396 1398 1458 τῶν
1411 1410 1447 1463 1⁰

269 1494 428 1576 βασιλέων
451 1488 660 1579 ύποταγείσης
678 1493 732 1559 ἐπί
753 1489 919 1574 πολύ,καί
938 1491 1024 1575 παρὰ
1047 1497 1140 1558 τούτο
1162 1488 1206 1576 μη
1230 1492 1396 1577 ἀνιείσης

269 1596 308 1681 τῇ
332 1595 497 1673 Βύζαντος
531 1592 564 1660 τὸ
585 1590 735 1676 ώνέοιμον
766 1594 820 1658 καί
838 1592 893 1677 την
910 1596 1066 1677 χορηγίαν
1097 1595 1159 1658 τών
1179 1592 1388 1678 α’ναγκαιλων,

268 1697 421 1778 λαμπραῖς
439 1697 495 1760 καί
516 1694 575 1760 σύν
593 1700 693 1783 πολλῇ
723 1701 761 1783 τῇ
782 1692 971 1779 disparitati
1001 1691 1191 1779 ἐκυρίευσε·
1236 1698 1293 1759 καί
1314 1719 1385 1757 κα-

268 1798 358 1879 τέστη
389 1796 426 1881 τῇ
448 1795 615 1877 Ῥωμαίων
642 1796 790 1885 βασιλείᾳ
816 1794 895 1880 πρὸς
919 1788 1068 1878 ἑσπέραν.
1084 1796 1117 1857 ἐν
1139 1796 1300 1884 εύπραγίηι
1322 1798 1382 1858 καί

267 1892 387 1983 γαλήνη
408 1894 445 1961 τὰ
470 1894 651 1981 πράγματα,
674 1899 729 1961 καί
749 1898 818 1961 α’ντό
837 1897 892 1978 τῆς
927 1898 1000 1978 πρίν
1023 1894 1144 1970 ἐνδείας
1165 1896 1294 1979 δαψιλῆ
1316 1894 1422 1982 τὴνισ

268 1997 430 2079 α’φθονίαν
451 1994 506 2061 καί
527 1995 582 2081 την
609 1996 779 2083 εύκληρίαν
800 1996 948 2079 εὐθύμως
973 1997 1155 2081 α’πειληφεν.

363 2096 433 2160 Ἐπί
453 2099 488 2159 δὲ
508 2101 563 2181 τῆς
584 2094 667 2172 ἓώας
699 2100 942 2179 διακυκωμένων
972 2100 1035 2161 τών
1057 2098 1223 2179 Ἀβασγών
1243 2102 1304 2162 καί
1318 2097 1376 2163 οἷν-

268 2194 472 2274 τιδοξούντων
507 2202 550 2284 τῷ
578 2204 708 2280 βασιλεῖ
732 2202 787 2263 καί
806 2201 980 2283 προφανώς
1009 2197 1225 2280 ώνταιρύντων
1250 2199 1375 2285 (ἐθάρ-

268 2318 346 2380 ρουν
371 2294 431 2380 γὰρ
463 2288 503 2361 ον’
530 2303 573 2387 τῷ
601 2299 716 2383 πλήθει
743 2297 859 2381 μόνον,
887 2300 966 2362 ἀλλὰ
999 2302 1054 2363 καί
1082 2305 1147 2372 τοῖς
1175 2301 1237 2363 τών
1265 2292 1377 2365 ὅπλων
1493 2337 1495 2436 η

182 2482 188 2487 ,
268 2395 489 2483 ἶσχυροτώτοις
515 2398 754 2484 προβλήμασιν,
786 2400 828 2477 ώς
856 2399 900 2485 μη
925 2397 1068 2482 ἑαυτούς’
1090 2397 1188 2480 μόνον
1209 2398 1296 2463 ἀλλὰ
1319 2404 1418 2477 καίοι)

267 2494 343 2574 τούς
385 2500 501 2576 ἵππους
544 2505 840 2585 τεθωρακισμένους
874 2506 929 2566 καί
963 2501 1125 2585 ἀτρώτους
1166 2501 1376 2584 πανταχόθεν

267 2598 591 2689 περικαλύπτοντες),
626 2601 720 2667 πόλιν
743 2601 859 2679 ,αύτύς
894 2602 910 2666 d
945 2604 1157 2687 Βοτανειότης
1189 2599 1375 2686 πρωταγω-

266 2698 374 2785 νιστής
397 2707 452 2768 καί
479 2702 645 2789 πρόμαχος
675 2705 861 2791 ἐγνωρίζετο
891 2702 946 2769 καί
964 2706 1024 2767 τού
1053 2706 1242 2788 κρατοῦντος
1264 2704 1373 2788 ύπέρ-
1489 2711 1492 2762 l

1487 2875 1490 2960 l

265 3018 419 3075 numenque
439 3006 517 3062 huius
537 3010 570 3062 in·
584 3024 631 3061 ore
651 3007 784 3075 habebat,
804 3008 943 3062 stridens
960 3006 1091 3076 diligebat
1108 3006 1178 3060 bunc
1203 3013 1230 3059 et
1247 3006 1370 3076 diligens

267 3077 414 3131 honorabat
434 3086 460 3131 et
478 3078 646 3134 fidelisimum
665 3081 744 3135 simul
777 3089 804 3132 et
832 3080 1022 3133 deditissimum
1048 3088 1075 3130 et
1097 3078 1209 3131 militem
1236 3078 1368 3131 invictum

265 3149 380 3203 babebat
407 3157 435 3201 et
457 3150 591 3205 iudicabat
621 3160 648 3203 et
674 3152 801 3204 arbitrum
832 3153 1004 3203 maximorum
1031 3150 1153 3203 laborum
1176 3148 1367 3218 bellorumque

266 3220 446 3273 constituebat
465 3232 588 3288 certum,
617 3224 714 3291 quippe
742 3225 817 3276 cuius
837 3224 990 3289 praesentia
1015 3223 1140 3290 fugerent
1158 3222 1305 3274 adversarii
1337 3230 1366 3273 et

264 3300 341 3359 terga
360 3293 454 3343 darent
471 3292 566 3345 illiso:
592 3309 674 3362 qnare
694 3296 773 3345 etiarn
794 3310 853 3345 cum
872 3310 903 3345 eo
924 3302 951 3345 et
968 3302 1043 3360 patre
1062 3294 1096 3344 de
1113 3291 1236 3361 Bulgaris
1264 3307 1364 3360 repur-

263 3363 332 3415 tarit
349 3362 507 3414 victoriam:
531 3373 558 3415 et
576 3364 737 3432 Bulgariue,
759 3382 826 3433 quae
847 3365 1036 3434 impugnabilis
1056 3373 1082 3415 et
1101 3379 1197 3431 magua
1216 3372 1243 3415 et
1259 3364 1364 3416 invicta

264 3433 411 3485 habebatur
431 3435 537 3487 omuino
558 3452 645 3504 neque
665 3436 714 3488 ulli
732 3439 792 3505 regi
811 3436 969 3505 plerumque
993 3435 1114 3488 subiecta
1132 3443 1189 3486 erat
1207 3444 1234 3486 et
1251 3443 1362 3501 praete.

263 3520 310 3557 rea
327 3519 381 3557 non
401 3506 565 3559 coneedebut
583 3507 714 3574 Byzantio
736 3510 922 3561 remissionem
941 3516 967 3559 et
994 3514 1168 3558 commeatum
1195 3522 1283 3557 rerum
1307 3522 1360 3557 ne.
1406 3568 1414 3574 ,

264 3577 449 3643 causativum,
469 3577 608 3645 splendide
630 3588 657 3630 et
674 3579 758 3631 multu
783 3597 841 3632 cum
869 3580 966 3633 robore
991 3579 1113 3631 dominus
1146 3585 1186 3629 est
1204 3578 1307 3642 lactus,
1333 3585 1362 3629 et

264 3649 428 3717 compositae
450 3658 526 3703 erant
542 3652 720 3705 llomanorum
738 3654 851 3721 imperio
871 3665 965 3705 versus
991 3649 1157 3701 occidentem
1175 3650 1202 3700 in
1231 3648 1362 3701 felicitate
1399 3701 1406 3711 ,

264 3728 291 3773 et
308 3722 504 3789 tranquillitate
522 3738 582 3776 res:
601 3732 680 3793 atque
698 3739 747 3792 pro
768 3726 859 3793 priore
877 3724 969 3791 inopia
988 3721 1094 3789 plenam
1120 3720 1306 3773 abundantiam
1334 3727 1363 3771 et

262 3792 393 3847 lurtunam
410 3794 481 3847 bono
500 3797 588 3848 animo
613 3804 829 3863 reportaverunt.

360 3883 390 3933 ln
409 3884 513 3935 oriente
532 3894 620 3936 autem
640 3884 762 3937 excitdtis
782 3883 897 3951 Abasgis
918 3891 945 3934 et
969 3883 1028 3950 regi
1053 3881 1254 3934 adversantibus
1281 3888 1361 3947 atque

262 3948 335 4001 clare
354 3954 542 4008 resistentibus
563 3955 746 4024 (confidebunt
766 3957 835 4006 enim
852 3970 907 4005 non
927 3954 1013 4006 solum
1031 3952 1203 4017 multitudini,
1223 3953 1270 4005 sed
1281 3953 1361 4002 etiam

261 4034 392 4072 annorum
411 4026 566 4079 firmissimis
584 4027 735 4094 praesidiis,
754 4034 847 4092 utpute
864 4040 920 4077 uun
940 4024 1026 4078 solum
1045 4040 1076 4090 se
1103 4026 1177 4092 ipsos
1206 4024 1253 4076 sed
1280 4023 1361 4073 etiam

262 4103 345 4157 equos
364 4090 489 4147 loricatus
512 4105 538 4148 et
557 4098 697 4150 vulnerum
718 4105 842 4163 expertes
860 4097 978 4164 undique
997 4100 1161 4165 tegentes),
1180 4110 1271 4147 rursus
1300 4094 1361 4159 ipse

262 4160 417 4213 botaniates
436 4169 576 4230 primarum
596 4171 709 4236 partium
728 4169 853 4221 defensor
874 4177 900 4220 et
916 4176 1104 4238 'propugnatur
1128 4165 1360 4234 conspiciebatur,

263 4240 290 4285 et
307 4234 474 4304 imperaturis
487 4246 630 4303 ‘patrunus
669 4257 727 4292 cum
747 4241 816 4292 enim
835 4256 883 4294 rex
901 4238 951 4293 illo
971 4249 1092 4308 tempora
1110 4240 1243 4293 exereitus
1259 4236 1360 4291 liuma-
