3017 4892
616 415 859 485 caleulum.
1244 428 1279 479 tx

183 591 268 664 dem
291 589 538 662 bibliothecae
565 588 759 684 catalogus,
786 611 806 657 a
833 585 911 656 viro
926 581 1037 656 docto
1053 581 1192 654 Millero
1209 605 1289 653 nu-.

182 741 249 814 per
276 714 394 786 editus
410 715 446 802 ¹).

284 837 315 909 ls
337 839 445 936 igitur
471 836 598 929 codes,
624 835 904 933 decimiquarti,
927 847 967 907 ut
987 831 1281 928 videtur,seculi,

185 966 272 1036 olim
301 964 546 1035 bibliothecae
573 962 743 1061 Matthaei
770 960 950 1054 Danduli,
986 959 1092 1030 initio
1128 983 1171 1030 ac
1202 957 1278 1030 fine

185 1089 345 1182 mutilus,
371 1089 438 1159 lert
465 1076 502 1158 in
529 1087 648 1158 fronte
671 1085 736 1158 sed
770 1083 1110 1157 manu-recentiori
1147 1084 1282 1154 lemma

188 1213 291 1284 illud:
319 1212 479 1310 Μιχαὴλ
505 1211 777 1282 Ἀτταλειάτου
799 1198 973 1308 χρονικὸν
999 1208 1192 1309 ἀκέφαλον
1218 1205 1282 1277 καὶ

186 1337 399 1421 ἀτέλεστον,
427 1336 502 1406 α’πὸ
529 1334 591 1420 τῆς
617 1335 812 1433 βασιλείας
830 1335 992 1432 Μιχαὴλ
1016 1330 1084 1404 cori
1109 1333 1283 1430 Τραυλοῦ

187 1461 298 1558 μέχρι
324 1459 391 1544 τῆς
411 1456 606 1559 βασιλείας
632 1461 793 1558 Μιχαὴλ
818 1458 888 1530 τοῦ
912 1457 1060 1542 Δουκός.

258 1678 261 1684 1
293 1586 394 1659 Unde
422 1611 550 1658 omnes
578 1587 650 1658 lere
677 1588 713 1658 in
733 1611 894 1658 errorem
919 1583 1059 1656 inducti
1085 1599 1179 1658 sunt.
1207 1588 1284 1689 Do-

187 1726 265 1784 ctus
289 1725 413 1782 tamen
440 1711 590 1808 quidam
616 1736 822 1808 anonymus
847 1711 1000 1807 margini
1015 1711 1207 1808 adscripsit
1217 1735 1285 1783 an·

188 1837 413 1908 notationem
448 1836 562 1906 illam:
591 1834 703 1928 „Nou
737 1848 774 1905 te
810 1834 997 1932 decipiant
1027 1836 1284 1933 inscriptiones

188 1962 397 2058 appositae,
432 1957 496 2030 sed
528 1959 654 2030 conler
687 1958 854 2055 codicem
887 1959 988 2031 hunc
1020 1984 1103 2031 cum
1137 1959 1284 2060 Georgii

189 2082 343 2156 Cedreni
372 2084 561 2154 annalibus
588 2083 850 2180 tgraecolatinis
875 2084 1059 2180 impressis
1083 2087 1285 2161 Basileaea

150 2300 160 2310 .
188 2231 268 2306 pag.
284 2204 358 2279 lllll
386 2209 479 2279 linea
505 2208 631 2279 ultima
658 2207 753 2279 illius
781 2209 1026 2303 editionis„et
1051 2209 1194 2283 videbis
1225 2213 1310 2304 ἰιι-Ι
1361 2235 1372 2244 ‘

189 2335 316 2430 primis
349 2334 410 2406 hic
436 2334 563 2405 haberi
591 2332 755 2441 ultimam
782 2346 924 2430 partem
960 2334 1135 2408 historiae
1161 2337 1283 2432 illius,

192 2459 374 2530 sciliceta
401 2457 524 2531 medio
561 2459 717 2555 imperio
744 2458 930 2531 Michaelis
955 2460 1058 2547 Balbi
1089 2485 1206 2558 usque
1238 2460 1287 2533 ad

191 2583 319 2678 finem,
345 2609 456 2682 quem
473 2583 585 2656 finem
607 2583 730 2655 videre
748 2597 801 2655 est
813 2583 874 2655 iol.
892 2585 962 2661 ‘267
978 2586 1111 2683 pagina
1124 2585 1285 2659 secunda

145 2706 146 2720 ¹
190 2710 298 2783 huius
324 2709 485 2786 codicis„
535 2708 608 2781 Sed
627 2734 668 2780 ea
694 2734 775 2807 pag.
801 2707 962 2781 secunda
990 2710 1100 2782 huius
1132 2711 1194 2784 fol.
1211 2714 1283 2786 267
1362 2760 1370 2767 -

190 2837 356 2933 sequitur
380 2834 565 2912 Michaelis
590 2835 785 2908 Attaliotae
819 2833 866 2906 ad
894 2831 1153 2930 imperatolem
1176 2838 1286 2910 Bota-

192 2961 325 3032 niatem
348 2984 417 3053 pro
445 2959 594 3030 historia
621 2957 779 3056 perlecta
812 2984 922 3056 quam
956 2959 1100 3056 scripsit
1132 2960 1285 3063 epistola

191 3083 428 3178 dedicatoria,
456 3098 491 3155 et
517 3084 662 3156 solutu
690 3083 852 3155 historia.
880 3061 1091 3181 imperfecta
1112 3066 1285 3191 utrinque

192 3212 294 3303 est,⁹l
320 3211 457 3282 scilicet
482 3211 528 3281 ab
549 3210 677 3281 ultimo
704 3209 861 3306 imperio
882 3208 1067 3281 Michaelis
1080 3196 1285 3308 Paphlago·
1336 3263 1341 3271 -

194 3335 391 3432 nisusque
417 3333 464 3407 ad
490 3335 701 3407 lllichaelem
718 3335 876 3428 Ducam,
903 3335 960 3416 cui
987 3336 1157 3408 successit
1179 3336 1287 3411 Nice·
1342 3418 1350 3431 ,

192 3459 332 3557 phorus
359 3461 584 3554 Botaniates,
612 3484 686 3556 quo
712 3471 881 3557 tempore
916 3459 1082 3533 floruisse
1108 3457 1287 3559 probatur

191 3583 254 3655 hic
281 3584 437 3679 scriptor
463 3587 526 3682 qui
554 3587 605 3656 sic
631 3585 769 3657 lacerus
795 3584 841 3656 ad
864 3611 933 3658 nos
957 3584 1161 3684 perrenit“
1211 3586 1286 3660 lni-
1406 3621 1412 3628 ·

191 3707 284 3779 tium
308 3691 484 3778 historiae
496 3709 681 3779 Attaliatae
710 3723 745 3780 et
755 3711 1157 3807 cuiusqueparagraphi
1166 3711 1286 3808 prima

293 3945 322 4015 1)
342 3943 491 4012 catalogue
509 3944 555 3996 des
576 3941 649 3998 uss.
669 3958 747 4013 grecs
775 3944 809 3996 dc
834 3943 860 3996 la
887 3943 1073 4016 bibliotheque
1097 3947 1131 4000 dc
1149 3945 1282 4002 l’llscnria

191 4059 239 4111 par
258 4040 289 4096 Ε.
312 4042 409 4097 lllillcr.
446 4041 520 4094 Paris
541 4041 608 4093 1848
625 4057 651 4109 p.
667 4041 724 4094 136.

290 4143 320 4211 2)
341 4140 419 4194 lnitio
440 4142 545 4192 unicum
566 4138 659 4191 folium
679 4141 774 4192 deesse
787 4140 918 4193 videtura
936 4139 1025 4193 verbis
1044 4133 1137 4209 τὸτῆς
1156 4145 1286 4217 ἱστορίας

167 4296 171 4301 ,
194 4272 200 4290 .
222 4271 228 4289 .
251 4274 258 4290 .
278 4236 310 4290 ad
329 4238 411 4292 verba
432 4231 546 4309 Μιχαὲλ
567 4234 675 4299 Δουκὸς
698 4239 747 4292 τοῦ
765 4236 990 4292 desecatae-rol.
1015 4237 1066 4290 168
1083 4239 1184 4292 codicis
1205 4238 1285 4295 eois.

190 4334 293 4387 liniant.
