3017 4892
492 354 495 364 ’
572 351 780 422 nls'ttsasn.
1211 347 1233 420 5

90 524 96 533 ’
132 522 197 582 τείν
217 511 241 580 δι’
261 519 325 601 χρὴ
347 511 402 580 καί
423 519 520 580 πᾶσιν
540 505 764 608 ὑποδεικνύειν,
780 514 920 596 ἀψευδές
934 513 1095 603 σύμβολον
1113 514 1152 578 τέ
1173 518 1238 580 τῶν

133 617 393 699 νυκτερινώνσου
415 614 516 700 λόγων
536 613 783 697 σπουδάσματα,
806 618 862 680 καί
880 614 925 689 ώς
946 612 1004 689 τώς
1016 615 1147 696 βίβλους
1160 614 1238 699 οἷλη·

134 720 201 792 θοός
223 722 382 800 περιέπεις
413 715 618 782 καὶτούτων
639 719 797 798 έπιμελοές
831 716 931 805 ἀκροᾷ
941 768 957 800 ,,
970 717 1106 795 μείζονα
1128 712 1239 779 λοιπὸν
1279 727 1296 759 ·

136 816 212 900 ἡμῖν
233 813 288 881 ιδν
317 819 423 900 α’γώνα
453 821 508 883 καί
539 816 748 902 ἀκμαιότερον
776 819 942 897 τέθεικας,
964 808 1045 880 ὥστε
1067 817 1240 900 προφέρειν

109 937 165 991 5τι
189 922 253 982 τών
275 917 339 983 obis
361 922 493 984 τουτωνί
515 921 647 1001 λογικῶν
669 915 925 998 σπουδασμέτοον
947 914 1084 993 sudatas.
1122 914 1175 979 δια“
1199 913 1239 996 δὴ

135 1021 235 1084 ταῦτα
257 1024 315 1083 καί
332 1045 402 1084 τινα
426 1021 532 1085 δέλτον
542 1019 699 1096 συντάξας
715 1022 748 1083 εἰι
765 1023 828 1083 τών
850 1019 1016 1104 προσεχοῦς
1037 1025 1103 1092 τοῖς
1126 1016 1241 1102 ἡμετέ-

136 1143 204 1204 ροις
224 1118 352 1204 χρόνοις
373 1122 585 1205 γεγενημένων
606 1120 749 1202 πράξεσιν
771 1119 805 1184 ἔν
819 1144 853 1184 τε
874 1125 1022 1201 πολέμοις
1045 1120 1100 1182 καί
1119 1117 1241 1200 μα’χαις

55 1209 60 1220 ’
137 1222 191 1286 καί
213 1223 315 1295 νίκαις
335 1221 388 1287 καί
402 1217 510 1304 ἥτταις
532 1220 587 1285 καί
607 1230 787 1303 πολεμικοῖς
809 1222 1052 1303 κατορθώμασιν
1076 1213 1097 1302 ἢ
1118 1216 1241 1302 ἀτυχή-

136 1345 226 1407 μασι,
252 1325 403 1402 προσθείς
426 1324 461 1386 δέ
485 1323 539 1386 καί
559 1320 615 1396 τοὶς
638 1325 743 1398 αἰτίας
765 1320 846 1387 κατὰ
863 1318 896 1386 τό
919 1318 1054 1386 δυνατὸν
1075 1324 1137 1384 τών
1156 1316 1240 1382 odem
1292 1316 1296 1334 '

95 1445 129 1498 10
139 1425 375 1503 τετελεσμένων,
397 1418 464 1488 εἶτα
491 1429 683 1507 παρατείνας
702 1422 755 1488 τὸν
778 1423 866 1506 λόγον
888 1417 908 1507 ἢ
929 1414 984 1487 καί
1003 1419 1177 1505 έξαρτδσας
1198 1419 1242 1494 ὥς

138 1521 339 1607 ἑνηδιίσμασί
363 1549 425 1589 τισι
458 1535 523 1600 ταῖς
557 1524 834 1608 παρεμπίπτουσα
866 1523 1058 1607 οἷπροόπτοις
1091 1524 1242 1605 σημείοις,

139 1624 251 1707 α’ρετὰς
272 1648 305 1688 τε
335 1623 391 1689 καί
412 1631 522 1702 κακίας
551 1631 614 1691 τών
645 1624 810 1706 ἀρξάντων
836 1624 891 1688 καί
923 1623 1114 1707 ἡγεμονικῶς
1134 1620 1243 1707 ιλιιαρ-

139 1723 258 1804 ξάντων
277 1724 524 1808 ἅναταξοὶμενος,
545 1730 772 1803 συνεπιπλέξας
795 1729 831 1790 δέ
850 1730 905 1789 καί
925 1723 1064 1808 φυσικάς
1084 1745 1171 1795 τινας
1190 1744 1243 1785 τε.

138 1827 304 1907 χνολογίας
322 1824 378 1890 καί
398 1824 487 1905 ζώων
511 1827 598 1900 ἰδέας
619 1825 838 1909 οἷναφανειλιας
857 1833 922 1901 τοῖς
940 1823 1011 1888 τότε
1032 1830 1166 1906 καιροῖς,
1189 1824 1244 1887 καί

98 1949 131 1999 15
141 1924 249 2001 ἁπλώς
276 1927 419 2008 ποικίλην
442 1926 511 1990 τινὰ
532 1930 643 2006 βίβλον
665 1919 771 2010 ώσπερ
792 1927 931 2006 λειμώνα
944 1934 1008 2000 τοῖς
1027 1916 1139 1990 ἄνθεσι
1160 1921 1272 2007 lipsi-l.
1294 1934 1346 1990 168
1357 1949 1381 1991 r.

141 2049 241 2090 ουσαν
265 2025 519 2110 α’ποτερματίσας
541 2029 595 2090 ε’πί
616 2027 760 2111 ἐξηγήσει
783 2025 902 2110 τοίμων
923 2023 1067 2092 ἁπάντων
1091 2030 1161 2112 (καί
1179 2024 1242 2110 γὰρ

141 2128 172 2190 εἰ
198 2127 255 2190 καί
276 2127 360 2210 ’περί
388 2129 449 2191 τών
479 2119 554 2211 ἡμῖν
589 2130 793 2211 ἐγνωσμένων
815 2130 1010 2214 φθέγγεται,
1041 2129 1109 2191 ἀλλ’
1140 2123 1245 2213 ἧτών

140 2233 356 2313 καινοπρέποιν
373 2227 469 2310 χύσις
490 2229 529 2292 ου’
549 2225 701 2311 βούλεται
722 2232 824 2308 ταῦτα
839 2232 913 2317 σιγῇ
935 2234 1107 2311 παρελθεῖν
1128 2232 1183 2294 καί
1202 2231 1248 2303 εἷς

140 2329 241 2416 λήθην
262 2329 382 2394 κου’τών
401 2330 474 2406 τούς
496 2325 686 2414 ἀνθρώπους
710 2332 841 2414 ἐλθεῖν),
864 2327 983 2413 ταύτην
997 2325 1104 2414 δι’σπερ
1122 2341 1151 2394 ιι
1168 2335 1247 2393 καλ-

96 2436 276 2516 σολιέρημα
299 2430 354 2493 καί
375 2431 513 2512 δεξίωμα
532 2429 680 2496 δουλικὸν
705 2435 744 2519 τῇ
767 2435 811 2517 σῇ
833 2431 1060 2520 φιλανθρωπίᾳ
1077 2430 1131 2495 καί
1151 2437 1244 2514 φιλο·

140 2534 261 2622 χρίστηι
289 2535 414 2621 σπουδῇ
443 2535 593 2620 α’ναφέρω
629 2535 684 2597 καί
715 2531 913 2618 α’νατίθημι,
946 2530 988 2606 ώς
1019 2528 1058 2597 δν
1099 2535 1138 2620 ιη’
1165 2531 1246 2596 ταῦ-

141 2659 196 2720 της
231 2637 333 2718 κρίσει
366 2639 419 2699 καί
451 2641 654 2722 μιγαλοφυεῖ
686 2631 854 2716 διαγνώσει
897 2635 1031 2719 διατεθῇ
1066 2631 1105 2699 τώ
1141 2634 1245 2706 καλώς

215 2815 239 2865 1.
261 2813 424 2887 σύμβουλον
443 2813 473 2868 G.
573 2881 579 2894 ι
610 2814 654 2868 20.
676 2827 769 2882 margo
788 2813 936 2888 δνοσημα.

143 2987 264 3041 omnibus
283 2986 436 3057 significare
459 2987 565 3040 sincera
586 2993 615 3037 ut
632 2988 736 3054 signum
765 2993 954 3038 nocturnarum
976 2994 1080 3038 tuarum
1097 2986 1247 3040 orationum

142 3059 352 3123 lucubrationes,
373 3066 453 3127 atque
471 3057 603 3128 quomodo
618 3056 717 3112 'literas
735 3074 801 3111 vere
821 3057 895 3112 colas
915 3058 1018 3127 basque
1038 3058 1184 3127 diligenter
1202 3059 1246 3111 la.
1313 3088 1317 3092 -
1384 3059 1388 3071 ’

143 3148 200 3201 gas,
218 3132 302 3182 mains
321 3131 373 3182 iam
396 3130 473 3182 nobis
499 3139 635 3182 certamen
661 3139 688 3181 et
713 3130 831 3186 vividius
858 3130 1013 3195 reddidisti,
1034 3137 1063 3181 ut
1081 3129 1246 3196 proferamus

144 3204 214 3272 quod
233 3204 283 3254 tuis
309 3202 383 3253 hisce
405 3203 533 3254 oratoriis
559 3201 789 3256 lucubrationibus
809 3202 916 3270 dignum
940 3203 982 3254 sit.
1031 3209 1174 3269 propterea
1191 3203 1246 3269 igi.

143 3285 186 3328 tur
207 3276 284 3326 etiarn
305 3289 363 3324 cum
381 3272 477 3325 librum
505 3275 635 3342 quendam
664 3275 868 3341 conscripserim
893 3289 982 3326 rerum
1002 3275 1122 3341 proxime
1148 3273 1246 3324 nostris

143 3344 306 3412 temporibus
337 3331 472 3412 gesmrum
497 3345 625 3398 inbellis
651 3353 678 3397 et
700 3345 813 3413 proeliis
841 3355 868 3397 et
886 3345 1008 3397 victoriis
1034 3352 1060 3395 et
1081 3343 1200 3395 cladibus
1221 3351 1248 3393 et
1269 3402 1275 3408 ³

143 3417 209 3470 belli
230 3415 355 3469 felicibus
373 3425 400 3468 et
418 3415 572 3470 infelicibus
592 3418 685 3483 lactis,
707 3427 734 3469 ct
762 3417 905 3468 addiderim
923 3417 1003 3468 etiam
1022 3414 1145 3479 caussam
1160 3414 1247 3482 quoad

143 3489 228 3557 potui,
247 3502 347 3549 eorum,
367 3503 434 3555 quae
454 3489 490 3539 ita
510 3497 585 3556 gesta
604 3499 674 3554 sunt,
696 3489 793 3540 deinde
814 3489 978 3541 extenderim
1001 3487 1097 3539 librum
1117 3487 1247 3553 elvepo-

143 3562 195 3611 tius
216 3557 359 3608 condierim
378 3567 502 3625 tanquam
531 3561 705 3613 condimentis
736 3558 891 3628 quibusdam
915 3560 1032 3612 lortuitis
1060 3573 1148 3626 neque
1169 3565 1248 3608 antea

144 3627 337 3682 animadversis
364 3629 465 3696 signis,
496 3637 575 3697 atque
600 3633 712 3682 virtutes
733 3639 759 3683 et
778 3632 843 3682 vitia
862 3647 968 3694 eorum,
990 3631 1034 3698 qui
1055 3636 1202 3697 regnarunt
1222 3637 1248 3679 et

145 3701 189 3770 qui
218 3697 386 3764 imperatoris
415 3698 492 3748 modo
520 3702 656 3765 praesides
688 3701 809 3763 luerunt,
835 3703 1003 3772 repetierim‚
1029 3700 1076 3751 sed
1103 3699 1247 3750 adiecerim

145 3772 223 3824 etiam
243 3768 378 3821 naturales
398 3769 522 3838 quasdam
541 3772 712 3839 quaestiones
739 3779 766 3822 et
784 3771 936 3823 animalium
956 3772 1063 3835 formas,
1084 3770 1178 3840 quales
1197 3786 1246 3838 ap.

144 3842 283 3912 paruerint
307 3838 362 3892 illis
388 3840 566 3906 temporibus,
586 3849 666 3910 atque
694 3857 748 3893 nno
768 3843 850 3895 verbo
870 3844 973 3895 varium
992 3844 1122 3910 quendam
1142 3842 1246 3907 librum,

144 3925 269 3981 tanquam
286 3920 388 3979 pratum
408 3911 517 3964 floribus
537 3912 671 3966 abundans
696 3914 828 3966 liniverim
847 3914 881 3966 ad
901 3915 1046 3968 enarranda
1064 3914 1130 3966 baec
1149 3915 1246 3979 omnia,

146 3986 260 4055 (etenim
278 3985 328 4036 etsi
348 3984 442 4047 delle,
463 3997 530 4050 quae
550 3985 661 4038 anobis
680 3993 800 4053 spectata
818 3993 888 4054 sunt,
907 3988 1023 4051 dicetur,
1043 3994 1130 4038 tamen
1152 3987 1247 4038 novis-

145 4059 267 4111 simarum
295 4071 382 4107 rerum
403 4055 481 4121 copia
498 4071 551 4107 non
572 4058 635 4108 sinit
654 4058 720 4109 baec
747 4057 856 4111 silentio
875 4059 1015 4126 praeteriri
1034 4067 1061 4109 et
1080 4059 1108 4108 in
1126 4056 1246 4110 oblivio.

146 4143 206 4179 nem
226 4127 317 4178 harum
337 4126 457 4178 homines
485 4127 634 4198 incidere),
662 4130 732 4180 buno
757 4131 840 4197 igitur
867 4129 963 4181 librum
990 4138 1112 4197 tanquam
1142 4145 1246 4180 sacrum
1336 4130 1343 4136 ’

148 4201 262 4251 lausturn
283 4205 309 4248 et
329 4199 424 4250 donum
444 4207 582 4266 acceptum
601 4203 673 4254 servi
698 4205 735 4252 tui
756 4200 912 4253 humanitati
930 4211 992 4253 tuae
1012 4210 1039 4253 ct
1058 4201 1145 4253 studio
1165 4201 1245 4255 chri.

147 4271 240 4354 stianis
268 4269 427 4323 amicissimo
451 4271 536 4324 offero
561 4280 587 4326 et
614 4273 718 4343 depono
746 4281 775 4327 nt
803 4274 880 4328 buius
910 4274 1010 4328 iudicio
1031 4282 1057 4324 et
1075 4273 1245 4326 distinctione
