<?xml version="1.0" encoding="UTF-8"?>
<!DOCTYPE html PUBLIC "-//W3C//DTD XHTML 1.0 Transitional//EN"
    "http://www.w3.org/TR/xhtml1/DTD/xhtml1-transitional.dtd">
<html xmlns="http://www.w3.org/1999/xhtml" xml:lang="en" lang="en">
 <head>
  <title>
</title>
<meta http-equiv="Content-Type" content="text/html;charset=utf-8" />
  <meta name='ocr-system' content='tesseract 3.04.00' />
  <meta name='ocr-capabilities' content='ocr_page ocr_carea ocr_par ocr_line ocrx_word'/>
</head>
<body>
  <div class='ocr_page' id='page_1' title='image "./corpusscriptoru06theogoog/corpusscriptoru06theogoog_0155.png"; bbox 0 0 3017 4892; ppageno 0'>
   <div class='ocr_carea' id='block_1_1' title="bbox 606 364 1260 439">
    <p class='ocr_par' dir='ltr' id='par_1_1' title="bbox 606 364 1260 439">
     <span class='ocr_line' id='line_1_1' title="bbox 606 364 1260 439; baseline 0.008 -6"><span class='ocrx_word' id='word_1_1' title='bbox 606 366 814 437; x_wconf 70' lang='lat' dir='ltr'><strong>msoonrn.</strong></span> <span class='ocrx_word' id='word_1_2' title='bbox 1188 364 1260 439; x_wconf 80' lang='lat'><strong><em>137.</em></strong></span> 
     </span>
    </p>
   </div>
   <div class='ocr_carea' id='block_1_2' title="bbox 113 528 1316 2926">
    <p class='ocr_par' dir='ltr' id='par_1_2' title="bbox 113 528 1316 2926">
     <span class='ocr_line' id='line_1_2' title="bbox 153 528 1264 618; baseline -0.005 -20"><span class='ocrx_word' id='word_1_3' title='bbox 153 534 250 617; x_wconf 86' lang='grc' dir='ltr'><strong><em>χιίας</em></strong></span> <span class='ocrx_word' id='word_1_4' title='bbox 266 532 359 596; x_wconf 84' lang='grc' dir='ltr'><strong><em>δυυκί</em></strong></span> <span class='ocrx_word' id='word_1_5' title='bbox 379 532 422 617; x_wconf 69' lang='lat' dir='ltr'><strong>spi</strong></span> <span class='ocrx_word' id='word_1_6' title='bbox 437 530 661 617; x_wconf 80' lang='grc' dir='ltr'><strong><em>Χατατουρίιρ,</em></strong></span> <span class='ocrx_word' id='word_1_7' title='bbox 684 529 780 614; x_wconf 80' lang='grc' dir='ltr'><strong><em>α’νδρί</em></strong></span> <span class='ocrx_word' id='word_1_8' title='bbox 794 532 924 618; x_wconf 84' lang='grc' dir='ltr'><strong><em>γενναίιρ</em></strong></span> <span class='ocrx_word' id='word_1_9' title='bbox 945 528 1001 594; x_wconf 82' lang='grc' dir='ltr'><strong><em>καί</em></strong></span> <span class='ocrx_word' id='word_1_10' title='bbox 1020 528 1119 593; x_wconf 81' lang='grc' dir='ltr'><strong><em>πολλοὶ</em></strong></span> <span class='ocrx_word' id='word_1_11' title='bbox 1142 530 1264 595; x_wconf 84' lang='grc' dir='ltr'><strong><em>ε’πιδει-</em></strong></span> 
     </span>
     <span class='ocr_line' id='line_1_3' title="bbox 157 626 1264 721; baseline -0.005 -23"><span class='ocrx_word' id='word_1_12' title='bbox 157 637 284 721; x_wconf 77' lang='grc' dir='ltr'><strong><em>ξομένῳ</em></strong></span> <span class='ocrx_word' id='word_1_13' title='bbox 307 635 363 714; x_wconf 77' lang='grc' dir='ltr'><strong><em>τῆς</em></strong></span> <span class='ocrx_word' id='word_1_14' title='bbox 383 631 502 713; x_wconf 76' lang='grc' dir='ltr'><strong><em>ἀρετῆς</em></strong></span> <span class='ocrx_word' id='word_1_15' title='bbox 530 630 631 694; x_wconf 78' lang='grc' dir='ltr'><strong><em>αάτυῦ</em></strong></span> <span class='ocrx_word' id='word_1_16' title='bbox 652 626 692 695; x_wconf 87' lang='grc' dir='ltr'><strong><em>τά</em></strong></span> <span class='ocrx_word' id='word_1_17' title='bbox 716 635 923 713; x_wconf 75' lang='grc' dir='ltr'><strong><em>γνωρίσματα</em></strong></span> <span class='ocrx_word' id='word_1_18' title='bbox 947 632 1101 721; x_wconf 86' lang='grc' dir='ltr'><strong><em>πρότερον</em></strong></span> <span class='ocrx_word' id='word_1_19' title='bbox 1113 676 1123 707; x_wconf 92' lang='grc'><strong><em>,</em></strong></span> <span class='ocrx_word' id='word_1_20' title='bbox 1146 632 1264 713; x_wconf 89' lang='grc' dir='ltr'><strong><em>προδε-</em></strong></span> 
     </span>
     <span class='ocr_line' id='line_1_4' title="bbox 156 727 1263 822; baseline -0.004 -23"><span class='ocrx_word' id='word_1_21' title='bbox 156 734 283 822; x_wconf 79' lang='grc' dir='ltr'><strong><em>ξαμδνιρ</em></strong></span> <span class='ocrx_word' id='word_1_22' title='bbox 311 727 457 815; x_wconf 81' lang='grc' dir='ltr'><strong><em>δὲπαρά</em></strong></span> <span class='ocrx_word' id='word_1_23' title='bbox 479 734 539 794; x_wconf 78' lang='grc' dir='ltr'><strong><em>τοῦ</em></strong></span> <span class='ocrx_word' id='word_1_24' title='bbox 566 735 721 812; x_wconf 79' lang='grc' dir='ltr'><strong><em>βασιλέως</em></strong></span> <span class='ocrx_word' id='word_1_25' title='bbox 745 733 790 806; x_wconf 82' lang='grc' dir='ltr'><strong><em>είς</em></strong></span> <span class='ocrx_word' id='word_1_26' title='bbox 815 734 1053 813; x_wconf 80' lang='grc' dir='ltr'><strong><em>Μαψουεστίαν</em></strong></span> <span class='ocrx_word' id='word_1_27' title='bbox 1085 731 1263 821; x_wconf 83' lang='grc' dir='ltr'><strong><em>α’παντῆσαι</em></strong></span> 
     </span>
     <span class='ocr_line' id='line_1_5' title="bbox 157 823 1264 925; baseline -0.006 -24"><span class='ocrx_word' id='word_1_28' title='bbox 157 836 203 911; x_wconf 81' lang='grc' dir='ltr'><strong><em>ιδς</em></strong></span> <span class='ocrx_word' id='word_1_29' title='bbox 226 830 322 915; x_wconf 87' lang='grc' dir='ltr'><strong><em>τάχος</em></strong></span> <span class='ocrx_word' id='word_1_30' title='bbox 353 834 409 896; x_wconf 80' lang='grc' dir='ltr'><strong><em>καί</em></strong></span> <span class='ocrx_word' id='word_1_31' title='bbox 436 838 502 904; x_wconf 76' lang='grc' dir='ltr'><strong><em>τοῖς</em></strong></span> <span class='ocrx_word' id='word_1_32' title='bbox 534 823 687 921; x_wconf 74' lang='grc' dir='ltr'><strong><em>Τοάρκυις</em></strong></span> <span class='ocrx_word' id='word_1_33' title='bbox 716 835 839 897; x_wconf 79' lang='grc' dir='ltr'><strong><em>ε’κεϊδεν</em></strong></span> <span class='ocrx_word' id='word_1_34' title='bbox 870 830 1087 915; x_wconf 75' lang='grc' dir='ltr'><strong><em>παροδεύουσι</em></strong></span> <span class='ocrx_word' id='word_1_35' title='bbox 1107 834 1264 925; x_wconf 78' lang='grc' dir='ltr'><strong><em>συμμῖξαι</em></strong></span> 
     </span>
     <span class='ocr_line' id='line_1_6' title="bbox 127 924 1264 1015; baseline -0.003 -18"><span class='ocrx_word' id='word_1_36' title='bbox 127 936 357 1015; x_wconf 75' lang='grc' dir='ltr'><strong><em>ὅπολεμικαῖς,</em></strong></span> <span class='ocrx_word' id='word_1_37' title='bbox 382 924 436 995; x_wconf 86' lang='grc' dir='ltr'><strong><em>άτε</em></strong></span> <span class='ocrx_word' id='word_1_38' title='bbox 459 934 520 994; x_wconf 84' lang='grc' dir='ltr'><strong><em>καί</em></strong></span> <span class='ocrx_word' id='word_1_39' title='bbox 535 932 597 995; x_wconf 78' lang='grc' dir='ltr'><strong><em>τῶν</em></strong></span> <span class='ocrx_word' id='word_1_40' title='bbox 618 934 651 995; x_wconf 75' lang='grc' dir='ltr'><strong><em>ἐν</em></strong></span> <span class='ocrx_word' id='word_1_41' title='bbox 669 939 735 1006; x_wconf 88' lang='grc' dir='ltr'><strong><em>τοῖς</em></strong></span> <span class='ocrx_word' id='word_1_42' title='bbox 764 931 897 1015; x_wconf 75' lang='grc' dir='ltr'><strong><em>ὀρεινοῖς</em></strong></span> <span class='ocrx_word' id='word_1_43' title='bbox 917 932 970 1015; x_wconf 76' lang='grc' dir='ltr'><strong><em>τῆς</em></strong></span> <span class='ocrx_word' id='word_1_44' title='bbox 995 934 1183 1005; x_wconf 74' lang='grc' dir='ltr'><strong><em>Σελευκείας</em></strong></span> <span class='ocrx_word' id='word_1_45' title='bbox 1205 954 1264 994; x_wconf 93' lang='grc' dir='ltr'><strong><em>κα-</em></strong></span> 
     </span>
     <span class='ocr_line' id='line_1_7' title="bbox 156 1029 1265 1116; baseline -0.007 -15"><span class='ocrx_word' id='word_1_46' title='bbox 156 1035 348 1101; x_wconf 78' lang='grc' dir='ltr'><strong><em>τοικούντων</em></strong></span> <span class='ocrx_word' id='word_1_47' title='bbox 362 1031 536 1116; x_wconf 82' lang='grc' dir='ltr'><strong><em>Ἀρμενίων</em></strong></span> <span class='ocrx_word' id='word_1_48' title='bbox 559 1034 884 1115; x_wconf 79' lang='grc' dir='ltr'><strong><em>προδιαρισδὲντων</em></strong></span> <span class='ocrx_word' id='word_1_49' title='bbox 869 1056 902 1097; x_wconf 87' lang='grc' dir='ltr'><strong><em>εν</em></strong></span> <span class='ocrx_word' id='word_1_50' title='bbox 917 1040 979 1107; x_wconf 78' lang='grc' dir='ltr'><strong><em>τοῖς</em></strong></span> <span class='ocrx_word' id='word_1_51' title='bbox 998 1038 1166 1107; x_wconf 87' lang='grc' dir='ltr'><strong><em>στινοιποις</em></strong></span> <span class='ocrx_word' id='word_1_52' title='bbox 1190 1029 1265 1105; x_wconf 79' lang='grc' dir='ltr'><strong><em>τούς</em></strong></span> 
     </span>
     <span class='ocr_line' id='line_1_8' title="bbox 163 1128 1316 1219; baseline -0.007 -18"><span class='ocrx_word' id='word_1_53' title='bbox 163 1134 326 1219; x_wconf 75' lang='grc' dir='ltr'><strong><em>Τοάριιους</em></strong></span> <span class='ocrx_word' id='word_1_54' title='bbox 348 1133 565 1215; x_wconf 77' lang='grc' dir='ltr'><strong><em>καταδραμεῖν</em></strong></span> <span class='ocrx_word' id='word_1_55' title='bbox 586 1135 642 1196; x_wconf 84' lang='grc' dir='ltr'><strong><em>καί</em></strong></span> <span class='ocrx_word' id='word_1_56' title='bbox 663 1136 808 1197; x_wconf 74' lang='grc' dir='ltr'><strong><em>κακῶσαι</em></strong></span> <span class='ocrx_word' id='word_1_57' title='bbox 829 1129 909 1196; x_wconf 84' lang='grc' dir='ltr'><strong><em>κατά</em></strong></span> <span class='ocrx_word' id='word_1_58' title='bbox 935 1129 968 1195; x_wconf 90' lang='grc' dir='ltr'><strong><em>τδ</em></strong></span> <span class='ocrx_word' id='word_1_59' title='bbox 995 1132 1169 1215; x_wconf 76' lang='grc' dir='ltr'><strong><em>ἐγχωροῦν.</em></strong></span> <span class='ocrx_word' id='word_1_60' title='bbox 1212 1128 1266 1194; x_wconf 87' lang='grc' dir='ltr'><strong><em>καί</em></strong></span> <span class='ocrx_word' id='word_1_61' title='bbox 1302 1206 1316 1218; x_wconf 32' lang='grc' dir='ltr'><em>ι</em></span> 
     </span>
     <span class='ocr_line' id='line_1_9' title="bbox 159 1228 1263 1319; baseline -0.004 -21"><span class='ocrx_word' id='word_1_62' title='bbox 159 1232 222 1319; x_wconf 88' lang='grc' dir='ltr'><strong><em>γάρ</em></strong></span> <span class='ocrx_word' id='word_1_63' title='bbox 254 1230 312 1317; x_wconf 72' lang='grc' dir='ltr'><strong><em>τήν</em></strong></span> <span class='ocrx_word' id='word_1_64' title='bbox 344 1228 495 1297; x_wconf 77' lang='grc' dir='ltr'><strong><em>ἐπάνοδον</em></strong></span> <span class='ocrx_word' id='word_1_65' title='bbox 528 1235 692 1309; x_wconf 88' lang='grc' dir='ltr'><strong><em>δείσαντες</em></strong></span> <span class='ocrx_word' id='word_1_66' title='bbox 730 1230 760 1297; x_wconf 80' lang='grc' dir='ltr'><strong><em>οἱ</em></strong></span> <span class='ocrx_word' id='word_1_67' title='bbox 783 1235 929 1315; x_wconf 80' lang='grc' dir='ltr'><strong><em>πολέμιοι</em></strong></span> <span class='ocrx_word' id='word_1_68' title='bbox 964 1228 1018 1294; x_wconf 89' lang='grc' dir='ltr'><strong><em>διά</em></strong></span> <span class='ocrx_word' id='word_1_69' title='bbox 1042 1228 1077 1295; x_wconf 87' lang='grc' dir='ltr'>τὸ</span> <span class='ocrx_word' id='word_1_70' title='bbox 1101 1233 1263 1297; x_wconf 72' lang='grc' dir='ltr'><strong><em>πυθέσθαι</em></strong></span> 
     </span>
     <span class='ocr_line' id='line_1_10' title="bbox 158 1331 1266 1419; baseline -0.002 -22"><span class='ocrx_word' id='word_1_71' title='bbox 158 1332 233 1417; x_wconf 79' lang='grc' dir='ltr'><strong><em>περί</em></strong></span> <span class='ocrx_word' id='word_1_72' title='bbox 264 1336 320 1416; x_wconf 76' lang='grc' dir='ltr'><strong><em>τῆς</em></strong></span> <span class='ocrx_word' id='word_1_73' title='bbox 341 1336 399 1399; x_wconf 77' lang='grc' dir='ltr'><strong><em>τοῦ</em></strong></span> <span class='ocrx_word' id='word_1_74' title='bbox 420 1337 579 1414; x_wconf 80' lang='grc' dir='ltr'><strong><em>βασιλέως</em></strong></span> <span class='ocrx_word' id='word_1_75' title='bbox 601 1335 790 1419; x_wconf 76' lang='grc' dir='ltr'><strong><em>ἐπιδημίας,</em></strong></span> <span class='ocrx_word' id='word_1_76' title='bbox 828 1331 882 1398; x_wconf 84' lang='grc' dir='ltr'><strong><em>διά</em></strong></span> <span class='ocrx_word' id='word_1_77' title='bbox 915 1334 978 1397; x_wconf 75' lang='grc' dir='ltr'><strong><em>τῶν</em></strong></span> <span class='ocrx_word' id='word_1_78' title='bbox 1001 1335 1058 1416; x_wconf 74' lang='grc' dir='ltr'><strong><em>τῆς</em></strong></span> <span class='ocrx_word' id='word_1_79' title='bbox 1078 1334 1266 1409; x_wconf 81' lang='grc' dir='ltr'><strong><em>Σελευκείας</em></strong></span> 
     </span>
     <span class='ocr_line' id='line_1_11' title="bbox 113 1434 1266 1520; baseline 0.002 -25"><span class='ocrx_word' id='word_1_80' title='bbox 113 1443 149 1496; x_wconf 84' lang='grc'><strong><em>10</em></strong></span> <span class='ocrx_word' id='word_1_81' title='bbox 159 1437 247 1520; x_wconf 76' lang='grc' dir='ltr'><strong><em>δρῶν</em></strong></span> <span class='ocrx_word' id='word_1_82' title='bbox 270 1437 511 1518; x_wconf 74' lang='grc' dir='ltr'><strong><em>ἐπορεύθησαν,</em></strong></span> <span class='ocrx_word' id='word_1_83' title='bbox 546 1438 601 1499; x_wconf 86' lang='grc' dir='ltr'><strong><em>καί</em></strong></span> <span class='ocrx_word' id='word_1_84' title='bbox 630 1439 675 1509; x_wconf 83' lang='grc' dir='ltr'><strong><em>εἰς</em></strong></span> <span class='ocrx_word' id='word_1_85' title='bbox 695 1439 752 1519; x_wconf 79' lang='grc' dir='ltr'><strong><em>την</em></strong></span> <span class='ocrx_word' id='word_1_86' title='bbox 780 1438 835 1519; x_wconf 83' lang='grc' dir='ltr'><strong><em>τῆς</em></strong></span> <span class='ocrx_word' id='word_1_87' title='bbox 860 1437 987 1519; x_wconf 79' lang='grc' dir='ltr'><strong><em>Ταρσοῦ</em></strong></span> <span class='ocrx_word' id='word_1_88' title='bbox 1009 1434 1145 1497; x_wconf 79' lang='grc' dir='ltr'><strong><em>πεδιάδα</em></strong></span> <span class='ocrx_word' id='word_1_89' title='bbox 1166 1456 1266 1517; x_wconf 87' lang='grc' dir='ltr'><strong><em>κατη-</em></strong></span> 
     </span>
     <span class='ocr_line' id='line_1_12' title="bbox 157 1529 1266 1623; baseline -0.005 -23"><span class='ocrx_word' id='word_1_90' title='bbox 157 1540 379 1623; x_wconf 72' lang='grc' dir='ltr'><strong><em>κοντίσθησαν.</em></strong></span> <span class='ocrx_word' id='word_1_91' title='bbox 430 1532 509 1600; x_wconf 77' lang='grc' dir='ltr'><strong><em>ἔνθα</em></strong></span> <span class='ocrx_word' id='word_1_92' title='bbox 532 1532 620 1619; x_wconf 84' lang='grc' dir='ltr'><strong><em>παρά</em></strong></span> <span class='ocrx_word' id='word_1_93' title='bbox 644 1535 708 1598; x_wconf 76' lang='grc' dir='ltr'><strong><em>τῶν</em></strong></span> <span class='ocrx_word' id='word_1_94' title='bbox 727 1534 904 1619; x_wconf 83' lang='grc' dir='ltr'><strong><em>Ἀρμενίων</em></strong></span> <span class='ocrx_word' id='word_1_95' title='bbox 935 1538 1187 1617; x_wconf 79' lang='grc' dir='ltr'><strong><em>συγκυρηδένιες</em></strong></span> <span class='ocrx_word' id='word_1_96' title='bbox 1209 1529 1266 1617; x_wconf 76' lang='grc' dir='ltr'><strong><em>τήν</em></strong></span> 
     </span>
     <span class='ocr_line' id='line_1_13' title="bbox 157 1632 1264 1722; baseline -0.005 -22"><span class='ocrx_word' id='word_1_97' title='bbox 157 1634 412 1721; x_wconf 84' lang='grc' dir='ltr'><strong><em>λαφυραγωγίαν</em></strong></span> <span class='ocrx_word' id='word_1_98' title='bbox 433 1638 540 1722; x_wconf 82' lang='grc' dir='ltr'><strong><em>πᾶσαν</em></strong></span> <span class='ocrx_word' id='word_1_99' title='bbox 560 1632 676 1716; x_wconf 89' lang='grc' dir='ltr'><strong><em>σχεδὸν</em></strong></span> <span class='ocrx_word' id='word_1_100' title='bbox 701 1633 871 1716; x_wconf 73' lang='grc' dir='ltr'><strong><em>ἀπέβαλον.</em></strong></span> <span class='ocrx_word' id='word_1_101' title='bbox 916 1632 1010 1698; x_wconf 72' lang='grc' dir='ltr'><strong><em>αὐτοί</em></strong></span> <span class='ocrx_word' id='word_1_102' title='bbox 1030 1634 1064 1696; x_wconf 79' lang='grc' dir='ltr'><strong><em>δὲ</em></strong></span> <span class='ocrx_word' id='word_1_103' title='bbox 1085 1633 1264 1697; x_wconf 78' lang='grc' dir='ltr'><strong><em>διασωθέν-</em></strong></span> 
     </span>
     <span class='ocr_line' id='line_1_14' title="bbox 157 1724 1267 1822; baseline -0.005 -23"><span class='ocrx_word' id='word_1_104' title='bbox 157 1757 208 1811; x_wconf 89' lang='grc' dir='ltr'><strong><em>τες</em></strong></span> <span class='ocrx_word' id='word_1_105' title='bbox 228 1738 404 1819; x_wconf 76' lang='grc' dir='ltr'><strong><em>μοχθηρῶς</em></strong></span> <span class='ocrx_word' id='word_1_106' title='bbox 428 1736 584 1797; x_wconf 75' lang='grc' dir='ltr'><strong><em>ἐπέτεινον</em></strong></span> <span class='ocrx_word' id='word_1_107' title='bbox 606 1731 661 1797; x_wconf 88' lang='grc' dir='ltr'><strong><em>τδν</em></strong></span> <span class='ocrx_word' id='word_1_108' title='bbox 682 1733 823 1815; x_wconf 82' lang='grc' dir='ltr'><strong><em>δρόμον,</em></strong></span> <span class='ocrx_word' id='word_1_109' title='bbox 846 1736 898 1820; x_wconf 79' lang='grc' dir='ltr'><strong><em>ἐφ’</em></strong></span> <span class='ocrx_word' id='word_1_110' title='bbox 920 1724 944 1822; x_wconf 76' lang='grc' dir='ltr'>ᾧ</span> <span class='ocrx_word' id='word_1_111' title='bbox 967 1734 1104 1796; x_wconf 73' lang='grc' dir='ltr'><strong><em>διελθεῖν</em></strong></span> <span class='ocrx_word' id='word_1_112' title='bbox 1127 1734 1170 1796; x_wconf 88' lang='grc' dir='ltr'><strong><em>δι’</em></strong></span> <span class='ocrx_word' id='word_1_113' title='bbox 1194 1726 1267 1817; x_wconf 81' lang='grc' dir='ltr'><strong><em>ὅλης</em></strong></span> 
     </span>
     <span class='ocr_line' id='line_1_15' title="bbox 158 1825 1267 1918; baseline 0 -21"><span class='ocrx_word' id='word_1_114' title='bbox 158 1836 213 1915; x_wconf 89' lang='grc' dir='ltr'><strong><em>τῆς</em></strong></span> <span class='ocrx_word' id='word_1_115' title='bbox 238 1838 387 1907; x_wconf 85' lang='grc' dir='ltr'><strong><em>Κιλικίας</em></strong></span> <span class='ocrx_word' id='word_1_116' title='bbox 409 1834 465 1897; x_wconf 79' lang='grc' dir='ltr'><strong><em>καί</em></strong></span> <span class='ocrx_word' id='word_1_117' title='bbox 483 1834 528 1907; x_wconf 81' lang='grc' dir='ltr'><strong><em>εἰς</em></strong></span> <span class='ocrx_word' id='word_1_118' title='bbox 548 1831 585 1896; x_wconf 83' lang='grc' dir='ltr'><strong><em>τά</em></strong></span> <span class='ocrx_word' id='word_1_119' title='bbox 607 1835 663 1897; x_wconf 78' lang='grc' dir='ltr'><strong><em>τοῦ</em></strong></span> <span class='ocrx_word' id='word_1_120' title='bbox 689 1834 801 1898; x_wconf 90' lang='grc' dir='ltr'><strong><em>Χάλεπ</em></strong></span> <span class='ocrx_word' id='word_1_121' title='bbox 829 1838 1003 1917; x_wconf 81' lang='grc' dir='ltr'><strong><em>προσμῖξαι</em></strong></span> <span class='ocrx_word' id='word_1_122' title='bbox 1028 1825 1112 1917; x_wconf 80' lang='grc' dir='ltr'><strong><em>δ’ρια.</em></strong></span> <span class='ocrx_word' id='word_1_123' title='bbox 1153 1855 1267 1918; x_wconf 88' lang='grc' dir='ltr'><strong><em>προεν-</em></strong></span> 
     </span>
     <span class='ocr_line' id='line_1_16' title="bbox 115 1930 1265 2019; baseline -0.003 -20"><span class='ocrx_word' id='word_1_124' title='bbox 115 1930 306 2015; x_wconf 85' lang='grc' dir='ltr'><strong><em>15τυχάντες</em></strong></span> <span class='ocrx_word' id='word_1_125' title='bbox 336 1934 365 1995; x_wconf 90' lang='grc' dir='ltr'><strong><em>δ’</em></strong></span> <span class='ocrx_word' id='word_1_126' title='bbox 391 1932 540 2017; x_wconf 79' lang='grc' dir='ltr'><strong><em>α’λληλοις</em></strong></span> <span class='ocrx_word' id='word_1_127' title='bbox 575 1933 657 1998; x_wconf 79' lang='grc' dir='ltr'><strong><em>οἵτε</em></strong></span> <span class='ocrx_word' id='word_1_128' title='bbox 688 1933 776 2018; x_wconf 84' lang='grc' dir='ltr'><strong><em>παρά</em></strong></span> <span class='ocrx_word' id='word_1_129' title='bbox 804 1938 862 1998; x_wconf 74' lang='grc' dir='ltr'><strong><em>τοῦ</em></strong></span> <span class='ocrx_word' id='word_1_130' title='bbox 885 1938 1043 2017; x_wconf 81' lang='grc' dir='ltr'><strong><em>βασιλέως</em></strong></span> <span class='ocrx_word' id='word_1_131' title='bbox 1066 1936 1265 2019; x_wconf 78' lang='grc' dir='ltr'><strong><em>πεμφθέντες</em></strong></span> 
     </span>
     <span class='ocr_line' id='line_1_17' title="bbox 158 2028 1265 2158; baseline 0 -61"><span class='ocrx_word' id='word_1_132' title='bbox 158 2037 215 2099; x_wconf 85' lang='grc' dir='ltr'><strong><em>καί</em></strong></span> <span class='ocrx_word' id='word_1_133' title='bbox 233 2033 249 2097; x_wconf 82' lang='grc' dir='ltr'><em>ὃ</em></span> <span class='ocrx_word' id='word_1_134' title='bbox 271 2034 327 2118; x_wconf 75' lang='grc' dir='ltr'><strong><em>τῆς</em></strong></span> <span class='ocrx_word' id='word_1_135' title='bbox 346 2034 542 2118; x_wconf 83' lang='grc' dir='ltr'><strong><em>Ἀντιοχείας</em></strong></span> <span class='ocrx_word' id='word_1_136' title='bbox 564 2035 700 2121; x_wconf 84' lang='grc' dir='ltr'><strong><em>στρατὸς</em></strong></span> <span class='ocrx_word' id='word_1_137' title='bbox 719 2037 800 2153; x_wconf 73' lang='grc' dir='ltr'><strong><em>μετά</em></strong></span> <span class='ocrx_word' id='word_1_138' title='bbox 824 2038 882 2099; x_wconf 80' lang='grc' dir='ltr'><strong><em>τοῦ</em></strong></span> <span class='ocrx_word' id='word_1_139' title='bbox 898 2037 1093 2158; x_wconf 80' lang='grc' dir='ltr'><strong><em>δηλωθίγτυς</em></strong></span> <span class='ocrx_word' id='word_1_140' title='bbox 1113 2028 1265 2117; x_wconf 79' lang='grc' dir='ltr'><strong><em>ἦγεμδνυς</em></strong></span> 
     </span>
     <span class='ocr_line' id='line_1_18' title="bbox 159 2132 1264 2221; baseline -0.005 -20"><span class='ocrx_word' id='word_1_141' title='bbox 159 2136 276 2215; x_wconf 81' lang='grc' dir='ltr'><strong><em>αδτων,</em></strong></span> <span class='ocrx_word' id='word_1_142' title='bbox 297 2132 406 2219; x_wconf 79' lang='grc' dir='ltr'><strong><em>ἑτάρων</em></strong></span> <span class='ocrx_word' id='word_1_143' title='bbox 428 2133 503 2210; x_wconf 83' lang='grc' dir='ltr'><strong><em>τοδς</em></strong></span> <span class='ocrx_word' id='word_1_144' title='bbox 530 2133 692 2212; x_wconf 73' lang='grc' dir='ltr'><strong><em>ἐναντίους</em></strong></span> <span class='ocrx_word' id='word_1_145' title='bbox 712 2134 792 2201; x_wconf 86' lang='grc' dir='ltr'><strong><em>κατά</em></strong></span> <span class='ocrx_word' id='word_1_146' title='bbox 815 2160 901 2211; x_wconf 86' lang='grc' dir='ltr'><strong><em>τινας</em></strong></span> <span class='ocrx_word' id='word_1_147' title='bbox 932 2136 1080 2221; x_wconf 83' lang='grc' dir='ltr'><strong><em>μετρίους</em></strong></span> <span class='ocrx_word' id='word_1_148' title='bbox 1104 2133 1264 2218; x_wconf 73' lang='grc' dir='ltr'><strong><em>δριδμοδς</em></strong></span> 
     </span>
     <span class='ocr_line' id='line_1_19' title="bbox 158 2232 1265 2359; baseline 0.001 -62"><span class='ocrx_word' id='word_1_149' title='bbox 158 2232 344 2319; x_wconf 77' lang='grc' dir='ltr'><strong><em>προϊόντας,</em></strong></span> <span class='ocrx_word' id='word_1_150' title='bbox 370 2233 468 2359; x_wconf 60' lang='lat' dir='ltr'><strong>erigor</strong></span> <span class='ocrx_word' id='word_1_151' title='bbox 491 2233 569 2299; x_wconf 83' lang='grc' dir='ltr'><strong><em>κατά</em></strong></span> <span class='ocrx_word' id='word_1_152' title='bbox 592 2260 647 2318; x_wconf 89' lang='grc' dir='ltr'><strong><em>την</em></strong></span> <span class='ocrx_word' id='word_1_153' title='bbox 676 2234 768 2300; x_wconf 86' lang='grc' dir='ltr'><strong><em>πόλιν</em></strong></span> <span class='ocrx_word' id='word_1_154' title='bbox 791 2240 1024 2317; x_wconf 78' lang='grc' dir='ltr'><strong><em>Μοιμυυεστίας</em></strong></span> <span class='ocrx_word' id='word_1_155' title='bbox 1056 2236 1165 2309; x_wconf 82' lang='grc' dir='ltr'><strong><em>αιίτοις</em></strong></span> <span class='ocrx_word' id='word_1_156' title='bbox 1187 2238 1265 2321; x_wconf 70' lang='lat' dir='ltr'><strong>ips-</strong></span> 
     </span>
     <span class='ocr_line' id='line_1_20' title="bbox 160 2334 1262 2424; baseline 0.001 -26"><span class='ocrx_word' id='word_1_157' title='bbox 160 2335 336 2417; x_wconf 83' lang='grc' dir='ltr'><strong><em>δρευσντες.</em></strong></span> <span class='ocrx_word' id='word_1_158' title='bbox 389 2338 559 2417; x_wconf 81' lang='grc' dir='ltr'><strong><em>προέμενοι</em></strong></span> <span class='ocrx_word' id='word_1_159' title='bbox 582 2338 617 2399; x_wconf 83' lang='grc' dir='ltr'><strong><em>δὲ</em></strong></span> <span class='ocrx_word' id='word_1_160' title='bbox 638 2334 693 2401; x_wconf 84' lang='grc' dir='ltr'><strong><em>τάν</em></strong></span> <span class='ocrx_word' id='word_1_161' title='bbox 716 2334 829 2424; x_wconf 84' lang='grc' dir='ltr'><strong><em>καιρὸν</em></strong></span> <span class='ocrx_word' id='word_1_162' title='bbox 856 2338 911 2421; x_wconf 78' lang='grc' dir='ltr'><strong><em>τῆς</em></strong></span> <span class='ocrx_word' id='word_1_163' title='bbox 941 2339 985 2411; x_wconf 83' lang='grc' dir='ltr'><strong><em>εἰς</em></strong></span> <span class='ocrx_word' id='word_1_164' title='bbox 1009 2335 1127 2411; x_wconf 83' lang='grc' dir='ltr'><strong><em>αδτους</em></strong></span> <span class='ocrx_word' id='word_1_165' title='bbox 1150 2338 1262 2399; x_wconf 76' lang='grc' dir='ltr'><strong><em>ε’πιθέ·</em></strong></span> 
     </span>
     <span class='ocr_line' id='line_1_21' title="bbox 115 2423 1264 2557; baseline 0.002 -59"><span class='ocrx_word' id='word_1_166' title='bbox 115 2448 240 2511; x_wconf 65' lang='grc' dir='ltr'><strong><em>τοσεως</em></strong></span> <span class='ocrx_word' id='word_1_167' title='bbox 263 2432 424 2520; x_wconf 78' lang='grc' dir='ltr'><strong><em>προφάσει</em></strong></span> <span class='ocrx_word' id='word_1_168' title='bbox 445 2438 502 2499; x_wconf 82' lang='grc' dir='ltr'><strong><em>τοῦ</em></strong></span> <span class='ocrx_word' id='word_1_169' title='bbox 522 2462 568 2521; x_wconf 89' lang='grc' dir='ltr'><strong><em>μη</em></strong></span> <span class='ocrx_word' id='word_1_170' title='bbox 588 2430 791 2519; x_wconf 78' lang='grc' dir='ltr'><strong><em>σποράδας</em></strong></span> <span class='ocrx_word' id='word_1_171' title='bbox 774 2423 865 2513; x_wconf 84' lang='grc' dir='ltr'><strong><em>οντας</em></strong></span> <span class='ocrx_word' id='word_1_172' title='bbox 887 2434 1001 2557; x_wconf 62' lang='grc' dir='ltr'><strong><em>αρ’τούς</em></strong></span> <span class='ocrx_word' id='word_1_173' title='bbox 1025 2438 1264 2519; x_wconf 76' lang='grc' dir='ltr'><strong><em>διασκεδασθῆ-</em></strong></span> 
     </span>
     <span class='ocr_line' id='line_1_22' title="bbox 159 2531 1263 2623; baseline -0.002 -22"><span class='ocrx_word' id='word_1_174' title='bbox 159 2559 210 2601; x_wconf 90' lang='grc' dir='ltr'><strong><em>ναι</em></strong></span> <span class='ocrx_word' id='word_1_175' title='bbox 245 2535 420 2619; x_wconf 74' lang='grc' dir='ltr'><strong><em>ποιὴσωσι,</em></strong></span> <span class='ocrx_word' id='word_1_176' title='bbox 452 2561 504 2601; x_wconf 91' lang='grc' dir='ltr'><strong><em>και</em></strong></span> <span class='ocrx_word' id='word_1_177' title='bbox 545 2536 783 2623; x_wconf 87' lang='grc' dir='ltr'><strong><em>περιμείναντες</em></strong></span> <span class='ocrx_word' id='word_1_178' title='bbox 813 2539 872 2611; x_wconf 80' lang='grc' dir='ltr'><strong><em>ἕως</em></strong></span> <span class='ocrx_word' id='word_1_179' title='bbox 902 2531 941 2601; x_wconf 83' lang='grc' dir='ltr'><strong><em>άν</em></strong></span> <span class='ocrx_word' id='word_1_180' title='bbox 973 2534 1027 2601; x_wconf 80' lang='grc' dir='ltr'><strong><em>ε’πι</em></strong></span> <span class='ocrx_word' id='word_1_181' title='bbox 1061 2538 1263 2620; x_wconf 76' lang='grc' dir='ltr'><strong><em>παρεμβολῆς</em></strong></span> 
     </span>
     <span class='ocr_line' id='line_1_23' title="bbox 160 2637 1263 2723; baseline -0.002 -24"><span class='ocrx_word' id='word_1_182' title='bbox 160 2637 379 2719; x_wconf 71' lang='grc' dir='ltr'><strong><em>άδροισδοῖσι,</em></strong></span> <span class='ocrx_word' id='word_1_183' title='bbox 410 2639 548 2723; x_wconf 87' lang='grc' dir='ltr'><strong><em>μεγάλης</em></strong></span> <span class='ocrx_word' id='word_1_184' title='bbox 563 2642 662 2721; x_wconf 75' lang='grc' dir='ltr'><strong><em>’νίκης</em></strong></span> <span class='ocrx_word' id='word_1_185' title='bbox 690 2641 746 2702; x_wconf 84' lang='grc' dir='ltr'><strong><em>καί</em></strong></span> <span class='ocrx_word' id='word_1_186' title='bbox 766 2640 954 2722; x_wconf 85' lang='grc' dir='ltr'><strong><em>στρατηγίας</em></strong></span> <span class='ocrx_word' id='word_1_187' title='bbox 987 2638 1154 2719; x_wconf 77' lang='grc' dir='ltr'><strong><em>α’πέτυχον.</em></strong></span> <span class='ocrx_word' id='word_1_188' title='bbox 1197 2658 1263 2716; x_wconf 92' lang='grc' dir='ltr'><strong><em>μα-</em></strong></span> 
     </span>
     <span class='ocr_line' id='line_1_24' title="bbox 162 2734 1264 2824; baseline -0.005 -22"><span class='ocrx_word' id='word_1_189' title='bbox 162 2734 271 2813; x_wconf 74' lang='grc' dir='ltr'><strong><em>θόντες</em></strong></span> <span class='ocrx_word' id='word_1_190' title='bbox 293 2738 353 2824; x_wconf 89' lang='grc' dir='ltr'><strong><em>γάρ</em></strong></span> <span class='ocrx_word' id='word_1_191' title='bbox 380 2736 411 2802; x_wconf 87' lang='grc' dir='ltr'><strong><em>οἱ</em></strong></span> <span class='ocrx_word' id='word_1_192' title='bbox 432 2744 577 2821; x_wconf 85' lang='grc' dir='ltr'><strong><em>πολέμιοι</em></strong></span> <span class='ocrx_word' id='word_1_193' title='bbox 597 2741 630 2819; x_wconf 79' lang='grc' dir='ltr'><strong><em>ἐξ</em></strong></span> <span class='ocrx_word' id='word_1_194' title='bbox 650 2735 835 2803; x_wconf 73' lang='grc' dir='ltr'><strong><em>ἑαλωκότων</em></strong></span> <span class='ocrx_word' id='word_1_195' title='bbox 855 2740 949 2803; x_wconf 77' lang='grc' dir='ltr'><strong><em>τινῶν</em></strong></span> <span class='ocrx_word' id='word_1_196' title='bbox 971 2736 1024 2822; x_wconf 77' lang='grc' dir='ltr'><strong><em>τὴν</em></strong></span> <span class='ocrx_word' id='word_1_197' title='bbox 1041 2738 1086 2809; x_wconf 82' lang='grc' dir='ltr'><strong><em>εἷς</em></strong></span> <span class='ocrx_word' id='word_1_198' title='bbox 1102 2738 1264 2819; x_wconf 69' lang='lat' dir='ltr'><strong>Mopsue-</strong></span> 
     </span>
     <span class='ocr_line' id='line_1_25' title="bbox 160 2835 1264 2926; baseline -0.002 -25"><span class='ocrx_word' id='word_1_199' title='bbox 160 2837 253 2902; x_wconf 86' lang='grc' dir='ltr'><strong><em>στίαν</em></strong></span> <span class='ocrx_word' id='word_1_200' title='bbox 273 2840 336 2903; x_wconf 80' lang='grc' dir='ltr'><strong><em>τῶν</em></strong></span> <span class='ocrx_word' id='word_1_201' title='bbox 357 2836 523 2920; x_wconf 86' lang='grc' dir='ltr'><strong><em>Ῥωμαίων</em></strong></span> <span class='ocrx_word' id='word_1_202' title='bbox 544 2840 763 2926; x_wconf 73' lang='grc' dir='ltr'><strong><em>συνάθρσισιν,</em></strong></span> <span class='ocrx_word' id='word_1_203' title='bbox 783 2842 864 2923; x_wconf 80' lang='grc' dir='ltr'><strong><em>μηδὲ</em></strong></span> <span class='ocrx_word' id='word_1_204' title='bbox 886 2835 1003 2925; x_wconf 82' lang='grc' dir='ltr'><strong><em>μικρὸν</em></strong></span> <span class='ocrx_word' id='word_1_205' title='bbox 1026 2838 1264 2922; x_wconf 82' lang='grc' dir='ltr'><strong><em>ε’γχρονίσιιντες</em></strong></span> 
     </span>
    </p>
   </div>
   <div class='ocr_carea' id='block_1_3' title="bbox 193 3012 495 3071">
    <p class='ocr_par' dir='ltr' id='par_1_3' title="bbox 193 3012 495 3071">
     <span class='ocr_line' id='line_1_26' title="bbox 193 3012 495 3071; baseline 0.007 -6"><span class='ocrx_word' id='word_1_206' title='bbox 193 3053 198 3060; x_wconf 42' lang='lat'><em>1</em></span> <span class='ocrx_word' id='word_1_207' title='bbox 231 3013 257 3066; x_wconf 87' lang='lat'><strong><em>9.</em></strong></span> <span class='ocrx_word' id='word_1_208' title='bbox 278 3012 446 3071; x_wconf 78' lang='grc' dir='ltr'><strong><em>σελινιιείων</em></strong></span> <span class='ocrx_word' id='word_1_209' title='bbox 465 3015 495 3069; x_wconf 78' lang='lat' dir='ltr'><strong><em>G.</em></strong></span> 
     </span>
    </p>
   </div>
   <div class='ocr_carea' id='block_1_4' title="bbox 160 3196 1304 4337">
    <p class='ocr_par' dir='ltr' id='par_1_4' title="bbox 160 3196 1304 4337">
     <span class='ocr_line' id='line_1_27' title="bbox 162 3196 1263 3283; baseline -0.001 -35"><span class='ocrx_word' id='word_1_210' title='bbox 162 3205 234 3248; x_wconf 88' lang='lat' dir='ltr'><strong>retur</strong></span> <span class='ocrx_word' id='word_1_211' title='bbox 253 3196 313 3247; x_wconf 90' lang='lat' dir='ltr'><strong>duci</strong></span> <span class='ocrx_word' id='word_1_212' title='bbox 332 3196 492 3249; x_wconf 84' lang='lat' dir='ltr'><strong>Antiochiae</strong></span> <span class='ocrx_word' id='word_1_213' title='bbox 516 3196 679 3283; x_wconf 62' lang='lat' dir='ltr'><strong>chrotario,</strong></span> <span class='ocrx_word' id='word_1_214' title='bbox 699 3201 759 3251; x_wconf 85' lang='lat' dir='ltr'><strong>viro</strong></span> <span class='ocrx_word' id='word_1_215' title='bbox 776 3197 861 3250; x_wconf 91' lang='lat' dir='ltr'><strong>nobili</strong></span> <span class='ocrx_word' id='word_1_216' title='bbox 884 3205 911 3248; x_wconf 86' lang='lat' dir='ltr'><strong><em>et</em></strong></span> <span class='ocrx_word' id='word_1_217' title='bbox 929 3198 974 3265; x_wconf 92' lang='lat' dir='ltr'><strong>qui</strong></span> <span class='ocrx_word' id='word_1_218' title='bbox 1002 3196 1084 3247; x_wconf 89' lang='lat' dir='ltr'><strong>multa</strong></span> <span class='ocrx_word' id='word_1_219' title='bbox 1109 3197 1263 3249; x_wconf 67' lang='lat' dir='ltr'><strong>ostenderat</strong></span> 
     </span>
     <span class='ocr_line' id='line_1_28' title="bbox 161 3268 1279 3337; baseline 0 -18"><span class='ocrx_word' id='word_1_220' title='bbox 161 3270 267 3320; x_wconf 83' lang='lat' dir='ltr'><strong>virtutis</strong></span> <span class='ocrx_word' id='word_1_221' title='bbox 285 3283 349 3319; x_wconf 89' lang='lat' dir='ltr'><strong>suae</strong></span> <span class='ocrx_word' id='word_1_222' title='bbox 367 3270 445 3337; x_wconf 90' lang='lat' dir='ltr'><strong>signa</strong></span> <span class='ocrx_word' id='word_1_223' title='bbox 463 3277 541 3321; x_wconf 88' lang='lat' dir='ltr'><strong>antea</strong></span> <span class='ocrx_word' id='word_1_224' title='bbox 562 3279 588 3322; x_wconf 88' lang='lat' dir='ltr'><strong><em>et</em></strong></span> <span class='ocrx_word' id='word_1_225' title='bbox 607 3273 694 3324; x_wconf 86' lang='lat' dir='ltr'><strong>iussus</strong></span> <span class='ocrx_word' id='word_1_226' title='bbox 714 3279 772 3321; x_wconf 83' lang='lat' dir='ltr'><strong>erat</strong></span> <span class='ocrx_word' id='word_1_227' title='bbox 791 3278 869 3321; x_wconf 90' lang='lat' dir='ltr'><strong>antea</strong></span> <span class='ocrx_word' id='word_1_228' title='bbox 887 3284 902 3321; x_wconf 92' lang='lat' dir='ltr'><strong>a</strong></span> <span class='ocrx_word' id='word_1_229' title='bbox 920 3285 986 3337; x_wconf 91' lang='lat' dir='ltr'><strong>rege</strong></span> <span class='ocrx_word' id='word_1_230' title='bbox 1005 3269 1193 3335; x_wconf 85' lang='lat' dir='ltr'><strong>hlopsuestianr</strong></span> <span class='ocrx_word' id='word_1_231' title='bbox 1212 3268 1279 3319; x_wconf 92' lang='lat' dir='ltr'><strong>ad-</strong></span> 
     </span>
     <span class='ocr_line' id='line_1_29' title="bbox 161 3326 1263 3408; baseline -0.002 -15"><span class='ocrx_word' id='word_1_232' title='bbox 161 3341 254 3393; x_wconf 87' lang='lat' dir='ltr'><strong>venire</strong></span> <span class='ocrx_word' id='word_1_233' title='bbox 274 3356 350 3407; x_wconf 89' lang='lat' dir='ltr'><strong>quarn</strong></span> <span class='ocrx_word' id='word_1_234' title='bbox 368 3341 509 3392; x_wconf 82' lang='lat' dir='ltr'><strong>celerrime</strong></span> <span class='ocrx_word' id='word_1_235' title='bbox 529 3351 556 3393; x_wconf 93' lang='lat' dir='ltr'><strong><em>et</em></strong></span> <span class='ocrx_word' id='word_1_236' title='bbox 571 3359 629 3394; x_wconf 90' lang='lat' dir='ltr'><strong><em>cum</em></strong></span> <span class='ocrx_word' id='word_1_237' title='bbox 642 3344 731 3395; x_wconf 90' lang='lat' dir='ltr'><strong>Turcis</strong></span> <span class='ocrx_word' id='word_1_238' title='bbox 750 3326 812 3394; x_wconf 86' lang='lat' dir='ltr'><strong>inde</strong></span> <span class='ocrx_word' id='word_1_239' title='bbox 833 3340 1038 3408; x_wconf 80' lang='lat' dir='ltr'>procedentibus</span> <span class='ocrx_word' id='word_1_240' title='bbox 1052 3356 1144 3393; x_wconf 89' lang='lat' dir='ltr'><strong>manus</strong></span> <span class='ocrx_word' id='word_1_241' title='bbox 1165 3356 1263 3392; x_wconf 87' lang='lat' dir='ltr'><strong>conse-</strong></span> 
     </span>
     <span class='ocr_line' id='line_1_30' title="bbox 160 3409 1263 3473; baseline 0.001 -11"><span class='ocrx_word' id='word_1_242' title='bbox 160 3426 220 3462; x_wconf 85' lang='lat' dir='ltr'><strong>rere</strong></span> <span class='ocrx_word' id='word_1_243' title='bbox 239 3409 323 3473; x_wconf 88' lang='lat' dir='ltr'><strong>bello,</strong></span> <span class='ocrx_word' id='word_1_244' title='bbox 343 3427 401 3461; x_wconf 93' lang='lat' dir='ltr'><strong>curn</strong></span> <span class='ocrx_word' id='word_1_245' title='bbox 421 3414 499 3463; x_wconf 86' lang='lat' dir='ltr'><strong>etiam</strong></span> <span class='ocrx_word' id='word_1_246' title='bbox 509 3415 669 3467; x_wconf 81' lang='lat' dir='ltr'><strong>Armeniis</strong></span> <span class='ocrx_word' id='word_1_247' title='bbox 663 3432 689 3466; x_wconf 90' lang='lat' dir='ltr'><strong>ru</strong></span> <span class='ocrx_word' id='word_1_248' title='bbox 709 3414 842 3465; x_wconf 88' lang='lat' dir='ltr'><strong>montibus</strong></span> <span class='ocrx_word' id='word_1_249' title='bbox 856 3413 998 3466; x_wconf 80' lang='lat' dir='ltr'><strong>Seleuciae</strong></span> <span class='ocrx_word' id='word_1_250' title='bbox 1016 3412 1195 3464; x_wconf 78' lang='lat' dir='ltr'><strong>habitantibus</strong></span> <span class='ocrx_word' id='word_1_251' title='bbox 1213 3428 1263 3463; x_wconf 91' lang='lat' dir='ltr'><strong>an-</strong></span> 
     </span>
     <span class='ocr_line' id='line_1_31' title="bbox 162 3482 1265 3569; baseline 0.001 -37"><span class='ocrx_word' id='word_1_252' title='bbox 162 3490 205 3532; x_wconf 89' lang='lat' dir='ltr'><strong><em>tea</em></strong></span> <span class='ocrx_word' id='word_1_253' title='bbox 223 3482 379 3545; x_wconf 87' lang='lat' dir='ltr'><strong>imperatum</strong></span> <span class='ocrx_word' id='word_1_254' title='bbox 398 3492 479 3546; x_wconf 87' lang='lat' dir='ltr'><strong>esset,</strong></span> <span class='ocrx_word' id='word_1_255' title='bbox 498 3487 573 3537; x_wconf 90' lang='lat' dir='ltr'><strong>utin</strong></span> <span class='ocrx_word' id='word_1_256' title='bbox 593 3488 723 3569; x_wconf 82' lang='lat' dir='ltr'><strong>angustiis</strong></span> <span class='ocrx_word' id='word_1_257' title='bbox 743 3486 839 3537; x_wconf 88' lang='lat' dir='ltr'><strong>Turcas</strong></span> <span class='ocrx_word' id='word_1_258' title='bbox 858 3486 1069 3553; x_wconf 78' lang='lat' dir='ltr'><strong>aggrederentur</strong></span> <span class='ocrx_word' id='word_1_259' title='bbox 1089 3493 1115 3536; x_wconf 93' lang='lat' dir='ltr'><strong><em>et</em></strong></span> <span class='ocrx_word' id='word_1_260' title='bbox 1134 3490 1265 3536; x_wconf 80' lang='lat' dir='ltr'><strong>vexarent</strong></span> 
     </span>
     <span class='ocr_line' id='line_1_32' title="bbox 164 3553 1264 3619; baseline 0.002 -17"><span class='ocrx_word' id='word_1_261' title='bbox 164 3566 240 3619; x_wconf 89' lang='lat' dir='ltr'><strong>quarn</strong></span> <span class='ocrx_word' id='word_1_262' title='bbox 260 3560 371 3615; x_wconf 91' lang='lat' dir='ltr'><strong>possent</strong></span> <span class='ocrx_word' id='word_1_263' title='bbox 388 3553 511 3603; x_wconf 81' lang='lat' dir='ltr'><strong>maxime.</strong></span> <span class='ocrx_word' id='word_1_264' title='bbox 550 3558 648 3606; x_wconf 81' lang='lat' dir='ltr'><strong>etenim</strong></span> <span class='ocrx_word' id='word_1_265' title='bbox 665 3559 717 3608; x_wconf 89' lang='lat' dir='ltr'><strong>iter</strong></span> <span class='ocrx_word' id='word_1_266' title='bbox 738 3558 819 3608; x_wconf 86' lang='lat' dir='ltr'><strong>veriti</strong></span> <span class='ocrx_word' id='word_1_267' title='bbox 838 3558 928 3607; x_wconf 90' lang='lat' dir='ltr'><strong>hostes</strong></span> <span class='ocrx_word' id='word_1_268' title='bbox 958 3572 1016 3607; x_wconf 90' lang='lat' dir='ltr'><strong><em>cum</em></strong></span> <span class='ocrx_word' id='word_1_269' title='bbox 1041 3556 1208 3609; x_wconf 85' lang='lat' dir='ltr'><strong>audivissent</strong></span> <span class='ocrx_word' id='word_1_270' title='bbox 1231 3556 1264 3605; x_wconf 91' lang='lat' dir='ltr'><strong><em>de</em></strong></span> 
     </span>
     <span class='ocr_line' id='line_1_33' title="bbox 165 3621 1265 3692; baseline 0.001 -20"><span class='ocrx_word' id='word_1_271' title='bbox 165 3622 238 3688; x_wconf 87' lang='lat' dir='ltr'><strong>regis</strong></span> <span class='ocrx_word' id='word_1_272' title='bbox 270 3621 439 3686; x_wconf 84' lang='lat' dir='ltr'><strong>proiectione</strong></span> <span class='ocrx_word' id='word_1_273' title='bbox 464 3638 513 3687; x_wconf 93' lang='lat' dir='ltr'><strong><em>per</em></strong></span> <span class='ocrx_word' id='word_1_274' title='bbox 541 3624 682 3676; x_wconf 78' lang='lat' dir='ltr'><strong>Seleuciae</strong></span> <span class='ocrx_word' id='word_1_275' title='bbox 708 3636 812 3677; x_wconf 89' lang='lat' dir='ltr'><strong>montes</strong></span> <span class='ocrx_word' id='word_1_276' title='bbox 837 3628 951 3692; x_wconf 83' lang='lat' dir='ltr'><strong>profecti</strong></span> <span class='ocrx_word' id='word_1_277' title='bbox 977 3634 1051 3688; x_wconf 87' lang='lat' dir='ltr'><strong>sunt,</strong></span> <span class='ocrx_word' id='word_1_278' title='bbox 1084 3636 1110 3677; x_wconf 88' lang='lat' dir='ltr'><strong><em>et</em></strong></span> <span class='ocrx_word' id='word_1_279' title='bbox 1138 3628 1164 3675; x_wconf 90' lang='lat' dir='ltr'><strong>in</strong></span> <span class='ocrx_word' id='word_1_280' title='bbox 1192 3625 1265 3675; x_wconf 82' lang='lat' dir='ltr'><strong>Tarsi</strong></span> 
     </span>
     <span class='ocr_line' id='line_1_34' title="bbox 165 3691 1264 3762; baseline 0.002 -19"><span class='ocrx_word' id='word_1_281' title='bbox 165 3705 255 3757; x_wconf 87' lang='lat' dir='ltr'><strong>eampo</strong></span> <span class='ocrx_word' id='word_1_282' title='bbox 276 3691 494 3756; x_wconf 80' lang='lat' dir='ltr'><strong>conficiebantur,</strong></span> <span class='ocrx_word' id='word_1_283' title='bbox 509 3693 554 3744; x_wconf 90' lang='lat' dir='ltr'><strong>ubi</strong></span> <span class='ocrx_word' id='word_1_284' title='bbox 576 3694 607 3744; x_wconf 90' lang='lat' dir='ltr'><strong>ab</strong></span> <span class='ocrx_word' id='word_1_285' title='bbox 617 3696 750 3746; x_wconf 81' lang='lat' dir='ltr'><strong>Armeniis</strong></span> <span class='ocrx_word' id='word_1_286' title='bbox 763 3696 923 3762; x_wconf 84' lang='lat' dir='ltr'><strong>deprehensi</strong></span> <span class='ocrx_word' id='word_1_287' title='bbox 937 3697 1059 3762; x_wconf 88' lang='lat' dir='ltr'><strong>praedam</strong></span> <span class='ocrx_word' id='word_1_288' title='bbox 1078 3710 1181 3745; x_wconf 88' lang='lat' dir='ltr'><strong>omnem</strong></span> <span class='ocrx_word' id='word_1_289' title='bbox 1206 3694 1264 3745; x_wconf 85' lang='lat' dir='ltr'><strong>lere</strong></span> 
     </span>
     <span class='ocr_line' id='line_1_35' title="bbox 164 3764 1304 3843; baseline 0 -28"><span class='ocrx_word' id='word_1_290' title='bbox 164 3764 323 3815; x_wconf 85' lang='lat' dir='ltr'><strong>amiserunt:</strong></span> <span class='ocrx_word' id='word_1_291' title='bbox 348 3764 400 3829; x_wconf 92' lang='lat' dir='ltr'><strong>ipsi</strong></span> <span class='ocrx_word' id='word_1_292' title='bbox 419 3772 506 3814; x_wconf 90' lang='lat' dir='ltr'><strong>autem</strong></span> <span class='ocrx_word' id='word_1_293' title='bbox 526 3767 625 3816; x_wconf 88' lang='lat' dir='ltr'><strong>servati</strong></span> <span class='ocrx_word' id='word_1_294' title='bbox 645 3780 726 3832; x_wconf 89' lang='lat' dir='ltr'><strong>aegre</strong></span> <span class='ocrx_word' id='word_1_295' title='bbox 737 3766 966 3833; x_wconf 86' lang='lat' dir='ltr'><strong>persequebantur</strong></span> <span class='ocrx_word' id='word_1_296' title='bbox 978 3781 1091 3829; x_wconf 88' lang='lat' dir='ltr'><strong>cursum,</strong></span> <span class='ocrx_word' id='word_1_297' title='bbox 1103 3767 1187 3817; x_wconf 89' lang='lat' dir='ltr'><strong>donec</strong></span> <span class='ocrx_word' id='word_1_298' title='bbox 1200 3781 1264 3843; x_wconf 88' lang='lat' dir='ltr'><strong>per·</strong></span> <span class='ocrx_word' id='word_1_299' title='bbox 1285 3778 1304 3805; x_wconf 67' lang='lat' dir='ltr'><em>f</em></span> 
     </span>
     <span class='ocr_line' id='line_1_36' title="bbox 165 3834 1264 3920; baseline 0.002 -34"><span class='ocrx_word' id='word_1_300' title='bbox 165 3834 288 3886; x_wconf 90' lang='lat' dir='ltr'><strong>venirent</strong></span> <span class='ocrx_word' id='word_1_301' title='bbox 307 3849 356 3910; x_wconf 88' lang='lat' dir='ltr'><strong><em>per</em></strong></span> <span class='ocrx_word' id='word_1_302' title='bbox 368 3842 448 3885; x_wconf 86' lang='lat' dir='ltr'><strong>lotam</strong></span> <span class='ocrx_word' id='word_1_303' title='bbox 468 3835 589 3889; x_wconf 83' lang='lat' dir='ltr'><strong>Ciliciam</strong></span> <span class='ocrx_word' id='word_1_304' title='bbox 610 3844 637 3887; x_wconf 86' lang='lat' dir='ltr'><strong><em>et</em></strong></span> <span class='ocrx_word' id='word_1_305' title='bbox 649 3838 900 3920; x_wconf 81' lang='lat' dir='ltr'><strong>appropinquarent</strong></span> <span class='ocrx_word' id='word_1_306' title='bbox 920 3835 1032 3901; x_wconf 80' lang='lat' dir='ltr'><strong>Chalcpi</strong></span> <span class='ocrx_word' id='word_1_307' title='bbox 1053 3837 1157 3888; x_wconf 87' lang='lat' dir='ltr'><strong>finibus</strong></span> <span class='ocrx_word' id='word_1_308' title='bbox 1192 3852 1264 3888; x_wconf 82' lang='lat' dir='ltr'><strong>con-</strong></span> 
     </span>
     <span class='ocr_line' id='line_1_37' title="bbox 164 3906 1262 3977; baseline 0.001 -19"><span class='ocrx_word' id='word_1_309' title='bbox 164 3907 304 3958; x_wconf 86' lang='lat' dir='ltr'><strong>venientes</strong></span> <span class='ocrx_word' id='word_1_310' title='bbox 324 3906 411 3956; x_wconf 86' lang='lat' dir='ltr'><strong>aulem</strong></span> <span class='ocrx_word' id='word_1_311' title='bbox 429 3908 546 3958; x_wconf 89' lang='lat' dir='ltr'><strong>invicem</strong></span> <span class='ocrx_word' id='word_1_312' title='bbox 566 3908 656 3976; x_wconf 88' lang='lat' dir='ltr'><strong>etqui</strong></span> <span class='ocrx_word' id='word_1_313' title='bbox 675 3924 690 3959; x_wconf 93' lang='lat' dir='ltr'><strong>a</strong></span> <span class='ocrx_word' id='word_1_314' title='bbox 709 3924 774 3977; x_wconf 87' lang='lat' dir='ltr'><strong>rego</strong></span> <span class='ocrx_word' id='word_1_315' title='bbox 793 3909 866 3959; x_wconf 88' lang='lat' dir='ltr'><strong>missi</strong></span> <span class='ocrx_word' id='word_1_316' title='bbox 886 3916 998 3959; x_wconf 88' lang='lat' dir='ltr'><strong>crantet</strong></span> <span class='ocrx_word' id='word_1_317' title='bbox 1012 3908 1201 3961; x_wconf 81' lang='lat' dir='ltr'><strong>Antiochensis</strong></span> <span class='ocrx_word' id='word_1_318' title='bbox 1213 3924 1262 3959; x_wconf 83' lang='lat' dir='ltr'><strong><em>cx-</em></strong></span> 
     </span>
     <span class='ocr_line' id='line_1_38' title="bbox 165 3979 1262 4048; baseline 0.002 -19"><span class='ocrx_word' id='word_1_319' title='bbox 165 3979 262 4029; x_wconf 87' lang='lat' dir='ltr'><strong>ercitus</strong></span> <span class='ocrx_word' id='word_1_320' title='bbox 282 3993 341 4028; x_wconf 91' lang='lat' dir='ltr'><strong>cunr</strong></span> <span class='ocrx_word' id='word_1_321' title='bbox 360 3981 516 4029; x_wconf 90' lang='lat' dir='ltr'><strong>renunciato</strong></span> <span class='ocrx_word' id='word_1_322' title='bbox 535 3981 602 4031; x_wconf 89' lang='lat' dir='ltr'><strong>duce</strong></span> <span class='ocrx_word' id='word_1_323' title='bbox 621 3980 747 4031; x_wconf 87' lang='lat' dir='ltr'><strong>videbant</strong></span> <span class='ocrx_word' id='word_1_324' title='bbox 767 3980 857 4031; x_wconf 87' lang='lat' dir='ltr'><strong>hostes</strong></span> <span class='ocrx_word' id='word_1_325' title='bbox 882 3980 999 4032; x_wconf 88' lang='lat' dir='ltr'><strong>numeris</strong></span> <span class='ocrx_word' id='word_1_326' title='bbox 1024 3981 1178 4048; x_wconf 83' lang='lat' dir='ltr'><strong>quilursdam</strong></span> <span class='ocrx_word' id='word_1_327' title='bbox 1203 3995 1262 4033; x_wconf 93' lang='lat' dir='ltr'><strong><em>mo-</em></strong></span> 
     </span>
     <span class='ocr_line' id='line_1_39' title="bbox 165 4050 1262 4135; baseline 0.005 -34"><span class='ocrx_word' id='word_1_328' title='bbox 165 4050 230 4117; x_wconf 82' lang='lat' dir='ltr'><strong>dicis</strong></span> <span class='ocrx_word' id='word_1_329' title='bbox 249 4051 414 4117; x_wconf 86' lang='lat' dir='ltr'><strong>progredi,</strong></span> <span class='ocrx_word' id='word_1_330' title='bbox 407 4052 457 4135; x_wconf 79' lang='lat' dir='ltr'><strong>ipsi</strong></span> <span class='ocrx_word' id='word_1_331' title='bbox 478 4053 546 4118; x_wconf 89' lang='lat' dir='ltr'><strong>apud</strong></span> <span class='ocrx_word' id='word_1_332' title='bbox 565 4052 657 4103; x_wconf 89' lang='lat' dir='ltr'><strong>nrhcm</strong></span> <span class='ocrx_word' id='word_1_333' title='bbox 676 4053 891 4118; x_wconf 86' lang='lat' dir='ltr'><strong>hlopsuestiam&#39;</strong></span> <span class='ocrx_word' id='word_1_334' title='bbox 885 4054 917 4104; x_wconf 84' lang='lat' dir='ltr'><strong><em>ris</em></strong></span> <span class='ocrx_word' id='word_1_335' title='bbox 938 4052 1109 4105; x_wconf 87' lang='lat' dir='ltr'><strong>insidiantes:</strong></span> <span class='ocrx_word' id='word_1_336' title='bbox 1136 4054 1262 4105; x_wconf 86' lang='lat' dir='ltr'><strong>emitten-</strong></span> 
     </span>
     <span class='ocr_line' id='line_1_40' title="bbox 163 4124 1262 4209; baseline 0.003 -37"><span class='ocrx_word' id='word_1_337' title='bbox 163 4130 202 4173; x_wconf 88' lang='lat' dir='ltr'><strong><em>tes</em></strong></span> <span class='ocrx_word' id='word_1_338' title='bbox 221 4129 308 4171; x_wconf 87' lang='lat' dir='ltr'><strong>autem</strong></span> <span class='ocrx_word' id='word_1_339' title='bbox 333 4124 503 4173; x_wconf 86' lang='lat' dir='ltr'><strong>occasionem</strong></span> <span class='ocrx_word' id='word_1_340' title='bbox 523 4138 570 4175; x_wconf 88' lang='lat' dir='ltr'><strong><em>eos</em></strong></span> <span class='ocrx_word' id='word_1_341' title='bbox 589 4126 763 4192; x_wconf 85' lang='lat' dir='ltr'><strong>aggrediendi</strong></span> <span class='ocrx_word' id='word_1_342' title='bbox 782 4132 921 4209; x_wconf 75' lang='lat' dir='ltr'><strong>praetextu</strong></span> <span class='ocrx_word' id='word_1_343' title='bbox 941 4139 975 4174; x_wconf 91' lang='lat' dir='ltr'><strong><em>ne</em></strong></span> <span class='ocrx_word' id='word_1_344' title='bbox 983 4136 1100 4190; x_wconf 84' lang='lat' dir='ltr'><strong>&#39;sparsos</strong></span> <span class='ocrx_word' id='word_1_345' title='bbox 1125 4140 1154 4176; x_wconf 84' lang='lat' dir='ltr'><strong><em>se</em></strong></span> <span class='ocrx_word' id='word_1_346' title='bbox 1180 4127 1262 4177; x_wconf 87' lang='lat' dir='ltr'><strong>dissi-</strong></span> 
     </span>
     <span class='ocr_line' id='line_1_41' title="bbox 163 4194 1262 4261; baseline 0.004 -20"><span class='ocrx_word' id='word_1_347' title='bbox 163 4194 218 4257; x_wconf 88' lang='lat' dir='ltr'><strong>pari</strong></span> <span class='ocrx_word' id='word_1_348' title='bbox 238 4201 409 4259; x_wconf 88' lang='lat' dir='ltr'><strong>paterentur,</strong></span> <span class='ocrx_word' id='word_1_349' title='bbox 432 4203 459 4245; x_wconf 89' lang='lat' dir='ltr'><strong><em>et</em></strong></span> <span class='ocrx_word' id='word_1_350' title='bbox 478 4204 679 4261; x_wconf 81' lang='lat' dir='ltr'><strong>exspectantes,</strong></span> <span class='ocrx_word' id='word_1_351' title='bbox 709 4198 826 4248; x_wconf 89' lang='lat' dir='ltr'><strong>donce</strong></span> <span class='ocrx_word' id='word_1_352' title='bbox 820 4212 847 4247; x_wconf 88' lang='grc' dir='ltr'><strong><em>ιιι</em></strong></span> <span class='ocrx_word' id='word_1_353' title='bbox 867 4204 952 4249; x_wconf 86' lang='lat' dir='ltr'><strong>eastra</strong></span> <span class='ocrx_word' id='word_1_354' title='bbox 978 4199 1063 4248; x_wconf 89' lang='lat' dir='ltr'><strong>coacti</strong></span> <span class='ocrx_word' id='word_1_355' title='bbox 1084 4204 1183 4260; x_wconf 88' lang='lat' dir='ltr'><strong>essent,</strong></span> <span class='ocrx_word' id='word_1_356' title='bbox 1204 4212 1262 4245; x_wconf 76' lang='lat' dir='ltr'><strong>rna·-</strong></span> 
     </span>
     <span class='ocr_line' id='line_1_42' title="bbox 166 4265 1262 4337; baseline 0.003 -22"><span class='ocrx_word' id='word_1_357' title='bbox 166 4276 240 4328; x_wconf 69' lang='grc' dir='ltr'><strong><em>ματα</em></strong></span> <span class='ocrx_word' id='word_1_358' title='bbox 259 4265 395 4317; x_wconf 87' lang='lat' dir='ltr'><strong>victoriam</strong></span> <span class='ocrx_word' id='word_1_359' title='bbox 415 4274 442 4318; x_wconf 89' lang='lat' dir='ltr'><strong><em>et</em></strong></span> <span class='ocrx_word' id='word_1_360' title='bbox 461 4268 657 4334; x_wconf 83' lang='lat' dir='ltr'><strong>expeditionem</strong></span> <span class='ocrx_word' id='word_1_361' title='bbox 677 4268 857 4335; x_wconf 87' lang='lat' dir='ltr'><strong>perdiderunt.</strong></span> <span class='ocrx_word' id='word_1_362' title='bbox 896 4282 954 4321; x_wconf 80' lang='lat' dir='ltr'><strong><em>cum</em></strong></span> <span class='ocrx_word' id='word_1_363' title='bbox 974 4269 1043 4321; x_wconf 86' lang='lat' dir='ltr'><strong>enim</strong></span> <span class='ocrx_word' id='word_1_364' title='bbox 1069 4267 1262 4337; x_wconf 81' lang='lat' dir='ltr'><strong>cognovissent</strong></span> 
     </span>
    </p>
   </div>
   <div class='ocr_carea' id='block_1_5' title="bbox 0 0 1518 4892">
    <p class='ocr_par' dir='ltr' id='par_1_5' title="bbox 0 0 1518 4892">
     <span class='ocr_line' id='line_1_43' title="bbox 0 0 1518 4892; baseline 0 0"><span class='ocrx_word' id='word_1_365' title='bbox 0 0 1518 4892; x_wconf 95' lang='lat' dir='ltr'><strong><em> </em></strong></span> 
     </span>
    </p>
   </div>
  </div>
 </body>
</html>
