3017 4892
582 360 792 431 nisaeus,
951 316 959 329 ’
1162 347 1238 432 'toa

128 529 199 599 εἴτε
213 538 343 617 σημεῖον
363 532 421 599 ούκ
443 531 566 616 α’γαδδν
579 530 733 621 ἐπεφάνη,
756 531 875 620 πολλὴν
888 538 1052 601 δπσιούνπσ
1064 534 1123 619 τὴν
1143 532 1239 618 ἔρευ-

127 660 191 701 ναν
213 636 269 698 καί
287 631 343 715 τὴν
365 636 504 719 ζήτησιν,
522 634 566 718 μή
590 632 652 699 πού
675 661 705 701 τι
720 639 785 701 τάν
806 627 939 701 δεόντων
960 636 1015 701 κατ’
1036 635 1238 717 ἁρμοζόντων

127 733 352 820 παρελείφθη,
382 728 401 815 ἢ
436 740 594 817 παρθένος
623 738 657 801 ἐκ
677 740 741 801 τοῖν
768 740 996 823 φυλαττουσῶν
1026 736 1060 801 τὸ
1080 738 1238 801 ἀθάνατον

128 838 194 919 πύρ
219 831 277 916 την
289 823 471 920 ’παρθενίαν
488 836 620 921 ε’κλύπη,
639 830 660 920 ἢ
676 842 877 921 παρανομίας
891 834 1042 921 ἐπράχθη
1059 836 1238 918 σ’νείδισμα,

97 936 187 1003 buci
207 936 307 1017 χόλος·
325 939 473 1003 ἐντεῦθεν
496 942 582 1011 θεῖος
604 946 670 1013 τοῖς
687 937 859 1020 Ῥωμαίοις
879 936 1051 1005 ε’παπειλεί.
1096 942 1150 1002 καί
1171 939 1239 1001 διε-

129 1034 323 1121 ρευνώμενοι
355 1034 503 1114 πολλάκις
524 1032 672 1121 εύρισκον
696 1036 766 1127 τάς,
788 1040 850 1104 τῶν
872 1034 1087 1122 άτσπημάτοσν
1111 1042 1240 1113 αἰτίας·

129 1137 188 1202 καί
212 1137 439 1219 διορθούμενοι
459 1135 598 1220 ταύτας,
629 1143 683 1204 καί
703 1137 737 1204 τὸ
763 1145 862 1212 θεῖον,
875 1142 1139 1222 ε’ξευμενίσασδαι
1159 1147 1239 1225 πλη-

132 1237 386 1324 ροφορηδέντες,
416 1237 494 1321 μετά
526 1238 674 1325 τοιαύτης
703 1241 908 1325 παρασκευῆς
937 1238 998 1306 καί
1028 1237 1171 1324 θάρσους
1192 1243 1268 1319 alul.
1286 1258 1373 1316 δοες.

133 1338 208 1414 τούς
231 1341 396 1421 πολέμους
409 1342 562 1427 ἐχώρουν,
579 1345 639 1407 ’καί
660 1342 846 1433 κατάρδουν
867 1339 995 1422 αύτούς,
1015 1338 1070 1416 ἐπί
1089 1340 1238 1424 μεγάλοις

86 1452 122 1506 10
131 1445 296 1525 τροπαίοις
310 1442 368 1518 τάς
384 1446 473 1518 νίκας
487 1445 680 1527 ἐπαίροντες.
703 1442 774 1508 ε’πεί
786 1439 842 1507 καί
859 1443 952 1507 τούτο
972 1451 1038 1518 τοῖς
1055 1452 1239 1526 στρατηγοῖς

133 1541 187 1606 διά
213 1536 355 1627 σπουδῆς
382 1543 438 1612 καί
467 1548 634 1635 φροντίδος
656 1546 791 1628 ε’γίνετο,
823 1544 859 1609 ιδ
882 1542 1052 1627 καθαρμὸν
1075 1542 1238 1608 ποιεῖσθαι

131 1646 172 1731 τῇ
193 1649 325 1733 στρατιᾷ
347 1645 466 1719 παντὸς
490 1645 684 1726 ἀδικήματος
705 1647 762 1708 καί
783 1640 1002 1730 ῥυποὶσμαεος,
1023 1649 1079 1709 καί
1097 1640 1179 1724 μετά
1201 1642 1237 1707 εδ

133 1748 279 1827 καθῆραι
300 1745 419 1830 ταύτην
440 1744 475 1810 τὸ
499 1741 758 1829 προκινδυνεύειν
782 1748 837 1828 τῆς
867 1749 1019 1828 πατρίδος
1041 1737 1170 1825 άμετνσν
1190 1737 1260 1808 εἶ,-

132 1868 186 1908 ναι
208 1846 429 1925 διελογίζοντο.
482 1850 545 1920 τοῖς
578 1848 613 1909 δὲ
647 1851 703 1910 νύν
729 1843 899 1925 Ῥωμαίοις
927 1847 1020 1911 οὐδὲν
1045 1847 1164 1919 τούτων
1184 1843 1239 1909 διά

90 1953 123 2006 15
134 1945 301 2029 φροντίδος
332 1947 439 2025 ἐστίν,
472 1948 541 2009 ἀλλ’
574 1942 603 2009 οἱ
623 1949 682 2026 μὲν
713 1945 851 2029 ἀρχηγοὶ
876 1944 997 2011 τούτων
1024 1946 1079 2010 καί
1098 1951 1240 2027 βασιλεῖς

135 2042 298 2127 προφάσει
322 2045 519 2129 δημοσιακῆς
540 2048 697 2133 ω’φελείας
720 2046 761 2109 τά
788 2052 934 2129 χείριστα
954 2050 1009 2111 καί
1021 2048 1167 2129 ’θεομισῆ
1185 2047 1242 2109 καί

135 2146 306 2234 παράνομα
338 2144 606 2232 διαπράττονται,
638 2144 654 2210 ὅ
687 2150 721 2211 δὲ
747 2149 806 2211 τού
838 2152 974 2230 στρατοῦ
1007 2143 1240 2232 προηγούμενος

133 2243 178 2328 μή
202 2252 407 2329 προσανέχειν
430 2249 474 2335 τῷ
498 2239 635 2338 πολέμῳ,
658 2251 740 2333 μηδὲ
763 2251 803 2335 τῇ
825 2252 956 2333 πατρίδι
977 2252 1083 2331 νέμειν
1104 2245 1143 2311 τά
1159 2244 1239 2311 ύσια
1299 2264 1308 2275 ‘

133 2346 394 2428 προαιρούμενος,
418 2350 473 2412 καί
490 2346 548 2433 την
563 2352 603 2415 ·ε’κ
625 2352 679 2433 τῆς
700 2351 787 2435 νίκης
809 2345 904 2427 δόξαν
927 2350 1140 2435 περιφρονῶν,
1159 2343 1239 2429 πρὸς

91 2444 168 2515 abab
194 2448 370 2529 κερδαίνειν
391 2442 460 2513 ὅλον
483 2444 600 2515 ἑαυτὸν
624 2450 782 2527 ἐπιτείνει,
810 2453 866 2513 καί
885 2446 941 2533 τήν
963 2447 1157 2535 στρατηγίαν
1179 2449 1239 2526 ἐμω

136 2550 248 2629 πυρίαν
271 2550 419 2631 κέρδους,
455 2542 713 2634 ούκεύπραγιάν
733 2553 789 2615 τοῦ
811 2551 895 2614 ι’δίσυ
920 2548 1034 2638 ἔθνους
1055 2549 1124 2611 ούδ’
1143 2546 1238 2610 εύδσ-
1267 2577 1272 2584 ·
1318 2598 1325 2614 ,

136 2648 205 2722 ξιαν
228 2650 408 2733 πεποίηται.
453 2650 487 2716 τύ
513 2651 548 2714 δὲ
572 2650 680 2715 λοιπὸν
699 2655 830 2735 πλῆθος,
853 2654 887 2716 ε’κ
910 2644 971 2717 τάν
993 2649 1158 2734 ἡγεμόνων
1178 2646 1236 2722 τοὶς

138 2745 286 2831 α’φορμάς
307 2752 488 2836 λαμβάνον,
510 2747 568 2827 τάς
601 2751 725 2825 ἀδικίας
747 2750 943 2827 οἷκαθίκτους
964 2799 974 2817 .
996 2798 1006 2816 .
1030 2799 1039 2815 .
1073 2753 1128 2814 καί
1146 2750 1238 2814 ἀναι-

141 3055 240 3107 tionem
262 3054 519 3123 inquisitionemque
536 3070 571 3107 ne
593 3055 654 3123 qnid
674 3054 822 3107 necessarii
842 3061 869 3105 et
886 3053 941 3121 apti
960 3051 1159 3121 negligeretur,
1178 3051 1237 3104 aive

141 3128 218 3196 virgo
239 3143 272 3179 ex
299 3127 342 3190 iis,
363 3142 430 3195 quae
454 3127 639 3180 custodiebant
662 3136 799 3179 aeternnm
826 3127 924 3195 ignem,
954 3124 1109 3193 virginitate
1133 3124 1238 3188 privata

142 3198 200 3262 luit,
221 3200 280 3250 sive'
300 3198 389 3268 legum
409 3198 593 3268 neglectarum
614 3198 684 3252 facta
704 3207 761 3252 erat
772 3197 919 3268 ignominia
938 3204 965 3247 et
982 3197 1022 3247 ira
1039 3195 1102 3246 iude
1112 3194 1238 3246 Romanis

143 3269 230 3322 divina
254 3270 412 3322 minabatur.
434 3279 479 3321 =et
505 3280 665 3340 quaerentes
686 3284 879 3339 saepenumero
907 3267 1080 3320 inveniebant
1107 3267 1237 3333 iniquita.

141 3350 192 3392 tum
211 3356 304 3395 causas
319 3351 346 3393 et
364 3345 530 3411 corrigentes
565 3360 610 3396 aas
631 3354 711 3412 atque
729 3360 760 3396 se
779 3358 877 3395 numen
895 3341 1014 3394 (livinum
1032 3339 1155 3406 placasse
1172 3353 1238 3404 per.

142 3426 244 3463 auaaum
264 3413 392 3464 habentes
411 3430 469 3465 cum
487 3416 535 3468 tali
554 3424 680 3482 apparatu
701 3424 729 3465 et
746 3417 835 3467 animo
854 3416 881 3465 in
900 3410 973 3464 bella
991 3412 1101 3463 ibantet
1120 3408 1237 3461 feliciter

143 3481 269 3549 gerebant
288 3500 335 3546 ca,
357 3486 459 3551 magnis
478 3488 597 3552 tropaeis
615 3487 743 3538 victorias
762 3487 906 3537 tollentes:
925 3483 1137 3553 quandoquidem
1159 3482 1237 3532 etiam

143 3553 192 3603 boc
211 3552 322 3603 ducibus
341 3555 428 3605 studio
451 3564 477 3606 et
497 3572 576 3607 curae
596 3556 664 3619 suit,
683 3564 713 3607 ut
732 3559 911 3624 expiationem
930 3557 1102 3607 instituerent
1128 3553 1236 3604 exerci-

143 3625 179 3673 tui
198 3625 283 3675 omnis
302 3624 418 3674 iniuriae
438 3633 465 3675 et
483 3627 715 3677 contaminationis
736 3635 763 3677 et
783 3630 890 3693 expiato
917 3616 969 3676 hoc
991 3639 1163 3691 propugnare
1187 3637 1236 3689 pro

144 3695 225 3761 patria
244 3694 340 3746 melius
360 3709 419 3747 esse
442 3695 581 3746 ducebant.
621 3696 757 3747 hodiernis
780 3706 868 3747 autem
895 3696 1020 3746 Romanis
1044 3694 1113 3744 nihil
1143 3694 1237 3758 borum

144 3780 221 3817 curae
241 3774 298 3817 eat:
320 3765 367 3817 sed
385 3766 473 3817 duces·
484 3766 588 3834 quidem
607 3766 700 3817 horum
713 3767 953 3835 -regeaquespecie
974 3764 1099 3832 publicae
1113 3764 1237 3817 utilitatis

123 3837 253 3903 ,pessima
274 3844 301 3888 et
318 3837 368 3889 deo
388 3838 477 3889 invisa
494 3845 521 3890 et
546 3837 686 3906 illegitima
705 3839 862 3905 perficiunt:
882 3838 1016 3901 exercitus
1035 3844 1123 3887 antem
1149 3836 1237 3903 impe.

143 3916 209 3959 rator
229 3924 282 3960 non
302 3908 444 3961 intendens
462 3911 576 3960 animum
598 3907 672 3959 bello
691 3925 781 3978 neque
799 3908 902 3976 patriae
919 3906 1039 3960 tribuere
1058 3908 1128 3959 iusta
1154 3908 1236 3959 satius

143 3981 238 4033 ducens
262 3988 289 4031 et
307 3980 421 4048 gloriam
440 3982 570 4032 victoriae
588 3979 731 4049 negligens
749 3982 782 4032 ad
805 3980 907 4032 lucrum
926 3996 956 4032 se
974 3988 1057 4033 totum
1075 3980 1192 4031 advertit
1210 3987 1238 4030 et

143 4052 283 4119 imperium·
297 4061 472 4103 mercaturam
491 4051 569 4116 lucri,
588 4067 642 4104 non
662 4054 793 4105 fortunam
812 4054 854 4105 sui
885 4052 980 4120 populi
1003 4067 1093 4120 neque
1120 4051 1235 4118 glorium

142 4125 327 4176 reddiderunt:
347 4123 453 4192 reliqua
471 4132 559 4175 antem
578 4125 727 4189 multitudo,
746 4139 762 4176 a
780 4123 892 4177 ducibus
911 4126 989 4191 copia
1014 4125 1099 4189 iacta,
1124 4125 1236 4175 iniurias

142 4195 277 4249 indomitas
298 4196 437 4247 committit
458 4203 485 4247 et
502 4198 648 4264 impudenti
665 4198 766 4264 impetu
784 4204 913 4264 cognatos
940 4195 1010 4247 male
1037 4204 1064 4247 et
1091 4195 1236 4246 crudeliter
1260 4199 1273 4228 ἕ

142 4267 316 4337 persequitur,
336 4258 459 4336 rapiensx
473 4276 500 4321 et
525 4270 651 4323 evincens
676 4266 745 4337 quae
770 4268 813 4321 bis
830 4275 893 4320 aunt
911 4269 1038 4336 propria,
1066 4276 1094 4319 et
1120 4267 1236 4320 hostiurn
