3017 4892
629 340 838 413 aaronis.
1203 342 1279 416 νει
1378 436 1382 441 ,

179 534 241 578 σαν
261 512 327 596 γῆς.
370 509 392 595 ἢ
411 509 470 595 γόρ
494 508 614 593 Ἰβηρία
636 511 753 593 κυρίως
773 504 827 572 καί
846 503 926 590 adra}
951 505 1183 591 ἧΚιλτιβηρία
1202 505 1284 593 πρός

178 612 218 682 τοὶ
239 611 377 695 δυσμικό
411 614 493 696 μέρη
522 612 575 694 τῆς
591 608 722 693 Ῥοόμης
748 605 939 692 διάκεινται,
961 605 1041 692 πρός
1060 603 1118 671 τόν
1138 602 1284 694 ἑσπέριον
1323 616 1328 625 “

179 710 326 799 οόκεανόν,
347 707 417 798 ἥτις
441 714 497 777 νόν
515 712 659 777 Ἱσπανίοι
680 709 951 795 κατωνομάζεται.
995 710 1051 793 τῆς
1067 708 1198 793 Ῥοόμης
1218 707 1281 795 γόρ

178 812 261 901 δπὲρ
281 813 338 900 την
357 815 494 881 Ἰταλίαν
514 814 656 896 κειμένης
668 812 705 877 τό
725 814 785 894 μέν
805 810 886 897 πρός
905 805 993 896 ἥλιον
1007 808 1180 893 ἀνίσχοντα
1200 812 1283 895 μέρη

150 908 245 982 5όίυω
257 920 287 982 Γ
285 920 393 1001 αλλιάι
415 911 665 996 διονομόζονιαι,
685 910 724 977 τό
748 916 784 977 δὲ
799 912 879 996 πρός
898 907 988 995 ἥλιον
1011 912 1148 976 δόνοντα
1167 912 1283 994 μέχρις

168 1008 315 1085 ’Ἀλπεων
349 1014 433 1100 όριόν
459 1008 561 1095 κότον,
592 1007 671 1075 όπόυ
692 1015 749 1077 νόν
773 1012 792 1097 ἧ
816 1014 975 1095 Νιμιτζία
997 1014 1204 1097 γνωρίζεται,
1226 1006 1282 1077 τόν

176 1115 260 1184 ἴδιον
289 1108 430 1201 όιρχυντα
457 1113 541 1202 ῥῆγα
562 1114 835 1195 κατονομόζουσα.
889 1112 928 1179 τό
959 1116 995 1178 δέ
1016 1114 1097 1198 πρός
1127 1107 1282 1199 ἐγκάρσιαι

176 1222 259 1303 μέρη
282 1218 344 1285 τόν
361 1209 506 1285 ”Alaeus
541 1213 584 1291 ἀς
605 1212 686 1299 πρός
713 1212 805 1281 νότον
825 1209 905 1299 όχρι
935 1218 993 1280 τοό
1014 1209 1159 1298 έσπεριόν
1180 1212 1283 1279 ω’κια-

177 1322 235 1382 νυό
257 1319 376 1403 Ἰβηριά
406 1319 460 1382 καί
482 1317 679 1403 Κελτιβηρία
702 1318 861 1400 ἐλέγοντο,
883 1318 946 1381 τόν
973 1312 1160 1400 εἰσρεόντων
1181 1317 1282 1381 έκεῖσι
1310 1320 1312 1324 ’

131 1434 167 1489 10
177 1422 330 1501 ποταμυόν
351 1422 389 1509 τῇ
407 1415 501 1509 χοόρηι
521 1421 749 1504 χαρισαμένων
771 1416 862 1483 τουτί
881 1417 916 1483 τό
941 1410 1053 1500 όνομα.
1076 1420 1200 1481 ἐκεῖθεν
1218 1418 1280 1498 γάρ

175 1520 231 1586 τόν
252 1524 312 1602 μὲν
332 1518 525 1603 βουλόμενον
545 1518 603 1603 τη“ν
629 1522 691 1599 μὲν
712 1522 947 1604 παρακειμένην
974 1516 1073 1600 σίντην
1093 1517 1282 1600 παραπλεῖ-

173 1644 229 1687 σαι
251 1620 330 1705 πρός
352 1619 408 1695 τός
429 1619 515 1684 κάτω
538 1620 676 1694 Γαλλίας
698 1614 714 1679 ό
736 1622 798 1683 τοόν
814 1618 1012 1702 Ἡρακλείων
1036 1619 1157 1701 στηλοόν
1176 1619 1281 1700 πορθ·
1315 1634 1319 1640 ·

173 1719 235 1803 μός
257 1724 433 1803 ἐκδέχεται,
454 1717 510 1784 τόν
534 1720 569 1783 δέ
589 1715 668 1803 πρός
690 1716 865 1798 ἀνατολός,
887 1720 1038 1802 ἐνδοτέρω
1063 1716 1206 1802 δηλονότι
1226 1719 1281 1801 τῆς

173 1820 284 1907 χοόρας
305 1820 559 1900 όπεκτιιυομένου
579 1822 635 1885 τοῦ
657 1823 816 1904 αἰγιαλοῦ,
839 1819 919 1902 πρός
939 1815 977 1884 τό
998 1820 1082 1902 μέρη
1100 1823 1163 1883 τάν
1176 1822 1281 1904 Βροτ-

48 1982 50 1987 .
130 1924 312 1995 15τανικοόν
334 1916 437 2006 ιη’σων
455 1922 633 2006 καθοδηγεῖ
649 1920 704 1986 καί
723 1910 946 2008 προτρέπεται.
974 1922 1018 2005 τῷ
1040 1920 1077 1983 δέ
1098 1923 1280 2009 βουλομένην

173 2021 254 2107 πρός
273 2020 330 2098 τός
359 2026 420 2087 τοόν
442 2019 612 2107 Μακάρων
638 2023 753 2107 νήσους
780 2022 903 2107 ἀπᾶραι
931 2019 948 2085 ό
969 2018 1132 2093 ἀπόπλους
1155 2019 1279 2105 ἀχανὴς

171 2128 413 2209 παρατείνεται·
467 2124 624 2205 ἀπέχουσι
642 2121 702 2207 γάρ
725 2126 783 2208 τῆς
804 2126 859 2208 γῆς
880 2125 998 2205 μέτρον
1018 2124 1133 2203 μιλίων
1152 2122 1278 2205 χιλίων.

172 2227 229 2289 δόο
252 2228 287 2290 δέ
309 2222 343 2289 αἱ
364 2227 451 2310 νῆσοι
475 2225 563 2305 εἰσίν,
586 2219 623 2288 οὗ
644 2223 723 2289 πολὺ
744 2223 888 2307 ἀλλήλων
912 2223 1101 2307 ἀπέχουσαι,
1123 2223 1280 2289 παντοίων

178 2327 311 2410 ἀγαθοῖν
332 2330 388 2392 καί
407 2325 556 2391 ποικιλων
579 2328 726 2410 διηνεκοῦς
746 2322 939 2411 βρίθουσαν,
957 2326 1013 2389 καί
1033 2322 1112 2389 πόαν
1133 2320 1281 2407 μαλακίην

130 2428 229 2503 douai
248 2426 354 2514 εόοόδη
379 2430 420 2493 δι’
442 2424 518 2513 όλρυ
550 2430 606 2494 τοῦ
629 2424 718 2505 ένους
741 2429 931 2515 τρέφουσαι.
974 2428 1192 2515 ἀπῳκισμέναι
1215 2421 1279 2509 γάρ

172 2521 268 2594 οάσαι
290 2533 344 2613 τῆς
367 2532 517 2613 κοσμικῆς
541 2530 637 2612 ίλόος,
662 2533 715 2595 καί
739 2533 799 2615 τῆς
816 2532 872 2594 τοῦ
892 2530 987 2614 ἀέρος
1008 2526 1185 2612 ἐπιμιξίας,
1207 2522 1279 2610 ἥτις
1387 2597 1390 2602 ,

171 2632 205 2693 έκ
226 2632 290 2694 τοόν
311 2629 479 2713 δυσόδμων
499 2632 557 2716 τῆς
583 2633 640 2715 γῆς
662 2630 798 2714 αάχμοόν
822 2632 1007 2714 έπιγίνιται,
1030 2624 1101 2711 οὔδ’
1121 2624 1201 2704 όλως
1221 2648 1279 2709 με.

171 2727 447 2818 ταλαμβόυουοαι,
479 2732 694 2816 ὑγιεινότατον
715 2735 772 2796 καί
801 2724 923 2798 όλυπον
941 2738 1007 2809 τοῖς
1024 2732 1124 2797 treme
1146 2726 1276 2815 daupei·
1302 2808 1309 2819 .

251 2900 294 2954 13.
317 2897 348 2955 τό
373 2900 402 2955 G.
434 2856 442 2867 Ι
496 2897 538 2954 14.
559 2902 795 2975 ἐπεκτεινόμενον
814 2901 844 2956 (l.

172 3048 211 3100 sic
232 3046 340 3112 dicitur,
363 3055 389 3101 et
407 3048 465 3116 ipsa
478 3048 624 3104 Celtiberia
641 3051 674 3103 ad
690 3050 871 3104 occidentales
891 3056 979 3117 partes
998 3049 1099 3103 Romae
1117 3048 1185 3102 sitae
1204 3056 1276 3115 sunt,

171 3120 203 3171 ud
222 3120 390 3173 occidentale
414 3137 504 3185 mare,
534 3138 602 3191 quae
630 3124 735 3191 quidem
762 3139 834 3175 nunc
859 3122 986 3189 Hispania
1011 3128 1131 3175 vocatur.
1175 3119 1275 3173 Romae

171 3193 239 3242 onim
259 3208 337 3260 supra
358 3192 461 3245 ltaliam
481 3196 549 3246 sitae
575 3210 623 3247 eae
642 3202 747 3262 partes,
770 3211 840 3265 quae
865 3195 898 3247 ad
925 3194 1010 3247 solem
1030 3194 1169 3246 cadentem
1190 3206 1275 3261 usque

170 3262 202 3314 ad
222 3263 307 3331 Alpes
325 3273 440 3330 montes,
461 3265 548 3321 Gallia
567 3266 689 3331 inferior,
709 3268 753 3319 ubi
773 3284 844 3320 nunc
862 3264 994 3320 Nemitaia
1014 3264 1203 3334 cognoscitur,
1223 3264 1275 3317 du-

143 3356 145 3365 »
171 3350 228 3385 cem
247 3350 433 3404 suumregem
459 3339 615 3391 nominans:
643 3355 711 3407 quae
735 3348 822 3391 autem
848 3339 882 3391 ad
910 3338 1032 3407 obliquas
1056 3345 1147 3405 partes
1165 3334 1275 3404 Alpium

171 3406 247 3471 quasi
266 3421 281 3457 a
302 3414 378 3476 tergo
399 3410 450 3460 sita
468 3419 529 3463 sunt
548 3426 632 3478 usque
651 3411 684 3463 ad
706 3411 875 3463 occidentale
893 3425 975 3474 mare,
994 3409 1082 3461 iberia
1100 3417 1128 3461 et
1149 3406 1273 3463 Celtibe-

168 3476 209 3524 ria
227 3474 393 3541 dicebantur,
413 3496 473 3531 cum
486 3480 629 3532 induentes
649 3481 686 3532 ibi
705 3481 880 3536 iluviiterrae
898 3481 992 3535 darent
1006 3481 1059 3533 boc
1075 3495 1192 3532 nornen:
1211 3478 1274 3531 inde

170 3546 240 3596 enim
259 3546 304 3613 qui
330 3548 390 3599 vult
415 3551 538 3602 adiacens
565 3550 629 3602 litus
656 3554 892 3621 praeternavigare
918 3553 951 3604 ad
975 3551 1088 3604 Galliam
1106 3550 1273 3613 inferiorem,

170 3631 229 3666 sum
248 3616 344 3668 fretum
364 3618 555 3671 Herculearum
582 3620 763 3671 columnarum
782 3625 896 3688 excipit:
922 3638 992 3691 quae
1012 3630 1101 3673 autem
1118 3622 1152 3673 ad
1180 3622 1273 3672 orien-

168 3694 222 3737 tem
242 3689 293 3739 sita
312 3695 382 3754 suut,
404 3691 432 3741 iu
452 3691 580 3742 interiore
600 3698 671 3741 terra
692 3691 724 3741 ad
742 3691 806 3743 litus
826 3700 946 3755 extensa,
968 3693 999 3743 ad
1019 3700 1108 3758 partes
1127 3690 1273 3743 insularum

167 3757 321 3811 Britanniae
348 3761 447 3813 ducunt
472 3769 498 3813 et
517 3768 675 3814 vertuntur:
703 3760 808 3814 volenti
839 3769 926 3812 autem
950 3763 983 3814 ad
1000 3763 1143 3815 beatorum
1170 3759 1272 3813 insulas

167 3832 303 3897 proficisci
327 3834 466 3901 navigatio
496 3834 583 3901 ampla
610 3832 776 3884 extenditur:
811 3833 906 3885 absunt
932 3834 1001 3885 enim
1017 3848 1044 3887 a
1070 3840 1142 3884 terra
1166 3832 1273 3885 milibus

166 3901 316 3955 milliariis:
343 3903 410 3955 duae
435 3913 523 3956 autem
549 3913 611 3958 sunt
634 3904 753 3968 insulae,
779 3920 833 3956 non
855 3904 968 3957 multum
992 3906 1062 3958 iuter
1094 3919 1125 3957 ιο
1141 3912 1271 3969 remotae,

167 3974 288 4027 omnibus
316 3975 394 4027 bonis
427 3984 453 4027 et
472 3979 554 4034 variis
585 3975 664 4029 valde
689 3977 825 4042 refertae,
856 3984 882 4028 et
901 3976 1010 4028 herbum
1028 3974 1136 4029 mollem
1156 3984 1183 4029 et
1200 3976 1271 4029 bene

166 4042 283 4097 olentem
304 4061 352 4114 per
371 4054 454 4098 totum
474 4065 570 4100 annum
589 4048 777 4118 proferentes:
804 4056 923 4101 remotae
952 4050 1022 4100 euim
1042 4048 1166 4101 coloniae
1184 4048 1271 4103 sordis

165 4118 311 4169 mundanae
341 4126 368 4170 et
392 4119 561 4173 admixtionis
588 4122 674 4186 aeris,
694 4137 764 4190 quae
793 4138 809 4171 e
835 4118 905 4173 male
923 4120 1009 4172 olenti
1031 4128 1118 4173 terrae
1144 4118 1270 4189 squalore

165 4189 258 4255 oritur,
277 4204 445 4260 nequaquam
467 4187 611 4260 participes
639 4193 839 4245 saluberrimam
860 4199 894 4253 et
918 4192 1027 4245 minime
1050 4194 1153 4244 tristem
1170 4188 1270 4244 incolis

165 4258 316 4318 homiuibus
336 4271 363 4315 et
382 4265 479 4333 pecudi
498 4264 580 4317 vitam
598 4264 720 4332 reddunt,
741 4273 769 4319 et
786 4266 1020 4320 commorationem
1039 4264 1224 4321 suavissimam
1241 4269 1270 4317 st
