3017 4892
259 298 334 377 2¹8
553 304 773 379 muninus
803 301 1065 373 inanimis
1132 314 1136 321 '

257 488 397 577 βυτέρας
412 490 538 577 Ῥώμης
557 487 709 573 μεταθεὶς
729 488 786 573 τὴν
799 488 968 571 βασιλείαν
980 486 1027 560 εἷς
1049 482 1084 549 τά
1099 481 1293 568 Βυζάντιον,
1314 482 1420 571 ἀφ’

148 612 152 619 ’
259 589 335 657 διον
374 589 430 658 τάν
460 595 642 672 Mettum
677 593 753 677 περί
781 588 838 666 τάς
879 590 964 652 κάτω
992 590 1132 663 Γαλλίας
1165 586 1414 671 κατετροποὸ-

257 717 355 778 σατο,
384 698 424 784 τῇ
454 694 603 773 ἐπιδείξει
634 696 692 759 τού
716 695 892 781 σταυρικοά
921 695 1053 775 σημείου
1082 689 1141 772 τὴν
1172 692 1266 773 νίκην
1286 683 1406 754 eirv-

256 799 315 860 θεν
333 799 554 881 μνηστευθείς,
574 794 649 871 τούς
669 780 851 877 οίξιολάγους
876 798 940 858 τάν
958 790 1161 874 εὐπατριδῶν
1179 791 1236 855 κατ’
1254 796 1403 872 τιμάων

257 896 291 961 ἐν
312 893 413 987 ταύτῃ
433 898 471 985 τῇ
490 899 545 986 νέφ
563 895 668 985 Ῥύμῃ
687 899 761 975 μεθ’
791 892 908 960 ἑαυτοῦ
935 893 1132 977 παραλαβών
1149 892 1313 981 μετῴκισέ
1336 916 1393 957 τε
1413 897 1442 950 5

258 997 314 1060 καί
330 1002 528 1078 συμπολίτας
551 994 669 1061 ἑαυτοῦ
692 995 923 1080 ἀπειργάσατο,
949 994 1099 1091 λαμπράς
1121 996 1223 1066 οἰκίας
1243 989 1397 1068 τούτοις

256 1095 500 1179 ἐπιδειμάμενος
530 1097 610 1162 κατά
635 1096 692 1180 την
716 1100 891 1183 ἐμφέρειαν
917 1098 980 1162 ταῖν
1004 1099 1038 1161 ἐν
1057 1094 1096 1181 τῇ
1118 1097 1241 1181 παλαιρῖ
1260 1078 1391 1182 ‘Palm

255 1199 433 1273 πολυτελῶς
454 1198 755 1281 κατεσκευασμένων
775 1194 878 1262 οἴκων.
922 1200 957 1261 ἐκ
977 1196 1098 1261 τούτων
1114 1188 1180 1279 σύν,
1203 1194 1249 1271 σάς
1271 1197 1288 1260 ά
1315 1190 1387 1259 λά-

255 1319 309 1381 γος
330 1294 419 1382 αἱρεῖ
436 1296 491 1362 καί
519 1299 540 1382 ἦ
569 1301 628 1363 τού
649 1303 760 1382 γένους
792 1292 943 1384 άναφορά
965 1299 1130 1380 περιάγει,
1155 1297 1186 1361 ολ
1209 1297 1380 1372 Φωκάδες

257 1398 352 1465 αύτοί
379 1402 586 1485 καταγόμενοι
614 1396 670 1484 τήν
690 1423 724 1464 τε
746 1398 956 1485 περιφάνειαν
976 1391 1101 1462 άνωθεν
1132 1395 1228 1480 ἔσχον
1251 1396 1313 1461 καί
1332 1397 1373 1463 τά
1390 1412 1436 1466 10

254 1502 312 1583 τῆς
332 1500 465 1584 άνδριάς
487 1500 703 1584 ἀλκιμώτατον
721 1503 777 1565 καί
799 1494 1011 1581 άνύποιστον,
1037 1501 1071 1562 ἐκ
1092 1501 1155 1563 τάν
1176 1497 1372 1580 ὀνομαστῶν

254 1603 380 1666 ἐκείνων
403 1604 545 1688 Φαβίων,
567 1598 612 1679 ὥς
631 1625 692 1667 που
716 1598 769 1666 διά
794 1604 907 1682 βίβλου
921 1600 1006 1677 τινὸς
1025 1604 1166 1676 παλαιάς
1186 1597 1372 1683 ἐχειραγω-

123 1714 143 1769 l.
159 1696 356 1785 νημγηᾫην
378 1704 469 1781 ποτέ,
504 1702 561 1785 τήν
583 1701 763 1787 α’ρχὴντού
782 1705 893 1785 γένους
923 1702 1116 1788 ἐφέλκοντες.
1161 1692 1252 1764 ούτοι
1276 1703 1317 1766 δὲ
1339 1697 1370 1763 οἱ

255 1799 373 1883 Φάβιοι
394 1803 428 1868 ἐν
448 1804 488 1889 τῇ
511 1806 635 1892 παλαιᾷ
650 1802 757 1892 Ῥύμῃ
778 1802 833 1879 τάς
853 1804 980 1889 πριάτας
1002 1800 1097 1886 ἔσχον
1110 1802 1215 1887 άρχάς
1235 1806 1296 1866 καί
1317 1826 1369 1867 τι-

251 1898 326 1984 μάς,
349 1906 404 1968 κατ’
425 1902 498 1991 ῥίζα
522 1899 645 1970 πάντων
659 1908 723 1970 τῶν
747 1908 883 1989 εύγενῶν
904 1910 958 1969 κατ’
976 1901 1057 1969 κατά
1077 1913 1173 1989 χεῖρα
1197 1906 1409 1989 καρτερῶνίό

252 2005 474 2087 ἐγνωρίςοντο·
516 2006 571 2071 κατ’
595 2004 699 2084 ούδεές
726 2004 849 2071 τούτων
868 2006 992 2092 ἐσφάλη
1015 2008 1088 2070 ποτὲ
1109 2004 1184 2087 περί
1203 2008 1368 2086 πολέμους

252 2104 309 2167 καί
329 2106 493 2183 κινδύνους
528 2108 770 2191 α’γωνιζάμενος.
823 2106 903 2171 άλλά
927 2108 961 2171 τὸ
984 2108 1109 2189 ου’γενές
1139 2111 1195 2171 καί
1214 2100 1366 2186 ἐπίδοξον

254 2205 310 2297 ουίι
333 2205 367 2269 ἐν
389 2208 429 2293 τῇ
449 2212 506 2272 τού
528 2211 637 2291 γένους
665 2202 751 2291 εἶχον
771 2206 980 2293 ἐπισημάτητι
1003 2203 1103 2295 μάνη,
1134 2205 1216 2273 άλλά
1238 2212 1300 2272 κάν
1323 2211 1364 2298 τῇ

251 2306 313 2371 τῶν
334 2308 479 2391 πράξεων
502 2311 651 2395 διέφερον
674 2310 892 2396 λαμπρότητι,
921 2310 977 2374 καί
997 2315 1121 2375 πολλάν
1138 2310 1285 2393 α’ναγκούν
1309 2314 1366 2374 καί

251 2405 406 2473 κινδύνων
436 2404 587 2496 άφύκτων
614 2410 731 2493 σχεδάν
761 2409 816 2494 την
832 2410 965 2496 Ῥώμην
987 2412 1041 2476 διά
1064 2416 1118 2496 τῆς
1140 2413 1258 2487 οἰκείας
1279 2412 1405 2498 ripa-20

174 2552 187 2564 -
251 2508 308 2592 τῆς
333 2510 388 2572 καί
409 2510 690 2597 μεγαλοφροσύνης
717 2516 773 2577 καί
796 2512 927 2597 άνδριάς
950 2512 1133 2596 ἐρρύσαντο.
1177 2509 1212 2576 ἐκ
1234 2508 1360 2579 τούτων

252 2606 282 2674 οἱ
305 2612 494 2693 Σκηπίωνες,
516 2611 572 2677 καί
592 2612 609 2676 ά
631 2613 822 2700 Ἀφρικανὸς
845 2617 989 2702 Σκηπίων
1019 2615 1035 2676 ὅ
1060 2612 1113 2678 τὸν
1144 2614 1360 2698 άκαταμάχη-

251 2732 304 2773 τον
326 2710 444 2777 ἐκεῖνον
465 2710 626 2798 Ἀννίβαν,
647 2714 704 2781 τὸν
729 2713 784 2779 καί
804 2712 906 2800 αύτην
919 2712 978 2799 την
993 2714 1125 2799 Ῥάμην
1146 2718 1357 2800 πολιορκῆσαι

324 2902 365 2957 19.
386 2902 587 2980 διαφερόντων
606 2908 635 2964 G.

249 3077 315 3130 tium
334 3078 362 3131 in
383 3080 469 3133 Gallia
497 3082 639 3136 inferiore
655 3085 794 3138 devicerat
828 3094 967 3154 praetento
996 3085 1083 3139 erucis
1108 3088 1186 3156 signo
1213 3088 1355 3139 victoriam

250 3164 366 3216 superne
385 3154 506 3221 adeptus,
524 3156 713 3209 memorabiles
733 3174 766 3209 ex
785 3158 936 3211 illustribus
956 3165 983 3209 et
1002 3158 1140 3210 honoratis
1159 3160 1187 3210 in
1207 3160 1274 3211 hane
1297 3174 1353 3211 no.

249 3236 309 3273 vam
328 3221 438 3275 Romam
456 3241 547 3277 secum
567 3226 642 3278 duxit
661 3236 688 3278 et
706 3229 839 3281 stabilivit
857 3239 883 3282 et
912 3231 985 3281 cives
1009 3245 1072 3302 suos
1096 3229 1227 3296 reddidit,
1256 3232 1350 3301 splen.

249 3292 310 3343 dida
328 3294 449 3346 aedificia
468 3296 509 3347 his
540 3298 656 3352 condens
682 3315 715 3350 ex
740 3301 913 3353 similitudine
939 3302 1073 3353 domuum
1090 3304 1118 3353 in
1147 3311 1241 3355 vetere
1268 3304 1353 3357 Roma

249 3361 390 3430 splendide
410 3372 610 3421 exstructarum.
648 3370 681 3421 ab
702 3370 742 3424 his
765 3374 856 3439 igitur,
875 3381 905 3425 nt
925 3374 994 3425 fama
1014 3374 1094 3425 docet
1113 3382 1140 3425 et
1156 3377 1267 3443 generis
1275 3375 1352 3427 rela-

249 3436 286 3487 tio
307 3434 394 3501 affert,
414 3437 551 3492 Phooadss
571 3440 623 3507 ipsi
642 3442 750 3495 deducti
769 3445 883 3512 gloriam
902 3461 1019 3512 superna
1037 3445 1171 3499 habebant
1191 3455 1218 3498 et
1242 3449 1350 3499 uirtutis

248 3505 331 3559 robur
351 3516 377 3559 et
396 3510 554 3577 victoriam,
574 3525 607 3564 ox
626 3514 763 3568 nobilibus
782 3516 838 3568 illis
857 3513 962 3581 Fabiis,
986 3525 1015 3567 ut
1033 3516 1104 3567 libro
1123 3520 1239 3586 quodum
1258 3527 1354 3571 vetere

220 3600 221 3604 ¹
247 3577 390 3647 aliquando
411 3583 554 3637 instructus
573 3600 639 3650 snm,
658 3588 818 3655 principium
839 3591 948 3657 generis
968 3586 1115 3643 trahentes.
1153 3590 1179 3641 hi
1199 3599 1289 3643 autem
1298 3589 1353 3642 Fa-

247 3652 285 3703 bii
304 3652 331 3703 in
351 3663 446 3708 vetere
464 3656 548 3709 Roma
566 3658 666 3724 primos
686 3659 836 3712 hahuerunt
853 3662 1023 3729 magistratus
1044 3668 1071 3711 et
1089 3660 1206 3714 honores
1232 3671 1260 3713 et
1277 3662 1354 3713 radix

248 3724 365 3775 omnium
384 3727 529 3780 illustrium
550 3737 576 3779 et
593 3745 672 3782 mann
692 3731 801 3783 fortium
821 3732 1004 3783 indicabantur
1022 3748 1112 3800 neque
1132 3735 1273 3802 qnisquam
1299 3734 1353 3787 ho.

246 3810 307 3847 rum
323 3796 415 3864 lapsus
435 3809 475 3852 est
493 3812 607 3869 unquam
629 3802 755 3855 inbellis
776 3813 803 3854 et
823 3802 952 3869 periculis
973 3806 1111 3868 certando,
1126 3806 1352 3860 sednobilitatem

248 3874 274 3916 et
293 3867 407 3932 gloriam
425 3886 479 3923 non
499 3872 584 3924 solum
602 3874 630 3924 in
650 3876 758 3941 generis
778 3874 900 3927 claritate
919 3874 1062 3939 habehant,
1081 3877 1129 3929 sed
1148 3879 1228 3929 etiam
1254 3881 1282 3930 ia
1308 3878 1352 3929 fa-

247 3943 347 3988 ctorum
368 3942 559 3995 excellentium
585 3942 738 4010 splendore,
769 3954 796 3996 et
824 3946 914 3998 maltis
939 3946 1144 4000 difficultatibus
1170 3957 1198 4001 et
1221 3949 1353 4017 periculis

246 4006 394 4072 desperatis
418 4014 476 4065 lere
500 4014 608 4067 Romam
639 4032 686 4069 sua
715 4018 815 4068 virtute
842 4026 869 4068 ot
892 4020 1109 4084 magnanimitate
1137 4029 1165 4071 et
1196 4021 1354 4073 fortitudine

246 4075 403 4133 solverunt:
422 4086 455 4135 ab
474 4085 516 4138 his
536 4088 640 4142 oriundi
660 4088 810 4156 Scipiones,
829 4098 910 4156 atque
930 4089 1023 4156 Scipio
1041 4092 1195 4156 Africanus,
1215 4094 1261 4162 qui
1276 4093 1354 4144 invi.

247 4157 317 4201 ctum
338 4149 414 4203 illum
434 4155 611 4211 Hannibalem
632 4168 658 4210 ot
676 4162 760 4227 ipsam
779 4159 887 4213 llomam
912 4170 1126 4231 oppugnaturum
1146 4163 1220 4217 clare
1247 4164 1356 4230 fugavit

248 4228 275 4273 et
295 4220 387 4276 urbem
408 4226 475 4291 eius,
496 4228 684 4299 Carthaginem
705 4246 826 4301 magrino
846 4241 873 4284 et
890 4233 988 4288 incolis
1007 4233 1202 4303 frequentatam
1220 4234 1354 4287 athomi-
