3017 4892
295 345 370 419 οεο
555 459 559 466 ν
597 343 1102 424 murmurmurmur

295 518 356 593 θός
376 515 436 582 καί
454 517 664 602 ἀντιλήπτοιρ,
688 515 744 582 καί
765 519 807 581 οὐ
817 515 917 597 μόνον
938 511 1092 597 βασιλοάς
1113 510 1199 579 ἀλλά
1223 515 1293 578 καί
1320 513 1439 599 πατήρ

297 615 438 702 ἀγαθός·
490 619 636 702 ἀνίχνευε
662 617 726 704 γάρ
753 618 807 683 διά
838 616 954 692 παντὸς
983 619 1039 681 καί
1065 619 1228 703 φροντίδα
1260 620 1438 699 mein-qr

297 722 421 786 ἐτίθετο
442 719 477 786 τό
500 715 583 786 άπαν
602 722 713 806 ἐξάραι
734 718 797 784 ἀπό
821 719 1011 805 προσώπου,ί
1027 722 1084 804 τῆς
1102 722 1160 802 γῆς
1185 717 1358 801 ἀδάτημα
1379 717 1436 780 ιιιιί

298 818 460 920 ἀνόμημα.
673 827 676 832 '
748 829 753 832 ’

235 915 238 922 ’
401 924 496 999 Τέλος
525 926 560 988 δέ
579 927 643 989 τάν
659 927 834 1004 βασιλικῶν
860 923 1119 1006 εὐεργετημάτων
1147 923 1205 985 καί
1227 917 1447 984 διαδάσεαν5

296 1018 371 1090 οὐτε
391 1027 480 1109 κόρος
501 1023 536 1091 τό
560 1024 691 1091 σόνολον
714 1018 762 1108 ἦν,
783 1017 852 1088 οὐτ’
868 1026 968 1091 εἰπεῖν
984 1025 1070 1112 αὐτῷ
1088 1026 1247 1105 ἐξεγένετο
1272 1018 1320 1086 τά
1348 1027 1427 1116 παρ’

250 1173 257 1187 ,
293 1126 508 1209 Ἀλεξάνδρου
538 1128 593 1191 τοῦ
627 1126 819 1201 Μακεδόνος
853 1129 949 1190 ἐνίοτε
979 1124 1241 1210 προφερόμενον,
1279 1114 1348 1186 ὅτε
1377 1121 1422 1205 μή

295 1228 503 1311 εὐεργετήσας
539 1225 652 1310 ἔτυχε,
692 1225 728 1291 τό
764 1223 922 1311 “σήμερον
951 1227 1009 1289 οὐκ
1037 1223 1264 1305 ἐβασιλευσα.”
1332 1227 1423 1288 πᾶσα

294 1325 366 1411 γάρΙ
387 1322 493 1409 ήμέρα
523 1325 641 1404 παντός
672 1327 860 1412 δωρήματος
891 1324 1012 1391 τελείου
1041 1326 1097 1404 καί
1117 1326 1267 1409 παροχῆς
1303 1323 1421 1409 ἀφθό-

296 1449 353 1490 νου
383 1423 494 1492 τούτον
525 1426 592 1510 ἔχει
621 1429 768 1513 παροχέα
796 1431 852 1491 καί
872 1423 1100 1513 ἀφθονώτατον
1120 1425 1312 1508 πρύτανιν·
1368 1430 1445 1490 καίοι]

297 1526 351 1593 διά
384 1525 487 1611 πάσης
515 1529 663 1616 ἀφορμῆς
694 1528 811 1613 ἐχώρει
839 1530 890 1611 ἐφ’
924 1516 948 1614 ᾧ
979 1527 1101 1610 μηδένα
1130 1525 1189 1608 τής
1219 1528 1257 1588 ἐκ
1293 1521 1416 1589 τοότοσ

296 1627 443 1704 εὐποιίας
468 1629 708 1715 ἀπολειφθῆναι
737 1623 918 1713 ἀπείρατον.
974 1624 1080 1717 ἐπήνει
1102 1625 1163 1709 γάρ
1188 1629 1245 1691 καί
1274 1623 1340 1691 τόν
1361 1647 1414 1690 το-

297 1726 388 1814 ξότην
411 1725 454 1805 ὥς
483 1729 642 1812 εὐστόχως
664 1731 824 1811 βάλλοντα
848 1728 903 1794 καί
927 1725 962 1794 τά
990 1733 1082 1811 βόλος
1103 1729 1157 1792 ίπί
1180 1729 1314 1791 σκοποῦ
1334 1751 1411 1791 σνν-

296 1833 485 1913 τιθέμενον,
516 1829 571 1894 καί
596 1829 651 1894 τόν
672 1832 820 1914 λογχίτην
848 1830 892 1905 ώς
919 1829 1192 1916 ἀκραιφνέστατυν
1213 1829 1410 1911 διαδορατί-

298 1933 391 2009 ζοντα
422 1932 477 1996 καί
506 1932 563 2015 τήν
587 1933 700 2016 λόγχην
726 1932 912 2013 εὐθυβόλοις
942 1932 1237 2014 ἐπισυστρέφοντα,
1272 1933 1338 1994 καί
1356 1929 1438 1994 τόιίε

295 2017 429 2116 ἱππότην
459 2030 502 2108 τός
534 2040 599 2108 τοῖς
618 2029 730 2107 νώτοις
750 2035 810 2096 τού
832 2031 930 2096 ίππου
956 2032 1135 2113 ἀτρεμαιάς
1167 2030 1408 2114 ἐπικαθήμενον

296 2133 500 2218 ἐντρόθεϊν,
523 2132 652 2198 καὶτὸν
673 2131 803 2218 ὁπλίτην
833 2131 1028 2216 στρατιώτην
1055 2133 1089 2196 ἐν
1118 2124 1238 2210 ἀπασι,
1272 2135 1335 2195 καί
1356 2131 1407 2197 τόν

295 2229 392 2314 ψιλόν
423 2237 477 2298 καί
498 2235 662 2319 ἀπέριττον
691 2231 734 2314 οὖς
755 2235 925 2315 εὐτολμίας
957 2233 1138 2318 μαρτυρίαν
1159 2232 1331 2316 εἰσάγοντα
1352 2238 1406 2298 καί

271 2332 335 2419 Ιτῇ
357 2331 461 2410 διώξει
483 2330 518 2395 τό
537 2330 670 2418 θήραμα
693 2332 1056 2418 προκαταλαμβάνοντα,
1077 2336 1133 2398 καί
1153 2331 1209 2398 τόν
1236 2331 1342 2420 σοφόν
1362 2333 1403 2409 ώς

293 2435 499 2518 ’μεμυημένον
522 2431 562 2497 τά
595 2437 770 2515 κρείττονα.
831 2436 916 2517 ήλέει
940 2437 975 2501 δέ
1004 2438 1059 2498 καί
1080 2431 1180 2499 αὐτόν
1199 2433 1258 2498 τόν
1279 2428 1434 2521 ἀσοφονβ)

64 2537 71 2546 “
115 2516 124 2530 1
159 2524 318 2620 λλλθτή
339 2532 397 2599 καί
417 2525 547 2620 ἀφρονα
568 2533 611 2612 ώς
633 2532 791 2600 ἔκπτωτον
810 2537 871 2599 τού
890 2538 1059 2616 βελτίονος.
1103 2533 1259 2620 φρόνιμον
1279 2535 1402 2622 όπερή·

297 2657 352 2721 ρεν
375 2628 417 2710 ὥς
438 2635 608 2717 εὐβουλίας
630 2636 846 2719 δοκιμώτατον
865 2629 1016 2722 ὄργανον,
1037 2635 1143 2702 τόντε
1169 2636 1400 2724 μετεαρσλόγον

368 2826 395 2880 7.
414 2831 652 2956 πρρσφιρόμενοι
670 2829 700 2888 0.
794 2830 837 2884 17.
856 2832 888 2889 ἐν
908 2828 1029 2892 interr?
1109 2831 1154 2886 tt.
1172 2828 1223 2889 τόν
1242 2830 1396 2920 δὲφρονι.

368 2916 427 2972 μον
470 2937 476 2952 .

295 3083 485 3136 immutabilem
513 3093 539 3136 et
563 3085 723 3139 inturbatarn
747 3085 840 3138 harum
865 3087 1063 3154 possessionem
1089 3086 1123 3139 iis
1155 3086 1294 3139 confirmat
1313 3090 1341 3140 'et
1366 3091 1394 3142 nt

296 3156 417 3208 omuibus
433 3155 536 3208 adiutor
554 3166 581 3208 et
599 3159 698 3220 aecius,
716 3173 805 3226 neque
824 3158 910 3209 solum
923 3174 972 3210 rex
991 3159 1129 3209 sedetiam
1143 3165 1220 3226 puter
1238 3159 1330 3212 bonna
1349 3161 1392 3212 in-

295 3226 409 3294 dagabat
428 3228 497 3285 euim
513 3229 619 3280 omuino
634 3236 661 3278 et
674 3244 764 3280 curam
778 3230 917 3282 maximam
933 3229 1097 3292 instituebat,
1116 3238 1145 3282 ut
1164 3244 1268 3282 omnem
1285 3230 1391 3284 tolleret

295 3313 311 3348 e
330 3306 476 3364 conspectu
494 3305 583 3349 terrae
601 3299 725 3350 iniuriam
745 3307 772 3350 et
789 3299 879 3368 legum
897 3300 1107 3370 neglectioncm.

394 3391 467 3444 Finis
484 3401 572 3444 autem
590 3396 725 3462 regiorum
742 3389 935 3448 beneficiorum
957 3405 983 3447 et
1007 3397 1177 3466 largitionum
1203 3413 1290 3468 neque
1308 3400 1388 3452 τοιόσ-

293 3473 333 3516 tac
353 3465 460 3515 omnino
487 3471 557 3527 erat,
583 3481 671 3534 neque
691 3467 781 3519 dicere
799 3469 824 3518 ei
843 3477 974 3536 promtum
1000 3478 1072 3534 erat,
1101 3470 1171 3539 quod
1189 3470 1223 3521 ab
1241 3470 1386 3523 Alexandro

293 3535 438 3592 Macedone
457 3550 644 3604 nonnunquam
663 3539 865 3605 proferebatur,
886 3540 991 3608 quando
1014 3541 1117 3594 nullum
1136 3541 1294 3593 beneficium
1310 3557 1386 3610 pere-

294 3613 385 3676 gerat:
408 3607 505 3673 ,hodie
529 3621 583 3659 non
601 3611 714 3677 regnavi
726 3617 749 3662 τί(
769 3613 854 3664 omnia
874 3612 944 3662 enim
963 3611 1021 3664 dier
1048 3614 1134 3665 omnis
1152 3613 1215 3666 doni
1232 3614 1341 3681 perfecti
1360 3622 1386 3664 et

274 3677 446 3748 ‚largitionis
464 3679 598 3749 benignae
623 3680 694 3733 bunc
720 3681 801 3749 habet
821 3683 977 3752 largitorem
1003 3691 1031 3734 et
1053 3683 1272 3754 benignissimum
1288 3687 1385 3753 princi.

292 3764 370 3816 pem;
390 3760 470 3820 atque
489 3753 559 3803 omni
581 3753 681 3820 impetu
702 3769 734 3805 eo
753 3754 925 3821 procedebat,
944 3764 974 3806 nt
990 3770 1069 3808 nemo
1091 3756 1295 3808 beneficientiae
1312 3757 1383 3808 bnina

292 3821 493 3892 relinqueretur
514 3839 627 3891 expers:
650 3824 775 3877 laudabat
794 3827 864 3876 enim
883 3833 912 3877 et
921 3828 1089 3895 sagittarium
1107 3835 1136 3879 ut
1154 3829 1271 3880 scienter
1286 3829 1384 3881 iacien.

292 3899 392 3944 temet
420 3894 535 3946 iaculum
560 3896 592 3946 ud
617 3897 695 3947 finem
719 3905 941 3964 componentem,
966 3907 994 3948 et
1017 3896 1148 3950 hastatum
1173 3901 1205 3949 tit
1222 3901 1382 3968 integerrime

293 3969 438 4016 certantem
459 3974 486 4017 ct
507 3966 605 4018 hastam
627 3984 660 4017 ex
678 3969 792 4020 adverso
811 3977 977 4032 vertentem,
1002 3977 1031 4020 et
1050 3973 1167 4038 equitem
1186 3979 1215 4020 nt
1236 3977 1308 4038 tergo
1324 3974 1380 4037 eqni

292 4031 426 4099 intrepide
441 4039 599 4089 inridentem
613 4042 640 4089 in
660 4040 800 4104 currendo,
821 4049 848 4091 et
861 4042 951 4108 gravia
971 4048 1119 4094 armaturae
1129 4041 1241 4092 militem
1258 4045 1284 4092 in
1300 4043 1379 4093 cuni.

292 4104 351 4167 bus,
373 4110 400 4153 et
417 4104 487 4157 levia
506 4118 655 4162 armaturae
673 4110 785 4162 militem
811 4120 838 4163 et
855 4110 1004 4178 simplicem
1021 4121 1052 4164 nt
1069 4114 1197 4165 audaciae
1214 4113 1377 4165 testimoninm

293 4174 476 4242 proferentem
496 4186 522 4229 et
541 4183 729 4246 persecutione
748 4198 805 4234 rem
823 4182 933 4250 petitam
951 4193 1136 4252 occupantem,
1155 4192 1183 4235 et
1200 4186 1333 4253 rapientem
1348 4191 1378 4234 nt

292 4247 427 4302 initiatum
445 4247 610 4319 melioribus,
630 4253 805 4310 miserabatur
818 4261 906 4308 autem
921 4263 948 4307 ot
958 4258 1046 4325 iprum
1060 4257 1231 4326 incipientem
1250 4258 1292 4310 vel
1308 4256 1377 4309 nau
