3017 4892
299 338 383 421 tto
576 339 796 408 mensotis
829 335 1092 406 tutatores

201 548 204 557 ι
297 485 428 586 ἔμβολον
449 505 605 594 λέγονται,Ν
627 503 885 585 περινοστοῦντες
911 497 967 563 καί
990 491 1249 583 ἐμφωλεύοντες,
1272 493 1356 556 κατ’
1376 517 1451 556 πα-

298 603 438 686 ρασίτων
459 600 545 681 τόξιν
566 596 588 685 ἢ
609 600 750 666 κολάκων
771 594 791 684 ή
812 602 883 684 τόγε
908 601 1121 684 ἀληθέστερον
1141 595 1252 660 εἰπεῖν
1273 616 1448 678 προσαι-

192 763 196 776 ,
297 706 360 768 ταῖν
384 707 563 786 ἐπέχοντες,
588 701 736 786 συνήθως
758 699 884 784 ἔχοντες
906 708 977 776 ταῖς
1000 701 1115 772 οἰκίαις
1133 698 1196 761 τοόν
1219 697 1442 776 τιμωμένων

246 809 248 814 ’
298 808 471 891 ἐπιφοιτᾶν
504 803 560 868 καί
588 803 803 888 προφημίζειν
828 805 862 867 έν
892 801 1082 886 εὐχαριστίᾳ
1108 800 1346 882 μεγαλουργῷ
1378 796 1440 879 τήν

297 910 456 986 βασιλέοιν
475 902 573 987 χάριν
592 907 648 967 καί
668 902 703 966 τὸ
728 904 783 986 τῆς
807 897 962 985 τιμήσεως
976 900 1130 984 ἐπιφανές
1144 901 1198 961 καί
1223 902 1456 982 περίολβονῤ

298 1009 354 1071 καί
376 1007 471 1073 ositos*
490 1007 525 1070 έκ
546 1000 688 1088 πενήτων
707 1001 856 1087 γεγόνασι
875 997 1022 1066 πλούσιοι
1035 1001 1090 1064 καί
1111 992 1249 1082 εύποροι
1270 1001 1321 1077 ἐξ
1347 998 1433 1061 αἰτό-

298 1131 364 1190 ρων
384 1109 424 1192 τῇ
444 1109 594 1192 συνεχείᾳ
616 1108 671 1170 καί
692 1106 735 1192 κρῖ
755 1107 969 1190 πολυαρίθμφ
989 1104 1052 1165 ’τεόν
1072 1103 1286 1183 τιμωμένων,
1316 1098 1431 1182 ἁδρόν

186 1266 190 1272 ,
299 1210 376 1272 καθ’
398 1199 534 1289 ἓκύστήν
554 1209 693 1288 χρυσίου
715 1203 871 1290 ποσότητα
894 1200 982 1285 παρὰ
995 1203 1116 1267 τούτων
1138 1201 1427 1282 εἶσκομιζύμεκοι,

280 1313 417 1378 ,σίνεται
438 1305 499 1390 γόρ
523 1305 550 1390 ’ἦ
585 1303 673 1382 όόσις
700 1302 789 1390 πάρό
821 1305 947 1372 πόντων
970 1305 1033 1368 τοόν
1059 1302 1360 1384 εύδαιμονούντων
1382 1303 1426 1378 σός

300 1411 334 1485 έξ
355 1403 491 1491 ε’ρόνου,
512 1407 552 1489 ήν
574 1405 629 1472 καί
648 1405 827 1491 συνήθειαν
854 1406 911 1470 τού
933 1405 1080 1488 Χριστοῦ
1107 1403 1347 1484 ἀστεϊζόμενον
1366 1409 1453 1468 λε’·νί

298 1534 399 1594 γουσι.
431 1507 603 1594 προϊούσης
635 1510 671 1574 δὲ
692 1510 748 1590 τῆς
763 1507 947 1590 εύεργεσίας
972 1507 1017 1580 εἰς
1035 1506 1261 1589 α’νοριθμήτον
1283 1514 1422 1590 στῖφος,

300 1615 356 1677 καί
368 1600 453 1692 1πρὸς
475 1608 511 1673 τό
535 1606 736 1692 πανταχόθεν
756 1611 955 1692 περιτρέχειν
973 1609 1027 1689 τῆς
1048 1603 1169 1681 πόλεως
1196 1605 1257 1669 καί
1277 1606 1420 1690 λαμβά-

300 1737 368 1778 νειν
389 1713 442 1773 καί
464 1701 552 1774 οὗτοι
583 1710 757 1790 α’πέκοιμον,
783 1702 844 1772 κέν
865 1705 1033 1792 έπικερύής
1055 1699 1094 1790 ήν
1115 1705 1136 1788 ή
1158 1708 1251 1772 αι’τία
1274 1709 1342 1789 τῆς
1364 1709 1415 1774 διό

301 1811 426 1877 πάντων
447 1807 696 1898 έπιφοιτήσεως·
740 1808 760 1894 ἦ
782 1807 842 1893 γόρ
867 1803 1005 1891 ἀμετρία
1020 1810 1084 1871 τῶν
1098 1807 1202 1872 πόνοιο
1224 1811 1342 1872 πείθει
1363 1814 1416 1875 καί

161 1961 164 1970 «
193 1978 199 1994 ,
301 1916 433 1998 κέρδους
454 1912 529 1988 τούς
552 1903 637 1976 οότω
659 1911 853 1995 κεκμηκότας
874 1915 1090 1993 περιφρονεῖν.
1418 1920 1443 1969 to

398 2017 483 2081 Ἀλλ’
502 2015 556 2080 έπί
574 2016 633 2094 μὲν
666 2015 729 2076 τῶν
759 2015 896 2077 πολιτεόν
929 2013 985 2074 καί
1013 2013 1077 2074 τῶν
1098 2008 1159 2074 σύν
1178 2013 1270 2098 σύτρῖ
1294 2014 1358 2078 κείν
1377 2019 1414 2101 τή

300 2116 515 2202 βασιλευούσῃ
537 2111 743 2197 προόπόντων
771 2116 974 2194 στρατιωτῶν
996 2107 1035 2176 τό
1065 2115 1197 2177 τοιαότσ
1216 2117 1413 2198 ε’τερατουρ-

301 2217 411 2298 γούντο
431 2217 487 2278 καί
507 2210 702 2298 ξενοτρύπως
725 2209 925 2295 έπρύττοντο,
945 2209 999 2274 έπί
1027 2213 1063 2275 δέ
1083 2214 1139 2294 τής
1161 2209 1296 2298 έθνικής
1315 2217 1410 2300 μερέ-

220 2365 223 2368 -
303 2317 356 2390 όος
377 2314 504 2397 ὑστέρει
523 2312 560 2378 τό
583 2313 850 2398 κατορθούμενον.
892 2313 931 2376 ού
952 2316 1012 2394 μέν
1033 2306 1099 2395 σύν,
1120 2315 1192 2377 ἄλλ’
1212 2319 1263 2378 ἐπ’
1282 2313 1409 2381 inerim

302 2416 422 2494 μᾶλλον
445 2410 485 2478 τό
509 2416 648 2495 βραβεῖα
671 2415 954 2495 προσεπιτείνοντο.
1000 2411 1030 2478 οἱ
1045 2412 1107 2497 γόρ
1129 2415 1439 2496 Κουτουλμούσιοιλθ

306 2515 445 2598 ΙἸόόρκοι
465 2511 546 2596 μετὰ
569 2513 710 2598 πλήθους
734 2513 890 2580 Ούννικού
907 2517 942 2579 έν
965 2513 1168 2598 Χρυσοπόλει
1189 2514 1405 2601 κατασκηνού-

300 2639 391 2696 μενοι
413 2611 566 2680 πλειόνων
586 2613 736 2697 α’γαθτόν,
754 2606 801 2689 ’τός
825 2612 884 2697 τήν
902 2613 1051 2699 όουλικήν
1077 2615 1210 2698 στοργήν
1224 2615 1283 2679 καί
1302 2621 1406 2681 aiom

224 2739 228 2748 ’
302 2720 471 2802 τηροῦντες
506 2719 552 2805 τῷ
569 2719 713 2800 βασιλεῖ,
735 2718 978 2801 παραπήλαυον.
1031 2718 1087 2780 καί
1106 2713 1136 2779 οἱ
1157 2714 1404 2802 προεξόρχοντες

929 2815 939 2825 ⁸
1331 2821 1345 2842 O

304 3011 384 3064 tectis
403 3013 505 3064 riarum
532 3011 716 3080 publicarum,
742 3029 812 3082 quae
838 3013 946 3082 quidem
964 3015 1082 3081 porticus
1100 3016 1243 3081 dicuntur,
1263 3024 1398 3070 seruntur

307 3091 334 3134 et
355 3082 439 3136 latent
459 3091 485 3135 et
503 3085 685 3136 accubitorum
699 3085 819 3136 ordinem
830 3084 878 3136 vel
896 3083 1061 3137 adulatorum
1079 3087 1125 3138 sel
1143 3096 1173 3139 nt
1193 3089 1283 3140 verim
1299 3097 1337 3142 est
1355 3090 1397 3140 di.

309 3156 421 3208 cendum
439 3156 646 3208 mendicantium
665 3155 796 3218 obtinent,
815 3157 935 3208 solentes
953 3157 987 3208 ad
1005 3157 1096 3226 domus
1115 3158 1302 3212 honoratorum
1319 3176 1395 3212 seeo-

304 3227 369 3278 dere
388 3234 415 3277 et
434 3226 573 3278 celebrare
597 3229 624 3277 in
653 3228 738 3295 gratia
756 3228 897 3295 magnilica
917 3244 1010 3296 regum
1038 3221 1206 3282 clementiam
1231 3240 1258 3283 et
1274 3209 1414 3282 bonorem¹

245 3355 249 3360 ¹
304 3297 436 3348 illustrem
458 3305 484 3347 et
502 3299 581 3348 valde
599 3297 716 3361 beatum,
737 3306 764 3349 et
782 3299 833 3364 ipsi
853 3315 886 3350 ex
904 3300 1065 3368 pauperibus
1084 3302 1148 3353 iacti
1170 3311 1232 3355 sunt
1249 3303 1351 3366 divites,
1369 3310 1394 3352 et

304 3365 441 3434 pollentes
461 3383 502 3417 „ex
528 3369 621 3435 egenis
647 3369 825 3420 continuitate
851 3379 878 3422 et
900 3386 996 3440 magno
1024 3387 1135 3424 numero
1157 3373 1337 3425 honoratorum
1354 3381 1393 3426 sat

304 3452 426 3506 περιιόντι
445 3438 564 3505 quotidie
583 3440 714 3506 pecuniae
734 3442 838 3507 copiam
856 3441 889 3492 ab
908 3441 950 3493 his
969 3443 1098 3497 ferentes.
1117 3445 1147 3496 lit
1165 3446 1237 3496 enim
1254 3446 1342 3497 donuu
1359 3444 1390 3496 ab

305 3509 426 3560 omnibus
446 3508 531 3562 beatis
550 3511 626 3578 quasi
646 3526 679 3562 ex
699 3512 845 3579 symbolis,
870 3529 948 3582 quam
968 3516 1047 3567 etiam
1067 3517 1284 3568 cousuetudinem
1301 3516 1391 3571 Christi

306 3578 488 3648 elegantiores
508 3581 607 3634 dicunt.
628 3583 791 3649 procedente
809 3593 897 3636 autem
910 3585 1100 3638 beneficientia
1109 3587 1141 3638 ad
1152 3588 1302 3640 immensum
1318 3603 1391 3638 soer-

307 3667 380 3717 vum,
402 3653 480 3704 etiam
500 3653 533 3705 ad
552 3667 644 3707 omues
663 3663 751 3722 partes
771 3655 851 3709 urbes
872 3672 980 3709 currere
1006 3665 1032 3708 et
1050 3659 1176 3725 accipere
1195 3659 1240 3710 vel
1257 3658 1284 3709 hi
1300 3658 1390 3710 delati.

306 3724 363 3793 goti
381 3733 451 3788 sunt,
471 3723 536 3776 licet
556 3723 659 3776 luorum
680 3727 788 3778 ali'erret
809 3743 889 3780 causa
908 3728 1007 3796 ubique
1033 3729 1203 3781 adveniendi.
1240 3729 1389 3783 immoderati

308 3796 378 3848 enim
398 3795 505 3848 labores
525 3797 657 3849 adducunt
675 3798 715 3849 sio
733 3798 905 3868 defatigatos,
925 3808 954 3851 ut
973 3800 1051 3852 etiam
1063 3800 1166 3852 luorum
1184 3801 1324 3869 negligunt.

406 3883 458 3938 Sed
478 3885 548 3936 inter
576 3887 651 3938 cives
670 3886 776 3952 quidem
796 3895 823 3938 et
840 3887 955 3952 milites,
984 3890 1030 3956 qui
1049 3904 1109 3939 cum
1127 3904 1160 3939 eo
1180 3890 1252 3940 etin
1268 3889 1328 3942 urbe
1342 3892 1387 3943 ud.

308 3963 407 4018 essent,
425 3955 491 4007 talia
508 3957 575 4008 mire
593 3956 692 4008 flebant
718 3964 744 4007 et
763 3951 933 4025 hospitaliter
956 3958 1119 4027 agebantur:
1149 3962 1177 4012 in
1196 3975 1294 4028 pagum
1309 3969 1386 4012 auten

306 4031 383 4090 parte
402 4027 553 4080 tardabatur
570 4026 739 4080 benelioium.
777 4031 825 4081 sed
848 4031 875 4080 in
893 4028 957 4082 illos
975 4031 1060 4098 magis
1084 4033 1202 4098 praemia
1222 4032 1386 4084 extendeban-
1436 4045 1441 4056 '

280 4137 284 4163 ,
303 4102 357 4147 tur.
396 4093 553 4150 Gutolmusii
574 4099 643 4150 enim
653 4098 754 4151 Turoae
773 4116 833 4151 cum
840 4101 1011 4157 multitudine
1025 4102 1147 4154 llunnioa
1160 4102 1313 4170 chrysopoli
1327 4118 1386 4154 rer-

305 4174 394 4219 santes
415 4165 493 4232 plura
511 4169 581 4220 bona
600 4178 630 4221 ut
649 4170 778 4223 servilem
797 4186 914 4222 amorem
929 4181 956 4222 et
973 4173 1052 4225 iidem
1063 4182 1233 4226 servantess
1250 4190 1309 4243 rege
1320 4174 1384 4224 asoti

304 4245 366 4294 sunt
386 4246 412 4290 et
431 4237 567 4308 principes
587 4243 721 4296 exercitus
741 4257 833 4295 eornm
854 4245 1006 4313 (amendes
1033 4245 1105 4299 solet
1124 4245 1174 4299 hos
1195 4260 1291 4299 vocare
1306 4253 1329 4298 st
1341 4261 1383 4298 se-
