3017 4892
261 282 332 357 152
562 280 783 359 111OEOEOE
812 270 1074 347 ammonia

257 457 350 546 ἧλίον
367 456 447 541 πρός
467 454 596 537 δασμός
616 452 859 534 δποτρίχοντος.
903 442 1053 532 ἡσθέντος
1074 450 1111 515 δὲ
1125 452 1182 515 τσδ
1201 454 1391 532 βασιλέως

256 562 299 646 τῷ
319 555 477 643 γεγονότι,
501 558 677 637 κατέλαβον
696 550 760 616 όπό
776 550 841 617 τοῖν
860 550 1007 615 ε’ναντίων
1021 549 1076 615 καί
1095 555 1255 636 πρέσβεις,
1281 580 1392 637 nvp.

258 661 396 736 παθείας
418 668 529 743 τοχείν
549 651 768 737 ἐξωνούμενοι
789 655 845 717 καί
872 654 935 717 τοόν
955 653 1047 717 ίδίων
1067 652 1268 738 πραγμάτων
1291 681 1389 741 συγ.

257 760 416 847 χούρησιν,
433 762 490 825 καί
511 753 677 832 τοιαύταις
698 753 880 837 ὁμολογίαις
903 755 1106 839 παραδοῦναι
1124 750 1181 839 τὴν
1202 753 1301 821 πόλιν
1327 760 1387 846 τῷ

231 859 392 942 ’βασιλελ
434 862 627 942 σννθόμονος
660 857 697 920 δὲ
717 852 795 939 πρός
814 858 921 935 τούτο,
943 856 999 918 καί
1028 853 1103 929 τούς
1124 857 1275 939 πρέσβεις
1301 854 1411 932 διό-5

247 988 325 1049 ραις
345 961 499 1048 τιμήσας,
530 961 697 1025 α’πίστιιλτ
725 954 779 1022 τόν
801 953 1071 1040 παραληψόμενον
1104 947 1220 1021 αότίιῑι
1241 955 1277 1021 τό
1307 958 1382 1023 κοτ’-

128 1074 360 1150 λλλθτσιρον.
403 1060 435 1129 οἱ
462 1066 493 1128 δ’
527 1059 617 1126 ἔνδον
638 1055 794 1144 ,φρσνρόν
814 1058 848 1121 ἐν
867 1052 1009 1142 ζτσισύτρι
1036 1056 1137 1142 καιρῷ
1157 1057 1382 1135 εἰσδέξασθαι

256 1166 300 1250 μὴ
321 1166 580 1247 ναταδεξόμενσι,
603 1164 657 1224 ἳνα
674 1157 720 1243 μή
734 1156 832 1223 κακόν
846 1182 876 1222 τι
899 1152 953 1221 διό
977 1160 1032 1240 τῆς
1051 1154 1161 1233 νυκτός
1183 1167 1249 1236 τοῖς
1269 1163 1380 1224 ἐναν-

257 1271 336 1340 τίοις
365 1263 518 1351 όπιτεχθῇ
529 1311 539 1344 ,
567 1259 679 1336 ἔδοξαν
707 1259 894 1343 ἡλογηκόναι
922 1258 977 1321 καί
1002 1259 1266 1338 καταψεύσασθαι
1304 1263 1378 1331 ταῖν

257 1368 411 1431 σπονδῶν.
454 1363 508 1429 διό
543 1364 639 1427 τούτο
660 1364 716 1425 καί
737 1358 820 1442 ταχύ
842 1363 1000 1433 σαλπίσας
1031 1358 1223 1440 όβασιλεός
1244 1362 1281 1426 τό
1307 1386 1374 1425 πο-
1388 1378 1421 1430 10

258 1464 397 1548 λιμικόν,
418 1468 533 1550 ίξῆλθε
556 1464 754 1548 πανστρατιᾷ
771 1464 828 1544 τῆς
849 1462 1064 1543 παρεμβολῆς,
1083 1458 1139 1523 καί
1159 1470 1224 1538 τοῖς
1244 1468 1375 1546 τείχεσι

259 1573 487 1650 προσεπίλοσε.
545 1565 800 1646 καταπλαγέντες
831 1564 866 1627 δὲ
891 1557 920 1623 οἱ
947 1564 1081 1643 Τοῦρκοι
1101 1565 1156 1625 καί
1180 1561 1257 1648 πρός
1279 1567 1373 1629 σ’πσ-
1485 1640 1486 1643 ¹

258 1671 367 1751 λογίας
392 1670 604 1751 τραπόμενοι,
640 1667 696 1728 καί
724 1665 853 1728 πλείονα
879 1651 986 1726 πίστιν
1014 1666 1070 1746 τῆς
1092 1656 1217 1728 tarem
1239 1665 1373 1731 α’πσλιν-

257 1771 404 1854 τροόσεοος
425 1765 634 1853 αἰτησόμενοι
653 1766 710 1830 καί
731 1765 888 1846 λαβόντες,
910 1766 1012 1842 ἐξίασι
1028 1766 1088 1843 μὲν
1111 1766 1145 1827 ἐκ
1167 1768 1220 1848 τῆς
1242 1766 1370 1844 πόλεως

257 1869 339 1951 μετό
360 1871 413 1956 τῆς
435 1873 551 1945 οἰκείας
573 1871 762 1951 α’ποσκενιῑς,
784 1864 838 1929 καί
853 1868 895 1954 τῷ
908 1870 1040 1947 βασιλεῖ
1055 1868 1303 1948 γονσκλινσόσιν,
1325 1869 1368 1931 σύ
1380 1887 1410 1939 15

178 1981 182 1987 '
258 1979 363 2046 κεναῖς
384 1971 420 2035 dd
442 1972 555 2053 χερσίν
584 1966 666 2033 α’λλό
700 1969 813 2041 πόντος
835 1964 995 2053 ξιφήρεις,
1024 1970 1079 2031 καί
1099 1968 1142 2054 τῷ
1160 1970 1292 2047 βασιλεῖ
1308 1993 1369 2051 γυ.

257 2071 327 2156 usqi
346 2074 522 2144 πανοπλίας
554 2068 584 2133 οἱ
612 2071 769 2144 πλείονες
786 2070 1055 2151 προσεγγίζσντες·
1111 2060 1163 2131 ότε
1194 2066 1231 2151 δὴ
1266 2067 1368 2143 σύτός

259 2168 439 2255 σνμπαρών
458 2172 515 2235 σύκ
538 2166 675 2256 ἐπῄνεσα
690 2167 748 2253 τὴν
764 2172 819 2233 τοῦ
832 2170 990 2249 βασιλέως
1009 2164 1171 2252 ἁπλότητα
1183 2170 1285 2250 μόσσν
1301 2174 1365 2233 θα-

261 2271 429 2335 νατοόντοσν
458 2271 585 2355 όνδροόν
612 2271 669 2336 καί
695 2269 795 2357 τόλμῃ
815 2271 872 2333 καί
901 2267 1035 2354 όπσνσίρ
1057 2266 1227 2346 συζώντων
1248 2264 1368 2335 ἑαυτόν

262 2370 485 2455 ἀθωράκιστον
504 2376 744 2454 καταμίξαντας.
1375 2386 1409 2439 20

354 2465 480 2557 Ἕτερον
501 2475 537 2538 δέ
559 2498 589 2538 τι
618 2455 820 2558 σσνηνδχθη,
850 2476 943 2557 ζῆλον
975 2474 1034 2553 μὲν
1056 2472 1113 2535 τού
1133 2475 1291 2554 βασιλέως
1312 2474 1368 2538 δι-

262 2574 428 2658 καιοσύνης
457 2572 639 2660 φαντόζσν,
670 2563 807 2659 ιῖμετρσν
837 2575 872 2639 δὲ
905 2572 959 2657 τὴν
980 2578 1136 2658 τιμωρίαν
1155 2576 1210 2637 καί
1228 2567 1285 2638 σόοι
1305 2576 1366 2638 εύ-

262 2677 340 2760 aceo}
367 2681 603 2760 συντιθέμενον.
660 2674 824 2762 ἐγκληθείς
855 2670 916 2761 γάρ
938 2698 984 2751 τις
1013 2675 1075 2739 τῶν
1098 2678 1300 2759 στρατιωτοῖν
1319 2675 1365 2754 οἷς

336 2861 378 2916 17.
397 2860 453 2931 ό,τι
470 2864 501 2919 0.
537 2880 544 2886 ‘
576 2866 618 2919 19.
637 2864 842 2923 θανατούνταιν
867 2864 897 2917 G.
1024 2863 1068 2917 λθ.
1089 2866 1283 2937 καταμίξαντα
1313 2863 1341 2918 G.

263 3039 404 3101 precantes
423 3041 450 3087 et
468 3051 574 3088 suarum
590 3052 678 3088 rernm
698 3036 804 3087 veniam
823 3042 903 3103 atque
921 3043 951 3086 ut
970 3034 1067 3087 talibus
1087 3035 1254 3102 pactionibus
1272 3036 1361 3089 trade.

262 3112 324 3157 rent
343 3106 435 3157 urbem
453 3108 528 3175 regi:
553 3116 646 3175 pactus
671 3114 759 3158 autern
785 3105 837 3157 lroc
857 3114 884 3156 et
908 3106 1013 3175 legatos
1038 3107 1115 3159 donis
1134 3107 1268 3160 honorans
1286 3109 1360 3160 illico

264 3177 393 3246 qnondam
418 3179 490 3230 misit
515 3181 558 3230 cui
587 3178 726 3229 castellum
751 3178 902 3229 traderent:
932 3179 977 3245 qui
1002 3186 1089 3230 autern
1114 3180 1141 3231 in
1170 3180 1268 3246 oppido
1289 3188 1360 3232 erant

263 3248 424 3316 praesidium
452 3250 479 3298 in
499 3248 547 3299 tali
566 3257 687 3315 tempore
712 3250 836 3315 accipere
861 3263 915 3300 non
941 3251 1119 3313 sustinentes,
1146 3266 1198 3314 ne,
1221 3252 1284 3319 quid
1301 3250 1360 3302 mali

264 3318 315 3385 ipsi
337 3332 385 3383 per
402 3326 509 3368 noctem
529 3320 561 3370 ab
582 3319 702 3371 hostibus
723 3321 918 3387 experirentur,
938 3322 1042 3372 ratione
1064 3336 1156 3372 carere
1175 3324 1359 3388 sponsionem-

265 3403 317 3457 que
336 3386 469 3439 fefellisse
487 3390 539 3441 visi
557 3399 628 3442 sunt.
648 3392 817 3459 quamobrem
837 3393 924 3443 statim
944 3391 1071 3443 bellicum
1091 3408 1190 3444 canens
1209 3409 1257 3445 rex
1277 3395 1360 3445 omni.

244 3460 313 3521 ¹bns
333 3474 391 3509 cum
412 3461 497 3527 copiis
516 3463 610 3513 castris
630 3478 754 3531 egressus
773 3464 913 3515 moenibus
934 3464 1169 3531 appropinquavit.
1189 3466 1295 3517 attoniti
1313 3482 1360 3517 au-

264 3540 316 3582 tem
334 3530 481 3590 'lurcaeet
497 3532 530 3583 ad
550 3536 747 3586 excusationem
766 3537 838 3588 versi
857 3533 1179 3603 melioremquejpsorum
1200 3536 1361 3603 redemptio-

264 3603 306 3653 nis
324 3602 402 3655 lidem
421 3612 563 3669 poscentes
584 3614 611 3656 et
628 3607 794 3673 accipientes
813 3606 879 3659 urbe
900 3606 1072 3673 egrediuntur
1093 3621 1151 3657 cum
1170 3617 1298 3674 apparatu
1315 3622 1360 3660 suo

266 3690 410 3742 regemque
438 3690 510 3744 genu
535 3675 604 3727 flexo
632 3687 811 3743 venerantur,
839 3694 893 3749 non
919 3678 1024 3744 quidem
1050 3678 1142 3729 vacuis
1176 3680 1295 3731 manibus
1318 3679 1361 3732 sed

183 3798 187 3803 ,
266 3761 357 3799 omnes
391 3747 496 3815 gladios
523 3757 659 3816 gestantes
681 3752 797 3819 regique
815 3751 885 3801 nudo
905 3749 974 3798 omni
995 3757 1126 3800 armatura
1145 3750 1236 3816 plures
1255 3766 1359 3801 numero

155 3864 159 3869 .
265 3819 517 3887 appropinquantes.
563 3822 685 3888 equidem
703 3838 780 3886 vero,
800 3822 845 3888 qui
865 3828 919 3870 tum
940 3819 1060 3871 adessem
1080 3822 1152 3887 regis
1170 3821 1360 3888 simplicitatem

265 3888 373 3939 minime
391 3890 514 3956 probavi,
534 3908 592 3943 cum
612 3892 763 3944 bominibus
783 3892 896 3943 letiferis
918 3897 944 3939 et
963 3891 1073 3942 audacia
1085 3899 1165 3959 atque
1185 3894 1360 3960 intemperan-

266 3957 304 4006 tia
324 3958 491 4012 ferventibus
519 3978 649 4014 armorum
670 3980 765 4030 expers
785 3980 814 4013 se
833 3962 1004 4011 immisceret.
1150 3954 1157 3967 ‘

320 4084 323 4090 .
366 4046 418 4099 Sed
436 4050 508 4102 aliud
526 4052 589 4119 quid
606 4054 714 4117 accidit,
734 4052 850 4103 iustitiae
870 4047 975 4116 quidem
992 4052 1106 4103 studium
1126 4054 1198 4119 regis
1217 4052 1358 4113 celebrans,

266 4117 430 4167 immodicam
450 4136 515 4172 uero
535 4137 647 4189 poenam
665 4138 753 4191 neque
772 4123 840 4188 piam
861 4119 998 4173 exhibens.
1038 4132 1178 4177 accusatus
1199 4125 1269 4175 eninr
1286 4122 1358 4175 miles

267 4187 337 4257 quod
367 4188 479 4242 asellum
504 4192 641 4246 Turcicam
661 4196 763 4248 furatus
783 4200 855 4279 esset
882 4192 914 4243 ad
938 4208 1029 4262 regem
1050 4194 1231 4249 adducebatur
1245 4198 1358 4261 νόσοισι,
