3017 4892
282 297 366 378 304
583 301 804 374 ΜΙΩΕλΕΗθ
834 296 1094 370 tumorum

289 457 292 464 ¹
375 469 425 536 Ου’
445 467 510 552 μὴν
530 469 565 534 δὲ
588 463 669 531 ἀλλά
693 464 824 550 κοίτην
845 466 966 586 μητέρα
988 457 1103 526 τοότου
1126 447 1284 521 πλέονό
1311 455 1427 518 Βατα-

290 571 411 655 νειότης
436 561 515 652 ἥπερ
535 568 690 642 ἐκεῖνος’
674 570 805 649 ετίμησε
826 562 882 630 καί
907 564 1081 642 ἐσέμνυνε,
1111 583 1168 622 και
1203 552 1251 620 τό
1290 550 1428 634 θυμηρη

291 669 392 756 ταότη
414 666 639 755 ἀφθονώτερον
668 662 892 786 όπειργόσατο.
935 664 1052 734 έκεινος
1072 659 1133 784 φάρ
1156 651 1330 739 μοναχὸν
1352 653 1428 714 ἀπι-

292 773 399 850 δείξας
431 769 465 834 ἔκ
485 771 674 852 βασιλίσσης
696 765 751 830 καί
765 771 1054 888 μελαμφοροάσαν
1067 763 1102 826 έκ
1121 753 1356 844 πορφυρίδος
1379 755 1427 815 καί

291 871 491 994 περιχρόσφυ
513 871 694 954 περιβολῆς,
716 864 772 931 καί
792 865 966 950 ἀειφυγίαν
990 858 1108 944 ταυ’της
1131 862 1344 940 κατέκρινε·
1375 852 1438 922 nait

285 962 333 1056 „dv
348 967 460 1051 ἕξοι
420 995 477 1055 της
495 955 617 1044 πόλεως
636 964 728 1034 τόπον
751 969 785 1029 έκ
800 962 898 1030 τόπου
919 964 1100 1045 ἀμείβουσα
1114 955 1201 1042 μετό
1226 959 1309 1022 τᾶν
1324 954 1420 1018 adrn-

197 1124 200 1129 ι
292 1073 420 1158 δέλφαν
442 1072 560 1189 κάτφῦ,
582 1094 634 1135 ναι
631 1067 731 1134 οὐδὲ
753 1062 930 1185 συνεχώρει
952 1061 1009 1139 τός
1029 1062 1174 1146 θηλείας,
1197 1056 1346 1142 ώρατάς
1368 1048 1419 1116 ου’-

200 1173 205 1186 “
292 1197 352 1247 σας
376 1171 455 1256 πρὸς
475 1169 587 1252 γόμον,
610 1172 643 1244 ές
672 1166 790 1253 ἀνδρός
807 1169 960 1253 φοιτῆσαι
979 1167 1114 1284 φομίμου
1136 1159 1196 1226 καί
1217 1157 1264 1225 sd
1293 1159 1338 1246 τῇ
1360 1157 1418 1243 φί-

293 1296 343 1339 οει
365 1273 641 1354 κεχρειοστημίνον
671 1269 932 1356 ἀφοσιώσασθαι.
974 1291 991 1330 ο
1013 1267 1048 1343 δε
1075 1258 1309 1344 Βστανειότης
1335 1257 1415 1332 &nir

294 1375 350 1456 τῆς
372 1369 491 1446 πόλεως
519 1378 676 1436 συνοικεῖν
703 1367 785 1453 μετὰ
811 1370 875 1434 τών
907 1368 1028 1433 παίδων
1051 1359 1150 1448 αότην
1179 1358 1441 1445 συνεχώρησαν

294 1476 350 1538 κατ’
369 1469 424 1538 ἴσα
446 1473 500 1536 καί
517 1475 639 1555 μητέρα
661 1473 775 1552 ε’τίμα,
799 1470 853 1534 καί
882 1469 957 1543 τοός
979 1466 1096 1542 παῖδας
1123 1457 1230 1546 αότῆς
1261 1462 1415 1546 ε’πιφανε·

296 1567 420 1649 οτότοις
441 1571 639 1656 έλόμπρυνεν
661 1569 908 1652 ἀξιώμασι,καί
930 1577 1074 1650 συνεχεῖς
1097 1563 1225 1648 δαρεός
1253 1563 1353 1650 αάτῇ
1366 1561 1414 1625 κατ’

297 1678 445 1748 παντοίας
465 1666 648 1757 εὐεργεσίας
665 1675 866 1753 κατέπεμπε,
894 1671 950 1735 καί
966 1671 1065 1753 τριών
1084 1670 1250 1750 σεκρέτων
1278 1669 1342 1730 καί
1359 1665 1412 1728 τόν

248 1843 251 1847 ,
299 1770 403 1842 όλλαιν
423 1777 572 1859 χρηστών
593 1777 708 1859 κυρίαν
736 1770 856 1858 ταύτην
887 1773 1049 1858 ἀπέφηνε,
1077 1770 1133 1832 καί
1154 1766 1408 1831 πολυταλόνται

299 1873 431 1944 εἰσόδων
453 1876 596 1960 ἠξίωσεν.
641 1872 720 1940 όλλό
748 1872 803 1937 καί
823 1871 879 1949 τός
903 1876 1084 1956 θυγατέρας
1111 1870 1213 1953 αάτῆς
1235 1865 1331 1952 πρός
1358 1874 1436 1950 yse-ii

298 1976 394 2063 μικὴν
414 1976 543 2059 ὁμιλίαν
563 1979 670 2041 έλθεῖν
689 1973 905 2059 συνεχώρησε,
930 1977 1068 2047 καὶτοῖς
1088 1969 1228 2053 πρώτοις
1252 1970 1325 2035 τών
1340 1993 1411 2050 συγ-

300 2084 451 2162 κλητικῶν
472 2075 506 2144 τό
530 2080 625 2160 κῆδος
637 2078 755 2142 τούτων
775 2067 1002 2160 συμιτλακῆναι
1022 2077 1204 2139 κατένευσε.
1254 2071 1319 2136 καί
1338 2064 1409 2143 ὅλας

301 2177 539 2264 χαρμονῆςικαί
559 2181 721 2262 θυμηδίας
753 2176 810 2261 την
832 2179 1056 2261 δυστυχοῦσαν
1080 2177 1134 2239 ε’πί
1152 2177 1222 2239 .τοό
1252 2169 1409 2257 βασιλεί-

305 2303 420 2358 σαντος
442 2277 555 2355 παιδὸς
576 2281 632 2344 καί
651 2283 836 2364 θρηνοῦσαν
855 2277 872 2342 ό
893 2277 1060 2363 ἀλλότριος
1080 2281 1135 2341 καί
1155 2279 1246 2353 ξένος
1279 2271 1408 2348 τοῦεῖ-

301 2403 402 2463 ματος
420 2382 517 2463 αάτῆς
537 2377 691 2462 βασιλεῦς
713 2383 873 2466 ἐνέπλησε,
896 2378 951 2444 καί
971 2381 1140 2462 περίοπτον
1161 2379 1262 2442 πλέον
1281 2369 1436 2460 ἦπερτόιθ

302 2477 453 2566 πρότερον
470 2478 604 2562 ’ἔδειξεν

392 2581 433 2650 Ὃ
453 2585 489 2650 δδ
508 2582 566 2668 τήν
587 2587 647 2650 τοῦ
666 2587 824 2666 βασιλέως
853 2585 1040 2668 προαίρεσιν
1065 2581 1248 2666 ἀπεριέραν
1277 2575 1408 2664 ἀνθρα-

217 2767 226 2784 .
303 2689 394 2770 πίνης
415 2685 560 2763 διανοίας
582 2688 738 2773 ἐξέφαινε,
759 2686 853 2750 τοῦτο
882 2680 921 2767 δῆ
945 2682 1001 2754 καί
1023 2677 1145 2769 ῥητέον.
1191 2682 1301 2748 ότυῦ
1332 2706 1406 2768 προ-

374 2838 520 2944 3.’ταίτης
539 2873 590 2934 0..

403 3031 456 3087 Sed
475 3034 555 3088 etism
573 3040 683 3086 mntrenr
708 3032 788 3086 huius
814 3031 900 3102 mngis
916 3031 1071 3086 Bounintos
1089 3045 1167 3100 qnam
1192 3030 1243 3082 ilis
1262 3030 1405 3086 nonensis

305 3113 332 3160 et
349 3108 453 3158 veritus
473 3114 513 3160 est
533 3114 559 3158 et
581 3114 656 3175 gruta
676 3105 738 3158 huie
757 3105 900 3174 benignius
919 3104 993 3157 fecit.
1012 3103 1060 3156 ills
1079 3104 1150 3156 enim
1168 3103 1325 3156 monachum
1342 3105 1404 3156 red.

305 3178 371 3230 dens
390 3179 535 3247 exregina
556 3186 582 3229 et
601 3176 761 3246 squallidum
781 3193 814 3229 ex
833 3192 951 3244 purpura
969 3184 996 3227 et
1014 3191 1097 3229 nureo
1116 3177 1215 3228 amictu
1235 3176 1316 3228 etism
1334 3193 1403 3230 τετα-

304 3249 402 3319 piterni
421 3249 496 3301 eiilii
516 3248 585 3301 hanc
604 3248 754 3300 dnmnn‘vit:
774 3257 854 3316 atque
875 3257 932 3299 erut
950 3256 1025 3318 extra
1038 3249 1139 3312 urbem,
1153 3234 1248 3300 iocum
1265 3247 1327 3300 Ιοοο
1345 3265 1403 3300 mn.

304 3329 363 3373 tuns
384 3335 443 3370 cum
465 3319 590 3372 frutribus
611 3321 684 3372 eius:
711 3335 800 3388 neque
819 3320 1001 3384 concedebat,
1023 3328 1052 3371 ut
1068 3321 1231 3372 necessitate
1250 3319 1402 3372 ieninsrnm

305 3393 334 3444 in
351 3391 545 3443 matrimonium
566 3391 618 3444 viri
639 3407 672 3441 ex
690 3405 765 3444 more
796 3392 848 3443 iret
867 3399 893 3442 et
917 3399 1028 3444 nnturne
1053 3391 1142 3444 debita
1158 3390 1285 3458 placeret
1322 3391 1401 3444 uon.

198 3517 204 3524 ,
305 3463 391 3515 nintes
410 3471 498 3514 autem
517 3463 587 3514 intra
607 3463 698 3514 urbem
718 3462 840 3516 habitare
868 3479 926 3514 cum
944 3462 1038 3515 liberis
1058 3479 1114 3515 enm
1133 3479 1227 3531 passus
1247 3473 1301 3528 est,
1326 3471 1401 3532 ntqne

306 3541 336 3586 ut
354 3539 463 3586 matrem
483 3526 631 3586 honornbnt
659 3541 686 3585 et
714 3533 785 3586 filios
805 3536 861 3585 eius
889 3533 1042 3588 clarissimis
1068 3533 1218 3588 illustrabat
1237 3501 1400 3604 ώςόίιαιίθατ

216 3657 219 3666 ,
309 3610 336 3658 et
354 3605 480 3658 continua
505 3605 573 3658 donn
598 3607 623 3656 ei
649 3613 675 3657 et
699 3607 776 3659 varie
792 3606 925 3658 beneficia
944 3606 1082 3670 mittebat,
1104 3615 1131 3658 et
1147 3608 1227 3658 trium
1245 3617 1400 3661 secretornn

309 3685 336 3730 et
356 3685 503 3730 ceterarum
523 3693 611 3730 rerum
623 3677 727 3730 utilium
747 3661 878 3729 dominum
893 3677 961 3730 hane
981 3679 1097 3732 ostendit
1116 3687 1143 3730 et
1159 3677 1299 3731 multorum
1316 3679 1400 3732 tnlsn-

307 3757 394 3800 torum
413 3749 542 3802 reditibus
555 3748 745 3820 dignatusest:
767 3749 815 3801 sed
835 3751 912 3800 etiam
926 3749 994 3802 filins
1018 3751 1075 3802 eius
1095 3751 1122 3802 in
1147 3752 1296 3818 nuptiarum
1314 3752 1400 3805 socie.

308 3827 389 3874 tutem
408 3821 449 3873 ire
467 3837 560 3890 passus
580 3830 621 3874 est
643 3829 669 3871 et
687 3820 853 3889 principibus
885 3827 1036 3873 sumturum
1055 3822 1211 3875 affinitatem
1230 3821 1320 3875 horum
1337 3838 1398 3874 con-

309 3893 384 3960 iungi
403 3894 511 3946 adnuit:
531 3901 611 3962 utque
632 3894 738 3943 omnino
755 3892 853 3959 gaudio
874 3892 1047 3945 ethiinritnte
1059 3893 1195 3945 infelicem
1214 3894 1263 3945 sub
1279 3902 1399 3963 regnante

309 3961 365 4013 filio
387 3971 413 4014 et
434 3973 562 4018 moestum
581 3964 741 4033 peregrinus
762 3971 789 4015 et
807 3963 912 4017 alienus
931 3980 947 4016 τ
969 3966 1100 4033 sanguine
1132 3967 1189 4018 eius
1213 3981 1260 4018 rex
1277 3964 1395 4034 implerit

294 4037 391 4104 ,atque
412 4035 510 4088 claram
529 4038 613 4104 magis
633 4051 710 4104 quam
731 4043 810 4087 untes
828 4037 953 4088 ostendit.

409 4129 486 4195 Quod
504 4142 592 4186 nutem
612 4134 685 4202 regis
704 4132 872 4186 voluntatem
885 4134 1054 4200 superiorem
1069 4133 1182 4186 hument
1200 4131 1310 4184 consilio
1324 4119 1398 4182 ιοιι.

307 4206 418 4270 strnbnt,
440 4202 492 4255 hoc
510 4220 618 4274 quoque
640 4205 780 4276 dicendum
799 4212 849 4260 est.
892 4205 990 4275 prioris
1014 4207 1089 4277 regis
1110 4202 1398 4271 reterodamus,
