3017 4892
269 317 344 396 218
562 323 783 398 urcalnras
814 319 1074 392 λπλιΙΟΤλΕ
1142 333 1173 381 ·,

267 506 407 596 βοτέρας
422 509 547 596 Ῥώμης
568 506 719 591 μεταθεὶς
739 500 795 591 τὴν
809 506 978 589 βασιλείαν
991 505 1036 579 εἷς
1058 501 1093 568 τό
1108 499 1305 588 Βυζάντιον,
1326 505 1395 592 α’φ’

269 609 345 676 όταν
383 608 440 676 τόν
470 614 651 691 Μαξὲντιον
686 611 764 694 περί
792 605 848 684 τάς
889 608 974 672 κάτω
1002 608 1142 681 Γαλλίας
1174 607 1394 690 κατετροποά-

267 735 368 796 octo,
394 716 433 803 τῇ
464 712 612 791 ἐπιδείξει
643 715 703 777 τού
727 714 901 799 στασρικοῦ
931 713 1063 794 σημείου
1092 707 1151 791 τὴν
1182 711 1275 792 νίκην
1297 702 1392 773 άνω-

266 818 325 879 θεν
342 817 563 901 μνηστεοθείς,
584 812 659 890 τούς
678 798 860 896 άξιολόγοος
886 816 949 876 τῶν
965 809 1170 894 Ιεύπατριδοῖν
1190 810 1248 875 καί
1265 815 1392 892 τιμίων

267 916 301 979 ἐν
322 912 423 1006 ταύτῃ
443 918 481 1004 τῇ
500 917 555 1005 νίρ
572 915 677 1004 Ῥύμῃ
697 917 771 994 μεθ’
801 910 917 979 ἑαυτοῦ
945 912 1141 997 παραλαβών
1159 912 1324 1001 μετῴκισὲ
1346 918 1421 978 τε5

206 1002 208 1013 “
268 1016 324 1078 καί
340 1020 537 1097 συμπολίτας
560 1013 679 1080 ἓαοτού
701 1014 933 1099 α’πειργάσατο,
959 1012 1109 1111 λαμπράς
1131 1015 1233 1085 οἰκίας
1254 1008 1392 1088 τούτοις

266 1114 510 1198 δπιδειμάμενος
540 1115 619 1181 κατά
645 1115 701 1199 τόν
726 1119 901 1202 ἐμφέρειαν
927 1117 990 1181 τῶν
1014 1118 1048 1179 ἐν
1068 1113 1106 1200 τῇ
1127 1116 1252 1201 παλαιᾷ
1270 1098 1391 1202 Ῥύμῃ

265 1218 443 1291 πολυτελῶς
464 1216 765 1299 κατεσκευασμένων
785 1213 888 1282 οἴκων.
932 1219 966 1280 ἐκ
987 1215 1107 1280 τούτων
1123 1206 1190 1298 σύν,
1213 1214 1259 1291 οὖς
1280 1216 1300 1278 δ
1326 1210 1391 1278 λά-

264 1339 319 1399 γος
340 1313 429 1401 αἱρεῖ
446 1315 501 1381 καί
529 1318 549 1401 ἡ
580 1320 770 1402 τοῦγένους
802 1311 953 1403 άναφορά
975 1318 1139 1400 περιάγει,
1164 1316 1196 1380 οἱ
1218 1317 1388 1392 Φωκάδες

267 1417 361 1483 αύτοί
389 1421 596 1503 καταγόμενοι
625 1415 680 1503 τήν
700 1442 734 1483 τε
756 1418 966 1504 περιφάνειαν
985 1410 1111 1482 ἄνωθεν
1142 1414 1239 1500 ἔσχον
1261 1416 1322 1481 καί
1342 1417 1426 1486 vdit

264 1520 322 1602 τῆς
342 1518 475 1603 ἀνδρίας
497 1508 713 1603 α’λκιμιάτατον
731 1523 787 1585 καί
809 1513 1020 1600 άνύποιστον,
1046 1520 1080 1581 ἐκ
1101 1520 1165 1583 τόν
1186 1516 1382 1599 ὀνομαστῶν

264 1621 390 1685 ἐκείνων
413 1623 555 1708 Φαβίων,
577 1617 622 1699 όός
641 1645 702 1687 που
726 1617 779 1685 διά
804 1623 916 1701 βίβλον
931 1618 1015 1696 τινός
1035 1623 1176 1695 παλαιάς
1197 1616 1382 1702 ἒχειραγω·

132 1716 479 1804 t.214;.yrjdqvncrt‚
514 1722 571 1806 τὴν
593 1721 698 1807 α’ρχὴν
715 1724 773 1787 τού
792 1725 903 1804 γένους
933 1721 1126 1807 ἐφέλκοντες.
1170 1711 1378 1785 obmittat

265 1818 383 1903 Φάβιοι
404 1824 438 1887 ἐν
459 1823 498 1909 τῇ
521 1825 645 1912 παλαιᾷ
660 1820 767 1911 Ῥύμῃ
788 1820 843 1897 τάς
863 1821 991 1908 πρώτας
1012 1820 1106 1906 ἔσχον
1120 1822 1225 1906 άρχάς
1246 1826 1307 1886 καί
1326 1846 1377 1887 τι-

261 1917 336 2003 μάς,
359 1925 414 1987 καί
435 1922 508 2011 ῥίζα
532 1919 655 1990 πάντων
669 1927 732 1989 τῶν
757 1927 893 2009 εύγενιάν
915 1919 1067 1988 καὶκατὰ
1086 1932 1183 2008 χεῖρα
1207 1926 1373 2009 καρτερῶν
1382 1936 1415 1988 15

263 2025 484 2107 ἕγνωρίςοντο·
526 2026 581 2090 καί
604 2024 709 2103 οόδείς
736 2023 859 2091 τούτων
878 2024 1002 2111 ἐσφάλη
1025 2027 1098 2089 ποτὲ
1119 2023 1194 2107 περί
1213 2028 1375 2106 πελέμοος

262 2124 319 2186 καί
339 2126 503 2201 κινδύνους
538 2128 780 2210 ἀγωνιζόμενος.
833 2125 913 2190 άλλά
937 2127 971 2190 τὸ
994 2127 1119 2209 εύγενὲς
1149 2131 1205 2191 καί
1223 2118 1372 2206 ἐπίδοξον

264 2224 321 2315 οόκ
343 2224 377 2289 όν
400 2228 439 2313 τῇ
459 2231 516 2291 τοό
538 2230 647 2310 γε’νοος
675 2221 761 2309 εἶχον
781 2225 990 2312 ἐπισημότητι
1013 2222 1113 2315 μόνη,
1144 2225 1225 2298 άλλά
1248 2232 1309 2292 κάν
1331 2232 1372 2318 τῇ

261 2326 323 2389 τιόν
344 2327 490 2410 πράξεων
513 2331 661 2415 διέφερον
683 2329 902 2413 λαμπρότητι,
932 2329 987 2394 καί
1007 2335 1131 2395 πολλῶν
1148 2330 1295 2413 α’ναγκαῖν
1317 2335 1374 2394 καί

261 2424 417 2491 κινδύνων
446 2423 597 2515 άφύκτων
624 2428 741 2512 σχεδόν
770 2428 826 2514 την
842 2430 975 2516 Ῥώμην
998 2432 1051 2496 διά
1074 2436 1128 2516 τῆς
1150 2433 1266 2507 οἰκείοις
1288 2432 1412 2517 doe-20

184 2571 198 2583 -
261 2528 319 2610 τῆς
344 2529 398 2590 καί
419 2530 699 2617 μεγαλοφροσύνης
727 2535 782 2597 καί
805 2532 937 2617 άνδριάς
960 2532 1143 2617 ἐρρύσαντο.
1187 2529 1222 2596 ἐκ
1244 2528 1369 2598 τούτων

262 2624 293 2693 οἱ
316 2630 504 2712 Σκηπίωνες,
526 2631 581 2695 καί
603 2630 618 2695 ό
640 2631 831 2720 Ἀφρικανός
855 2636 999 2723 Σκηπίων
1029 2634 1046 2696 ό
1069 2632 1123 2697 τὸν
1154 2634 1369 2717 άκαταμάχη-

262 2750 315 2791 τον
336 2729 455 2795 ε’κείνον
475 2728 636 2817 Ἀννίβαν,
657 2734 713 2799 τόν
739 2733 794 2799 καὶ
814 2731 916 2820 αύτήν
930 2732 988 2819 τη“ν
1003 2734 1136 2819 Ῥάμην
1156 2738 1366 2820 πολιορκῆσαι

334 2921 376 2976 19.
397 2921 597 2999 διαφερόντων
616 2927 645 2983 0.

259 3094 326 3148 tium
344 3097 372 3149 in
393 3098 480 3152 Gallia
507 3100 636 3155 inferiore
664 3104 804 3157 devicerat
838 3112 977 3173 praetento
1006 3105 1093 3159 crucis
1118 3108 1195 3176 signo
1222 3108 1364 3160 victoriam

260 3183 376 3235 superne
395 3172 516 3239 adeptus,
535 3175 722 3227 memorabiles
743 3193 777 3228 ex
794 3176 945 3230 illustribus
966 3186 993 3229 et
1012 3178 1150 3231 honoratis
1169 3180 1196 3230 in
1216 3180 1284 3231 hanc
1306 3195 1362 3231 no.

259 3254 319 3291 vam
339 3239 448 3293 Romam
467 3258 557 3297 secum
577 3246 652 3297 duxit
671 3255 697 3297 et
716 3248 849 3301 stabilivit
867 3258 893 3301 et
921 3251 995 3301 cives
1019 3264 1082 3322 suos
1106 3250 1236 3317 reddidit,
1266 3252 1361 3321 splen.

259 3310 320 3361 dida
338 3312 460 3364 aedilicia
478 3314 519 3365 bis
550 3316 666 3370 condens
692 3334 724 3370 ex
750 3321 923 3373 similitudine
950 3322 1083 3373 domuum
1100 3324 1128 3372 iu
1157 3331 1250 3375 vetere
1277 3324 1363 3377 Roma

259 3380 400 3449 splendide
419 3390 620 3440 exstructarum.
658 3388 691 3439 ab
712 3389 752 3443 his
774 3393 866 3458 igitur,
885 3401 916 3443 nt
934 3393 1004 3445 lama
1024 3394 1104 3445 docet
1123 3401 1150 3445 et
1166 3396 1276 3463 generis
1286 3396 1362 3447 rela-

259 3454 297 3506 tio
318 3452 404 3520 affert,
424 3456 561 3511 Phocades
581 3458 633 3525 ipsi
652 3461 760 3513 deducti
779 3464 893 3531 gloriam
912 3480 1029 3532 superno
1047 3465 1181 3519 habebant
1200 3476 1227 3519 et
1253 3469 1361 3519 virtutis

258 3523 342 3577 robur
361 3534 388 3578 et
406 3528 564 3595 victoriam,
584 3543 617 3582 ex
636 3532 773 3586 nobilibus
793 3534 848 3587 illis
867 3531 972 3601 Fabiis,
995 3545 1025 3587 ut
1042 3537 1114 3588 libro
1133 3540 1248 3606 quodum
1267 3547 1364 3591 vetere

257 3596 400 3665 aliquando
420 3602 564 3654 instructus
583 3619 649 3669 sum,
668 3607 828 3673 principium
849 3610 958 3676 generis
978 3607 1125 3662 trabentes.
1163 3610 1190 3661 bi
1209 3618 1298 3663 autem
1307 3609 1363 3662 Fa.

257 3670 295 3721 bii
315 3670 342 3722 in
362 3682 456 3726 vetere
475 3674 558 3727 Roma
576 3676 675 3742 primos
695 3678 846 3731 babuerunt
863 3681 1034 3748 magistratus
1054 3688 1081 3731 et
1099 3680 1215 3734 honores
1241 3691 1269 3734 et
1286 3682 1364 3733 radix

258 3744 375 3795 omnium
394 3745 540 3799 illustrium
560 3755 586 3798 et
603 3763 682 3800 manu
702 3749 811 3802 fortium
830 3751 1014 3803 indicabantur
1032 3768 1123 3820 neque
1142 3755 1282 3822 quisquam
1308 3754 1363 3807 bo.

257 3830 318 3866 rum
334 3814 425 3882 lapsus
445 3827 485 3870 est
504 3831 617 3887 unquam
639 3822 665 3871 in
683 3820 765 3873 bellis
786 3830 813 3871 et
833 3822 962 3887 periculis
984 3826 1121 3888 certando,
1136 3826 1183 3878 scd
1192 3827 1363 3879 nobilitatem

258 3892 285 3934 et
303 3886 417 3951 gloriam
435 3905 489 3942 non
509 3890 595 3942 solum
613 3892 640 3942 in
660 3894 768 3959 generis
788 3891 910 3945 claritate
929 3892 1072 3959 habebant,
1092 3897 1237 3949 sedetiam
1263 3900 1291 3949 in
1318 3898 1363 3949 la-

258 3962 357 4007 etorum
378 3961 569 4013 excellentium
595 3962 748 4027 splendore,
779 3970 806 4013 et
834 3964 924 4016 runltis
950 3965 1154 4021 difficultatibus
1180 3976 1207 4021 et
1230 3969 1363 4037 periculis

256 4024 404 4091 desperatis
429 4033 486 4082 lere
510 4031 618 4084 Romam
649 4050 696 4087 sua
725 4035 825 4086 virtute
852 4044 879 4087 ct
903 4039 1119 4103 magnanimitate
1147 4048 1175 4091 et
1204 4041 1364 4092 fortitudine

256 4094 413 4152 solveruntr
433 4104 465 4153 ab
484 4103 526 4155 bis
546 4106 650 4160 oriundi
670 4106 820 4174 Scipiones,
839 4116 920 4175 atque
941 4108 1033 4176 Scipio
1052 4111 1205 4175 Africanus,
1225 4114 1271 4181 qui
1286 4113 1364 4164 invi.

257 4176 327 4220 ctum
348 4168 424 4222 illum
444 4173 621 4229 Hannibalem
642 4185 668 4227 ot
686 4181 770 4244 ipsam
789 4177 897 4232 Romam
922 4190 1137 4251 oppugnaturum
1156 4182 1229 4237 clarc
1256 4183 1367 4249 fugarit

258 4246 285 4292 et
305 4240 397 4295 urbem
418 4245 485 4310 eius,
506 4246 694 4317 Carthaginem
715 4264 836 4319 magnam
856 4260 883 4303 et
901 4252 998 4306 incolis
1018 4252 1212 4322 frequentatam
1230 4259 1257 4305 et
1270 4253 1364 4306 bomi-
