3017 4892
247 326 305 410 84·
535 323 755 398 ulduinus
786 316 1045 394 mlttordn

248 489 499 583 ριπεπτακύτες,
517 484 572 556 tn
592 490 673 576 πρὸς
695 485 734 555 τά
758 489 898 573 σφέτερα
923 474 1079 570 ἦλαύνον,
1109 478 1140 545 οἱ
1159 479 1214 567 τήν
1236 478 1368 547 τοιαύ-

113 608 239 667 61836.
248 622 326 718 τιχν
338 602 455 679 μοῖραν
497 592 690 676 πληροῦντες
721 580 760 655 ού
788 583 887 711 μόνον
921 584 959 650 τά
995 583 1147 668 άλλύτρια
1186 577 1266 646 άλλά
1298 581 1363 645 καί

250 697 288 767 τά
312 693 441 762 ἑαυτῶν
460 689 576 776 σχεδὸν
597 686 797 772 άπίβαλον“
779 686 937 769 άπαντες,
968 688 1022 749 καί
1044 684 1210 765 δυστυχῶς
1232 682 1277 757 εἷς
1294 678 1396 765 τήν

251 784 457 886 παρεμβολχν
486 795 709 871 ε’πανύζευξαν.
764 789 780 855 6
810 790 846 853 66
871 786 1025 909 βαριλεύς
1054 784 1128 869 περί
1145 785 1204 848 τού
1225 786 1360 902 πλρθυ-

250 925 333 985 σμου
319 893 592 976 πυνθανόμενος
621 886 761 976 ἤσχαλλε
790 894 849 973 μὲν
875 912 927 954 και
924 887 1123 974 ἠδημόνει,
1146 882 1299 1009 στρατιάν
1326 887 1391 959 δ’5

251 999 429 1085 ἀξιόμαχον
450 1000 664 1079 σοναθροῖσαι
698 996 752 1057 καί
787 988 936 1073 δυνάμεις
959 990 1089 1075 α’φείναι
1114 986 1236 1062 τούτοις
1258 987 1359 1071 σ’κνη-

251 1103 389 1191 ρύτερος·
401 1093 458 1183 66,
490 1096 534 1171 οἷς
552 1098 612 1176 μέν
630 1118 729 1173 τινες,
748 1095 860 1179 φειδοῖ
879 1096 940 1155 τάν
962 1086 1181 1170 ἀναλωμάτων
1203 1080 1259 1171 (ἧν
1280 1086 1357 1212 χάρ,

252 1204 297 1281 οἷς
317 1206 515 1287 προίφαμεν,
537 1195 782 1321 φιλοχρήματος
802 1188 948 1279 ύάνὴρ),
977 1186 1020 1267 οἷς
1041 1186 1112 1252 6'’⁴
1091 1212 1182 1273 ενιοι,
1203 1188 1248 1272 μὴ
1269 1188 1359 1255 άπα-

251 1304 385 1388 θαρρῶν
421 1298 500 1387 πρὸς
531 1296 681 1381 τοιαύτην
708 1294 804 1415 ἰσχύν
828 1289 1164 1377 άντιπαρατάξασθαι·
1217 1294 1272 1356 καί
1289 1292 1357 1377 γάρ

252 1398 388 1478 ἅπαντας
408 1397 619 1494 ἀπρόσμαχον
644 1392 724 1463 εἶναι
747 1395 783 1461 τύ
807 1398 869 1461 τῶν
891 1396 1039 1459 ἐναντίων
1060 1396 1181 1477 πλῆθος
1200 1394 1258 1457 καί
1276 1387 1358 1470 ολως
1370 1410 1411 1464 10

253 1504 510 1589 άκαταχύνιστον
532 1501 742 1566 συνετίθεντο
764 1498 928 1583 μηδὲγὰρ
952 1490 1034 1561 εἶναι
1053 1498 1119 1559 τάν
1126 1493 1360 1579 ἐνδεχομένων

253 1634 274 1691 6
259 1601 440 1673 δυνατῶν
459 1603 615 1667 ύπενόουν
637 1598 797 1677 τοσαύτας
814 1597 988 1683 μυριάδας,
1010 1600 1137 1687 πολέμῳ
1158 1598 1215 1660 καί
1234 1596 1359 1678 μάχαις

252 1704 534 1790 συντεθραμμένος
568 1700 624 1765 καί
649 1706 855 1786 προχείρους·
870 1696 1009 1781 ἐχούσας
1028 1696 1086 1771 τάς
1108 1693 1213 1775 δεξιάς
1232 1697 1287 1760 καί
1300 1718 1359 1779 χε-

253 1810 476 1892 γυμνασμύνας
508 1800 594 1888 αρύς
612 1794 879 1867 α’ντικατάστασιν
902 1800 957 1863 καί
985 1800 1160 1883 άναίρεσιν,
1180 1796 1357 1881 παρατάξει

254 1906 588 1988 κατατροπιύοασθαι,
622 1900 677 1967 καί
703 1897 868 1985 άμήχανος
902 1899 1004 1966 tto'm
1024 1899 1162 1983 πάσινῆ
1188 1894 1357 1983 λύτρωσις,
1367 1915 1406 1968 15

152 2032 158 2039 ·
255 2007 316 2073 καί
331 2009 494 2087 μετοικίαν
514 1997 586 2089 ῗῆθη
607 2000 644 2067 τά
666 2001 726 2085 τήν
749 2002 904 2087 Εύρτύπχν
927 1997 1015 2068 άπαν
1035 2003 1141 2066 οίκούν
1161 1996 1356 2081 ἐβουλεύετο.

256 2097 341 2172 ύύὲ
372 2104 523 2189 βασιλεύς
554 2106 725 2187 πρεσβείαν
752 2100 957 2178 α’πεσταλκύς
985 2101 1066 2189 πρύς
1095 2100 1169 2176 τούς
1194 2097 1359 2185 ἐθνάρχας

257 2208 365 2275 αύτούν
386 2210 551 2290 ε’πειροῖτο,
576 2208 651 2270 καθ’
673 2198 749 2269 ‹taos›
772 2194 838 2268 οἷόν
861 2227 904 2285 τε,
927 2204 1062 2281 τούτους
1081 2212 1283 2289 παρενεγκεῖν
1304 2201 1360 2268 καί

257 2308 338 2394 πρὸς
360 2303 472 2393 καερύν
507 2311 708 2372 καταστεῖλαι
739 2302 795 2369 καί
823 2302 917 2370 πάλιν
938 2307 985 2380 είς
1004 2302 1062 2389 τὴν
1083 2302 1256 2392 ύοτεραίαν
1276 2307 1358 2387 βου-

257 2405 423 2491 λεύεσθαι,
445 2407 544 2483 πολλὰ
568 2406 692 2482 τούτοις
715 2407 894 2480 ἐπιστείλας
916 2398 1073 2489 ἐπαγωγά.
1118 2402 1174 2469 καί
1192 2425 1404 2495 peronem-20

157 2497 159 2500 V
256 2508 402 2592 ψάμενος
424 2510 527 2587 ἐνίους
541 2511 721 2592 χαρίσμασι
747 2510 876 2583 τούτους
903 2502 1105 2584 ἐδεξιώσατο.
1156 2508 1192 2572 τὸ
1217 2508 1245 2573 6’
1267 2504 1358 2583 ἔθνος

253 2610 405 2696 μέγιστον
429 2602 485 2692 ύν,
516 2613 571 2675 καί
600 2609 680 2696 πράς
699 2607 855 2693 πορισμὸν
873 2612 936 2675 τιόν
965 2608 1144 2692 άναχκαίων
1165 2611 1358 2695 ε’πιρρημνύ-

257 2736 377 2799 μενον,
402 2714 436 2779 ts
455 2718 583 2791 πολλοῖς
601 2711 714 2798 μέρεσι
733 2709 792 2796 τὴν
819 2708 979 2797 Εύριύπην
1009 2713 1188 2795 averteris.
1230 2704 1274 2795 μή
1297 2709 1358 2796 φί-

331 2886 359 2939 θ.
380 2899 415 2937 an
434 2882 567 2941 άπανταλ
672 2884 699 2937 6.
719 2860 856 2958 ἐφελναιλ

263 3041 498 3107 proficiscerentur
515 3042 562 3110 qni
578 3039 646 3094 hanc
656 3046 758 3111 partem
770 3037 926 3107 implebant,
936 3055 991 3093 non
1004 3040 1089 3093 solum
1108 3041 1196 3094 aliena
1214 3038 1262 3094 sed
1281 3042 1356 3094 etiam

263 3129 310 3165 sua
329 3113 387 3167 iere
406 3116 552 3166 emiserunt
570 3127 681 3176 omnes,
701 3118 728 3162 et
745 3112 844 3164 misere
869 3113 901 3164 ad
920 3122 1006 3166 castra
1023 3114 1169 3165 redierunt
1206 3130 1255 3165 rex
1272 3122 1357 3165 autem

262 3184 295 3237 de
313 3185 483 3238 multitudine
502 3184 612 3235 audiens
636 3186 720 3235 iratus
744 3183 850 3251 quidem
876 3193 933 3235 erat
956 3194 982 3237 et
1006 3185 1137 3251 stupebat,
1163 3187 1210 3239 sed
1228 3183 1260 3237 ad
1280 3201 1357 3237 exer-

262 3258 343 3309 citum
361 3272 510 3323 pugnacem
528 3255 677 3326 cogendum
697 3263 723 3305 et
741 3256 814 3307 vires
834 3265 927 3308 contra
941 3256 990 3309 hos
1003 3258 1157 3309 emittendas
1176 3257 1274 3309 lentior
1293 3266 1356 3319 erat,

188 3337 189 3340 ’
261 3338 291 3380 ut
310 3326 415 3395 quidam
433 3324 557 3377 dicebant
575 3328 736 3392 parsimonia
760 3335 904 3394 sumtuum,
931 3338 987 3381 erat
1016 3330 1085 3380 enim
1105 3337 1134 3380 ut
1151 3337 1229 3381 antea
1247 3330 1358 3380 diximus

260 3400 413 3451 divitiarum
432 3412 520 3448 amans
539 3396 637 3461 homo,
656 3407 790 3450 utentem
810 3399 949 3464 nonnulli,
968 3416 1021 3453 non
1047 3400 1146 3453 audens
1165 3400 1212 3453 tali
1232 3401 1358 3452 exercitui

260 3487 291 3524 e
260 3484 463 3537 opponere.
475 3470 581 3541 etenim
600 3483 691 3520 omnes
715 3472 923 3539 impugnabilem
950 3488 1009 3524 esse
1034 3472 1149 3523 hostium
1167 3471 1357 3524 multitudinem

262 3550 289 3593 et
307 3541 414 3592 omnino
435 3541 560 3594 invictam
580 3542 738 3594 censebantz
757 3558 846 3611 neque
866 3545 935 3595 enim
954 3545 1013 3595 lieri
1032 3559 1111 3610 posse
1129 3543 1312 3611 opinabantur,
1330 3550 1359 3592 ut

261 3622 348 3666 tantas
367 3614 500 3679 myriades
519 3611 592 3664 bello
613 3621 640 3665 et
658 3616 756 3683 pugnis
776 3616 884 3667 eductas
910 3624 936 3667 et
955 3624 1088 3684 promptas
1108 3614 1237 3667 habentes
1256 3614 1358 3667 dextras

262 3694 289 3737 et
308 3687 468 3739 exercitatas
487 3686 519 3737 ad
540 3686 736 3752 oppositionem
758 3696 783 3737 et
807 3688 1009 3739 trucidationem
1035 3688 1094 3737 acie
1114 3688 1141 3738 in
1161 3687 1250 3755 lugam
1269 3695 1358 3738 verte-

260 3766 330 3822 rent,
350 3766 377 3809 et
395 3757 560 3811 inevitabilis
586 3758 726 3810 videbatur
751 3758 872 3810 omnibus
898 3760 1027 3811 redemtio
1054 3759 1131 3810 etde
1152 3759 1259 3810 colonia
1277 3758 1357 3809 dedu-

261 3829 345 3898 cenda
369 3830 421 3881 iam
440 3845 532 3883 omnes
558 3828 682 3896 Europae
706 3828 813 3881 incolae
839 3830 999 3897 cogitabant.
1042 3846 1092 3881 rex
1119 3828 1358 3898 autemlegatione

258 3902 341 3965 missa
359 3902 391 3951 ad
411 3900 571 3953 ethnarchas
591 3914 682 3952 eorum
702 3900 847 3952 conabatur
866 3902 893 3951 in
913 3910 1036 3968 quantum
1056 3903 1114 3953 lieri
1133 3910 1225 3969 posset
1244 3899 1293 3953 hos
1312 3901 1358 3952 ab-

261 3970 360 4022 ducere
379 3980 405 4023 et
422 3974 450 4023 iu
469 3980 588 4038 tempore
607 3972 728 4024 delenire
749 3981 775 4023 et
794 3987 884 4023 rursus
898 3973 925 4020 in
946 3972 1061 4023 futurum
1081 3974 1248 4040 prospicere,
1266 3972 1358 4023 multas

261 4041 306 4092 hic
324 4043 431 4095 mittens
449 4043 603 4107 illecebras,
624 4052 651 4095 et
670 4057 809 4095 arcessens
826 4041 982 4107 nonnullos,
1002 4044 1156 4096 muneribus
1176 4043 1226 4097 hos
1247 4044 1358 4110 excepit.

259 4112 377 4181 populus
395 4121 482 4165 autem
502 4116 547 4182 qui
565 4118 693 4167 maximus
712 4122 769 4165 erat
798 4120 825 4163 et
849 4114 881 4165 ad
900 4117 1074 4182 comparanda
1092 4118 1247 4169 necessaria
1266 4118 1359 4167 irrum-

259 4184 351 4253 pehat,‘
362 4184 486 4238 multis
478 4202 506 4238 m
533 4187 651 4252 partibus
669 4187 803 4253 Europam
828 4186 1026 4252 comprimebat.
1071 4204 1161 4257 neque
1186 4203 1253 4240 vero
1273 4188 1359 4239 ferens

259 4274 309 4311 rex
331 4258 541 4327 indignationem
567 4259 742 4311 multitudinis
775 4267 801 4311 et
835 4256 928 4309 lamam
962 4260 1103 4327 dicentem,
1129 4260 1292 4329 parsimonia
1318 4271 1358 4311 res
