3017 4892
249 305 322 393 itt
493 326 498 336 ’
542 316 764 393 namucus
792 284 1051 407 trrnnrornu

337 477 450 569 Ἔσχεν
472 478 529 550 ούν
550 485 717 549 κάνταῦθα
739 480 845 547 καινόν
865 506 936 547 τινα
957 486 1014 545 καί
1033 476 1122 565 παρὰ
1143 474 1178 543 τύ
1202 469 1365 561 εἰθισμέ-

190 650 194 655 ,
246 583 341 669 νονῆ
371 588 428 651 τού
457 590 614 670 βασιλέως
645 584 874 668 ιλιαπεραίοοσις
903 578 1024 667 ὅρμον·
1073 580 1112 644 ού
1140 578 1202 664 γὰρ
1225 578 1260 646 ἓν
1278 587 1364 657 ταῖς

247 685 363 762 πύλαις
386 691 442 752 καί
457 696 522 762 τοῖς
545 683 721 769 βασιλείοις
739 681 849 765 δόμοις
873 682 891 746 ὅ
917 682 1069 763 βασιλεύς
1091 673 1359 773 προσωρμίσατο,

247 786 316 851 odt’
339 790 373 851 ἐν
391 790 469 851 νέων
490 789 580 873 κώμη
602 790 712 871 χωρίῳ
735 787 800 847 τινί
820 782 984 867 χωρητικῷ
1005 781 1171 863 βασιλικῆς
1205 782 1360 863 δορυφο-

247 885 319 969 ρίας
343 879 363 966 ἢ
383 886 554 971 ύπατείας,
582 889 650 949 ἀλλ’
672 886 717 959 είς
733 880 930 971 Ἑλενόπυλιν
956 884 1043 970 αύτῷ
1069 879 1102 945 τύ
1122 877 1276 964 σύνθημα
1295 879 1388 960 τῆςὸ

248 987 436 1068 α’ποβάσεως
451 989 585 1070 γέγονεν,
611 981 690 1051 ὅπου
716 988 772 1049 καί
795 984 814 1067 ἦ
834 985 994 1065 βασίλειος
1012 979 1107 1065 οκηνη
1130 980 1358 1101 προδιωρίσθη

248 1086 303 1153 καί
323 1084 553 1172 προεπὴγνντο,
571 1084 766 1151 Ἕλενύπολιν
783 1083 841 1169 τη“ν
861 1086 1125 1166 πρυδιατεθεῖοαν
1147 1089 1215 1156 τοῖς
1226 1075 1358 1166 crippu-

248 1212 300 1253 σιν
322 1191 355 1252 ἐκ
378 1192 433 1269 τῆς
456 1188 667 1273 προσηγορίας
690 1181 910 1249 ε’λεεινύπολιν.
966 1184 1042 1247 etot
1062 1180 1123 1267 γὰρ
1146 1180 1225 1247 oded
1245 1205 1355 1263 τουτο,

148 1324 151 1327 ·
216 1268 327 1402 μ’
307 1287 367 1352 απὸ
394 1290 457 1352 ταῖν
478 1291 595 1372 Ἠρίων
612 1290 658 1363 είς
675 1283 871 1351 Ἑλενὸπολιν
903 1283 957 1351 τὸν
979 1286 1114 1366 βασιλέα
1136 1282 1370 1366 μεθορμίσαι--

194 1468 197 1473 ¹
249 1393 341 1454 σθαι
355 1412 411 1470 την
429 1383 512 1452 ἓυύαν
535 1385 712 1470 α’πύβασιν,
738 1386 760 1451 d
789 1384 899 1463 οιίονὸς
919 1382 1039 1469 α’γαθὸς
1071 1390 1134 1458 τοϊς
1163 1378 1363 1467 ακριβουστν
1365 1398 1406 1453 10

250 1484 350 1553 ἐδύκει
374 1486 413 1553 τύ
436 1489 626 1573 πράγματα·
677 1487 731 1554 καί
759 1494 795 1552 τί
810 1510 871 1570 γαρ
904 1484 951 1551 ἔτι
972 1486 1028 1569 τῆς
1048 1485 1212 1567 βασιλείου
1235 1486 1355 1569 σκηνῆς

250 1586 417 1673 ἱσταμένης
429 1595 606 1680 κατεαχβὲν
628 1588 663 1654 τύ
686 1585 1013 1672 ύποστηρίζοναύτην
1034 1586 1127 1665 ξύλον
1142 1592 1248 1649 neceb·
1269 1585 1354 1649 ταύ-

250 1715 307 1774 την
331 1689 488 1775 αἰφνηδὸν
514 1690 765 1774 παρεσκεύασεν,
798 1690 841 1765 τίς
875 1687 918 1771 μη“
954 1686 1089 1776 dapidus
1109 1689 1151 1775 τῷ
1172 1687 1229 1750 τού
1249 1683 1354 1751 τύπου

249 1791 382 1870 ὀνόματι
403 1789 462 1874 την
479 1795 537 1855 τού
553 1794 710 1873 βασιλέως
736 1793 770 1855 ἐν
789 1790 885 1879 ἀν’τρλ
905 1784 1133 1871 ἐπισκήνωσινς
1156 1788 1226 1853 ἀλλ’
1248 1785 1268 1869 ἧ
1288 1789 1355 1851 ταῖν

139 1927 144 1961 ι
249 1896 307 1957 νύν
326 1887 507 1972 α’νβροίπονν
522 1891 667 1975 συνήθης
687 1894 858 1977 α’βελτηρία
879 1889 933 1955 καί
954 1891 1097 1971 καχεξία,
1118 1892 1174 1953 καί
1199 1884 1236 1952 τύ
1258 1890 1295 1953 ἐν
1313 1892 1395 1975 τῇιῡ

251 1989 390 2077 δοκούσῃ
408 1994 510 2057 πίστει
528 1986 662 2058 ἄπιστον
681 1995 737 2055 καί
759 1988 972 2075 ἀσύμβλητον,
994 1990 1235 2074 α’νύλγητενκαί
1256 1992 1352 2054 τούτο

250 2094 305 2155 καί
328 2094 651 2177 α’πολυπραγμύνητον
672 2091 770 2157 εἴασε.
890 2165 894 2174 Ι

349 2191 477 2277 Προῄει
496 2195 602 2257 τοίνυν
624 2190 804 2275 ὁβασιλιύς
821 2190 876 2257 καί
888 2194 942 2276 τῆς
964 2188 1205 2285 &aasentias
1226 2189 1350 2273 προήρ-

250 2315 332 2377 χετο,
354 2294 415 2367 ἓως
435 2293 480 2365 είς
504 2299 562 2376 την
585 2281 650 2357 τῶν
670 2296 867 2359 ἀνατολικῶν
894 2297 1064 2377 λεγομένην
1088 2295 1248 2376 ἐπαρχίαν
1264 2292 1352 2355 εἰσί-

248 2398 363 2475 pate„
381 2396 439 2464 νύν
467 2397 589 2472 μᾶλλον
614 2387 693 2478 ἥπερ
716 2394 751 2458 τὸ
784 2391 937 2477 πρότερον
960 2398 1118 2481 φειδωλίηι
1138 2398 1213 2475 περί
1230 2391 1394 2484 edorum

250 2492 326 2568 τούς
348 2495 429 2578 ἄμφ’
452 2492 551 2577 αὐτὸν
572 2495 793 2579 συνεχόμενος.
817 2490 913 2569 ἐάσας
937 2488 995 2560 σύν
1016 2492 1050 2558 τύ
1074 2494 1127 2559 ε’πί
1146 2496 1264 2559 πειλίοον
1285 2515 1351 2557 κσ-
1446 2502 1452 2509 “

251 2590 401 2682 ροφύρινν
421 2598 671 2697 κατασκηνύσαι,
689 2596 733 2683 τῷ
750 2598 946 2681 περιρρέοντι
971 2598 1073 2661 ταῦτα
1094 2598 1227 2681 ποταμῷ
1248 2616 1350 2678 προσ-

206 2847 263 2868 x,
320 2798 495 2865 Homo.
585 2799 933 2873 7.προδιατηθεῖσιινο

225 2989 232 3029 t
350 2968 448 3023 Habuit
473 2972 557 3039 igitar
579 2979 634 3023 turn
660 2986 769 3041 quoque
792 2986 893 3025 norum
918 2962 1047 3057 quendanr
1075 2979 1101 3022 et
1117 2970 1257 3025 insolitum
1274 2970 1347 3039 regis

155 3089 158 3095 .
229 3030 428 3140 ¹ptrausgressip
442 3051 564 3110 portum:
582 3058 671 3111 neque
692 3044 761 3095 enim
779 3043 811 3095 ad
830 3042 917 3095 aulam
933 3049 960 3095 et
975 3044 1064 3113 regias
1079 3044 1170 3095 domos
1188 3059 1237 3095 rex
1253 3057 1347 3095 acces.

236 3116 391 3182 sitneque
411 3131 438 3165 ιιι
462 3129 563 3165 uorum
579 3130 675 3183 pagum
703 3113 747 3167 rel
767 3114 856 3165 locum
875 3117 920 3183 qui
949 3116 1088 3181 exciperet
1105 3114 1195 3183 regios
1217 3113 1347 3167 satellites

236 3190 296 3237 ¹aut
316 3184 444 3236 famulos:
466 3187 513 3236 sed
531 3186 564 3236 ad
583 3184 765 3253 Helenopolin
792 3186 817 3237 ei
840 3194 896 3237 erat
922 3190 1030 3255 (versa)
1054 3187 1144 3252 pactio
1169 3186 1284 3251 itineris,
1304 3184 1347 3237 ubi

251 3257 331 3307 etiam
348 3258 452 3323 regium
470 3257 614 3307 tentorium
634 3264 713 3307 antea
733 3257 870 3308 delinitum
899 3266 926 3308 et
944 3258 1114 3309 coustitutum
1143 3266 1209 3321 erat,
1228 3256 1346 3309 lleleue.

250 3325 326 3393 polin
346 3326 416 3390 dice,
434 3326 595 3392 praedictam
602 3327 787 3412 prudentibus
808 3344 841 3379 ex
862 3330 1021 3396 cognomine
1040 3294 1231 3396 Eleeiuopollu
1250 3330 1346 3397 (mise.

248 3413 305 3449 ram
324 3396 440 3467 urbem)
458 3412 547 3463 neque
567 3399 636 3449 enim
652 3399 804 3466 idipsum,
825 3402 894 3468 quod
916 3416 931 3451 a
950 3402 1040 3452 vernis
1062 3399 1286 3467 adlleleuopoliu
1300 3413 1348 3451 rex

251 3467 407 3521 deflexisset
427 3467 558 3519 orientale
585 3470 651 3535 iter,
678 3485 755 3521 omen
773 3470 870 3523 bonunr
898 3472 1070 3524 videbatur
1063 3474 1111 3536 ris,
1134 3473 1179 3539 qui
1200 3472 1346 3523 accuratius

252 3555 296 3592 res
314 3540 521 3607 perquirerent.
546 3549 626 3609 atque
646 3557 693 3594 eur
713 3543 792 3594 etiarn
810 3545 887 3610 regio
906 3545 1023 3595 tentorio
1054 3550 1141 3596 stante
1162 3543 1244 3594 fracto
1264 3543 1344 3612 liguo,

254 3612 323 3682 quod
343 3612 370 3664 id
384 3610 548 3677 sublevaret,
567 3613 642 3678 lecit,
662 3622 691 3665 ut
710 3613 762 3665 boc
774 3624 885 3682 repente
902 3612 1060 3667 corrueret?
1079 3618 1115 3667 ita
1135 3622 1232 3666 utnon
1249 3614 1346 3666 abhor-

253 3691 326 3736 reret
345 3699 361 3736 a
378 3682 433 3734 loci
451 3685 559 3736 nornine
578 3686 651 3753 regis
670 3701 697 3735 ιιι
709 3700 741 3737 eo
752 3689 887 3739 versatio
905 3688 951 3739 sed
971 3686 1114 3750 hominum,
1135 3687 1180 3753 qui
1199 3702 1270 3737 nuuc
1290 3686 1345 3750 exi.
1388 3706 1392 3717 ι

254 3764 342 3819 stunt,
370 3754 486 3841 simplex
509 3755 624 3809 stultitia
653 3766 680 3808 et
704 3760 822 3825 pravitas
856 3773 1000 3824 eorumque
1019 3759 1046 3808 in
1072 3760 1164 3825 specie
1183 3758 1246 3809 fidei
1263 3771 1345 3809 mores

225 3879 227 3884 ,
252 3827 326 3877 inlidi
346 3834 372 3877 et
387 3828 484 3878 incerti
503 3830 561 3879 sine
581 3826 674 3881 dolore
693 3829 745 3879 boc
764 3844 870 3897 quoque
897 3836 923 3879 et
941 3830 1027 3881 studio
1047 3844 1125 3897 passa
1145 3836 1215 3881 sunt

323 3922 488 3976 Procedebat
505 3926 588 3991 igitur
604 3941 653 3977 rex
672 3934 699 3977 et
717 3925 749 3976 ab
768 3926 872 3976 oriente
889 3924 997 3991 longius
1016 3926 1246 3993 progrediebatur,
1265 3896 1346 3977 derce

252 3993 281 4045 iu
300 3985 466 4061 provinciam
491 4011 559 4063 quae
577 3996 718 4049 Anatolica
735 3996 850 4058 dicitur,
869 3995 977 4060 incidit,
999 4005 1053 4048 turn
1072 4000 1155 4066 nugis
1177 4012 1255 4065 quarn
1274 4004 1347 4049 autea

244 4066 415 4132 parsimonia
434 4067 463 4115 iu
486 4067 607 4119 omnibus
627 4069 673 4135 qui
688 4067 758 4149 apud
779 4081 838 4116 euru
857 4074 932 4117 eraut
952 4070 1120 4121 constrictus.
1157 4084 1252 4135 passus
1269 4068 1347 4135 igitur

253 4135 316 4190 illos
335 4136 451 4187 tentoria
475 4136 591 4190 iacere'
584 4156 612 4190 ιιι
635 4138 734 4203 campis
763 4135 887 4187 frumenti
918 4136 1006 4203 plenis
1025 4142 1071 4209 qui
1090 4140 1285 4193 circumfluent
1302 4137 1347 4189 lea

253 4208 338 4263 fluvio
354 4206 562 4274 ediscebant,
555 4224 583 4260 ιιι
602 4207 742 4276 praecipiti
767 4215 794 4258 et
811 4222 906 4274 aspero
926 4208 988 4265 loco
1008 4226 1081 4267 suasu
1099 4228 1265 4269 manuteneat
1287 4207 1352 4263 iecit
