3017 4892
235 298 311 378 τοο
542 238 774 369 uranium·
793 289 1054 365 umluorlr

234 490 304 546 ποις
326 465 381 533 καί
400 462 523 549 κτη’νεστ
546 460 602 527 τὸν
627 464 697 545 βιόν
719 462 918 545 πεποίηνται,
946 453 1194 543 καίβιατριβην
1210 455 1354 540 ἡδίστην

234 574 289 655 καί
310 565 501 653 οἷπριίχμσνα
530 566 584 630 καί
613 560 791 650 χαρίεσσαν
812 564 916 649 πάντη
938 561 993 626 καί
1022 558 1159 638 τίζωίαν
1179 559 1353 642 παρέχου-

235 694 297 737 σιν.
342 665 372 732 σί
399 659 535 751 σίντην
561 660 716 749 Ἰβηρικὴν
737 665 911 744 οἰκοῦντες,
933 651 1046 745 ἄνδρες
1065 656 1295 741 α’νδρειότατοί
1312 681 1348 723 τε

234 761 323 846 ὅντες
352 771 408 834 καί
429 767 571 852 ἰσχυροῖς
591 765 838 847 παλαμοίμενοι,
869 762 922 825 aad
945 757 1061 836 παντὸς
1082 765 1146 835 τοῖς
1162 760 1351 840 Ῥωμαίοις

234 870 482 951 ἀντεπολέμουν,
516 870 571 931 καί
600 866 767 951 καρτερίας
795 862 874 950 ἔργα
904 860 959 927 καί
986 862 1103 947 α’ρετῆς
1135 864 1203 925 κατ’
1233 860 1382 927 αὕτῶνὸ

233 972 470 1037 ἐπεδείκνυντο·
506 969 562 1035 καί
582 969 746 1051 δυσχερῶς
769 965 877 1031 odardo
898 960 928 1028 ot
944 964 1107 1046 Ῥωμαῖοι
1126 966 1268 1049 μιχίστιρ
1289 961 1352 1027 καί

233 1072 412 1160 τίνυπσίστηι
440 1070 558 1155 θάρσει
587 1069 643 1132 καί
670 1064 905 1152 ιίνεκδιηχὴτοις
935 1064 1052 1148 ὅρμαῖς
1073 1066 1277 1146 ἐκυρίευσαν,
1301 1058 1347 1137 τίς

118 1210 121 1215 -
184 1167 187 1175 ’
233 1170 288 1238 διὸ
309 1169 426 1256 χρόνον
449 1168 589 1245 σιτονδιίς
610 1169 853 1253 ίπιτελκσθῆναι
873 1170 994 1246 τούτοις
1014 1165 1070 1233 καί
1082 1164 1203 1247 α’ναμίξ
1223 1160 1350 1231 σύνθε-

233 1297 285 1339 σιν
309 1276 343 1349 ἐξ
366 1271 605 1357 ιίτιιχαμβρτίιτς
634 1272 690 1335 καί
709 1273 875 1351 μετοικιοόν
902 1266 983 1353 πρός
1002 1261 1173 1351 ἀλλήλους·
1197 1261 1268 1331 erl
1289 1268 1350 1330 κατ’

235 1372 253 1439 ὅ
271 1376 368 1458 μίχας
389 1376 424 1439 ἒν
444 1376 614 1456 βασιλεῦσι
646 1373 701 1436 καί
730 1372 940 1452 παναοίδιμος
961 1373 1202 1442 Κωνσταντῖνος
1224 1376 1347 1451 μοῖραν
1359 1384 1399 1439 lo

234 1476 294 1539 sela
314 1477 486 1560 ἐλαχίστην
508 1475 640 1553 ἐκεῖθεν,
663 1474 696 1537 ἐκ
716 1474 781 1537 τῶν
798 1467 955 1555 ἑσπερίων
973 1466 1114 1555 Ἰβήρων,
1137 1465 1346 1550 ἀποτεμόμε-

233 1596 287 1651 νος
308 1577 353 1651 τίς
375 1574 434 1660 τὴν
454 1571 538 1640 idas
557 1574 731 1663 μετῴκισεν
745 1571 780 1639 ἐν
799 1580 864 1658 τοῖς
882 1577 936 1656 τῆς
954 1574 1125 1655 Ἀσσυρίας
1144 1572 1267 1654 μέρεσι,
1289 1571 1348 1635 καί

235 1676 340 1744 bross
367 1676 427 1761 τὴν
456 1678 566 1762 κλῆσιν
596 1683 652 1760 τῆς
681 1677 819 1759 Ἰβηρίας
851 1672 873 1757 ἦ
905 1674 1058 1755 δεξαμένη
1090 1675 1220 1748 τούτους
1249 1671 1344 1755 χαίρει

234 1782 422 1861 προσέλαβε.
467 1773 622 1863 πρότερον
645 1772 707 1859 χσὶρ
739 1774 903 1858 Ἀσσύριοι
918 1776 984 1848 ,καί
1010 1770 1127 1869 ταύτην
1157 1761 1260 1858 ᾤκουν
1287 1767 1345 1853 τήν

234 1877 358 1965 χοίρων,
383 1877 490 1945 ἔπειτα
513 1880 637 1962 Μῆδοι,
659 1876 741 1957 μετὰ
762 1878 797 1940 δὲ
816 1877 952 1960 χρόνους
974 1870 1102 1949 ἱκανοὺς
1122 1870 1344 1957 σίἈρμίνιοι·
1355 1886 1387 1939 15

237 1980 292 2045 κατ’
312 1984 369 2045 οιίκ
385 1972 425 2043 dv
446 1973 536 2063 είίροι
550 2002 598 2054 τις
620 1980 675 2043 ε’πί
695 1982 759 2043 τοῖν
781 1970 848 2041 ἅνω
866 1973 994 2060 χρόνων
1008 1969 1139 2059 Ἴβηρας
1161 1995 1342 2059 μνημονευ-

236 2084 352 2162 μίνους
374 2083 516 2146 lisanda
537 2082 570 2145 ἐν
592 2086 740 2153 παλαιαῖς
762 2076 928 2165 ἱστορίαις,
948 2080 980 2143 εί
998 2073 1043 2159 μη
1066 2079 1100 2153 ἐξ
1123 2066 1221 2157 οὗπερ
1246 2078 1343 2139 Κων-

236 2188 397 2257 σταντίνος
418 2181 547 2256 τούτους
579 2178 698 2244 adside
731 2179 914 2265 κατῴκισεν.
956 2181 990 2243 ἐκ
1019 2178 1141 2242 τούτων
1160 2168 1225 2261 μίν
1251 2172 1339 2258 εἴπερ

238 2277 268 2345 οἱ
288 2282 324 2345 εἰι
343 2285 399 2347 τοῦ
419 2286 529 2364 γένους
550 2282 608 2346 τοῦ
632 2284 735 2346 dans
758 2280 930 2366 μετιίληξιν
953 2274 1038 2366 εἶχον
1060 2284 1179 2362 μένους,
1202 2273 1245 2353 αἱς
1266 2272 1342 2358 ὄμσ.

238 2385 353 2467 χοίρων
371 2388 546 2467 γενομένων
568 2386 643 2448 ποτὲ
661 2385 717 2448 καί
736 2378 946 2466 αιῖτοχθίνων
971 2381 1034 2445 α’πό
1055 2384 1110 2466 τῆς
1129 2384 1165 2445 ἐν
1183 2375 1387 2466 τῇῬαίμηυρ

105 2504 125 2561 ί.
144 2489 405 2571 abrenuncias
429 2486 484 2549 καί
510 2486 705 2567 συναυλίας,
730 2486 867 2565 συίλεμία
888 2478 1029 2570 διαφορὰ
1049 2481 1187 2565 odyssei»
1206 2482 1262 2545 α’π’
1283 2481 1343 2544 σίλ-

239 2586 343 2673 λιλλων
376 2589 432 2652 καί
463 2586 625 2675 α’νδρσίωυ
647 2573 906 2673 συνεληλυθότων
934 2587 979 2661 τίς
1010 2586 1089 2666 μιᾶς
1115 2579 1344 2676 συμπλήρωσιν

201 2760 209 2775 ,
240 2688 450 2776 κεσμίστητος.

241 3013 362 3065 securam
381 3018 409 3064 et
420 3019 522 3081 gratam
540 3014 647 3067 omuino
666 3020 694 3064 et
711 3013 793 3065 vitam
810 3012 951 3064 lautiorem
968 3009 1107 3079 praebent.
1127 3009 1240 3063 iberiam
1259 3009 1344 3077 trium

241 3082 420 3136 inhabitantes
439 3086 506 3151 viri,
533 3086 671 3139 fortissimi
692 3092 718 3136 et
736 3083 816 3136 valde
832 3085 946 3147 strenui,
966 3084 1073 3138 omniuo
1095 3092 1188 3136 contra
1205 3080 1342 3135 llomruos

241 3154 315 3207 bolla
334 3155 473 3227 gerebant,
494 3165 521 3208 et
533 3158 679 3224 pationtiae
696 3156 767 3207 lacta
779 3162 858 3221 atque
869 3156 977 3208 virtutis
988 3163 1080 3207 eontra
1093 3170 1140 3207 eos
1159 3153 1343 3207 ostendeban-

133 3244 137 3251 ’
168 3230 169 3233 ’
242 3232 296 3289 tur,
308 3233 388 3293 atque
407 3242 489 3294 aegre
507 3228 662 3280 iisllomani
683 3227 796 3279 maxima
815 3234 842 3278 et
860 3227 1023 3279 irresistibili
1042 3219 1152 3279 audacia
1174 3234 1199 3277 et
1220 3226 1343 3293 ingenti.

239 3296 289 3347 bus
308 3296 411 3349 viribus
430 3299 584 3364 superiores
605 3305 666 3350 sunt
688 3299 770 3351 lacti:
796 3299 832 3349 ita
850 3307 880 3350 ut
897 3300 997 3351 sensim
1016 3299 1155 3364 pactiones
1174 3298 1343 3364 perliceren-

237 3366 341 3419 turbis
361 3376 388 3418 et
407 3368 522 3420 invicem
542 3372 699 3437 compositio
716 3386 750 3421 cx
768 3369 899 3423 affinitate
918 3378 945 3422 et
962 3370 1064 3423 sedium
1081 3372 1152 3422 inter
1171 3385 1202 3422 se
1220 3384 1344 3421 commu.

238 3440 330 3491 uione.
369 3438 538 3507 quamobrem
568 3442 646 3493 etiam
670 3457 781 3510 magnus
800 3444 869 3494 inter
887 3458 973 3512 reges
998 3449 1025 3493 et
1043 3443 1151 3493 omuino
1172 3440 1344 3494 reuerendus

239 3509 429 3563 Constantinus
449 3520 549 3579 partem
569 3528 623 3565 non
641 3516 775 3565 minimam
793 3515 855 3567 inde
870 3530 904 3566 ex
921 3514 1041 3567 lberibus
1060 3512 1272 3565 occidentalibus
1289 3510 1344 3563 ob-

239 3582 364 3635 soindens
382 3583 410 3636 in
435 3584 566 3637 orientem
584 3588 764 3654 transposuit,
789 3594 819 3639 ut
841 3585 992 3641 babitarent
1008 3586 1036 3638 in
1056 3585 1185 3652 Assyriae
1204 3583 1343 3651 partibuse

239 3662 319 3723 eque
338 3655 400 3707 inde
420 3672 454 3708 ex
472 3671 504 3708 eo
517 3665 638 3724 tempore
650 3674 746 3710 nomen
760 3658 864 3711 iberiae
881 3665 953 3709 terra
971 3672 1040 3725 quae
1056 3658 1163 3724 excepit
1180 3656 1240 3721 bos,
1258 3671 1345 3707 acce-

239 3727 288 3792 pit.
308 3735 387 3779 antea
407 3728 477 3779 enim
486 3728 591 3795 Assyrii
611 3732 637 3782 et
656 3730 724 3782 banc
740 3729 895 3781 incolebant
911 3737 1026 3792 terrm,
1047 3728 1142 3780 deiude
1154 3729 1234 3792 lledi‚
1253 3726 1346 3793 plori-

239 3796 293 3849 bus'
308 3799 473 3867 temporibus
492 3808 553 3867 post
562 3801 691 3865 Armenii,
711 3817 801 3869 neque
813 3800 935 3853 inveniat
953 3802 1092 3868 quisquam
1110 3800 1181 3869 quod
1199 3801 1233 3850 ad
1250 3799 1346 3865 prior·

240 3874 360 3935 tempora
377 3871 496 3938 pertinet
505 3871 595 3925 iberes
616 3881 834 3930 commemoratos
853 3871 890 3922 ibi
908 3873 936 3921 in
954 3872 1069 3939 antiquis
1088 3871 1218 3935 historiis,
1235 3870 1291 3923 uisi
1309 3883 1346 3920 ex
1368 3867 1377 3879 '

241 3952 294 4006 quo
313 3956 422 4008 magnus
440 3941 631 3996 Constantinus
659 3943 700 3996 his
719 3944 757 3996 ibi
776 3944 853 3996 sedes
872 3942 954 3993 dedit.
998 3958 1032 3993 ex
1050 3942 1092 3996 his
1111 3945 1192 4011 igitur
1211 3941 1346 4009 siquidem

241 4010 287 4077 qui
307 4025 322 4059 e
339 4026 441 4078 genere
459 4013 565 4067 Pbooae
591 4024 666 4067 erant
684 4016 856 4068 mutationem
874 4012 1008 4065 bubebaut
1025 4015 1144 4082 generis,
1163 4015 1263 4082 quippe
1283 4027 1347 4065 curn

241 4086 410 4147 contemnet
429 4094 520 4136 esseut
539 4094 566 4137 et
584 4087 726 4155 indigenae
756 4086 909 4137 allomana
934 4086 1125 4139 coniunctione
1145 4092 1173 4137 et
1192 4098 1346 4137 commore-

239 4153 316 4207 tione
335 4152 411 4205 nulla
429 4154 570 4209 diversitos
589 4158 684 4211 incidit
700 4156 831 4209 nobilium
849 4157 966 4211 invicem
985 4165 1013 4211 et
1030 4158 1149 4223 fortium,
1169 4158 1217 4226 qui
1236 4169 1344 4209 couve-

240 4232 338 4277 nerant
353 4226 382 4278 in
401 4226 479 4279 nnius
498 4230 719 4295 compositionem
739 4229 850 4282 ordinis.
1263 4255 1267 4263 ·
