3017 4892
272 335 340 389 rm
468 321 706 391 wnlnmim
737 321 915 386 summi
943 322 998 385 DE
1032 319 1182 388 rursm
1272 345 1274 352 ·

270 505 456 580 adducens
471 508 640 579 Plncrum
657 505 691 600 ¹),
719 505 882 603 denique
908 507 1086 578 llaenelus
1111 503 1212 578 V.Cl.
1228 507 1267 594 ²).
1295 505 1369 581 Ne·

268 657 330 704 mo
353 645 491 725 tamen,
519 632 621 728 quod
644 632 770 725 sciam,
791 633 1017 702 mentionem
1037 631 1122 703 lecit
1145 630 1283 703 codicis
1308 632 1370 702 bi-

271 757 479 829 bliothecae
495 758 716 856 parisiensis,
742 756 922 855 adquam
950 770 1072 827 tamen
1099 756 1218 829 doctis
1241 757 1369 829 homi-

271 882 379 954 nihus
415 895 451 954 et
484 879 665 980 indigenis¹
699 897 735 954 et
768 883 969 980 peregrinis
1001 870 1191 953 facillimus
1223 907 1370 977 semper

271 1008 338 1078 fuit
365 1007 494 1079 aditus.
548 1008 681 1105 ,Neque
710 1006 982 1078 Montefalconii
1016 1008 1197 1104 catalogus
1230 1007 1369 1079 biblio-

268 1133 398 1204 thecae
425 1131 679 1227 coislinianae,
707 1157 782 1228 quo
811 1132 1021 1203 continetur
1041 1129 1187 1205 Codicis
1211 1135 1281 1206 136
1306 1155 1369 1203 ac·
1399 1106 1423 1141 ⁷

271 1273 394 1332 curata
416 1258 628 1356 descriptio,
651 1262 679 1346 ³]
706 1258 813 1329 ullius
840 1271 881 1329 ut
905 1256 1050 1329 videtur
1068 1258 1213 1330 salivam
1240 1259 1366 1330 movit.

267 1385 452 1481 Nusquam
478 1385 574 1455 enim
591 1384 705 1455 ullum
723 1386 846 1455 locum
860 1383 969 1455 huius
984 1377 1158 1455 historiae
1181 1382 1367 1456 laudatum

271 1509 404 1606 reperi,
428 1534 548 1605 neque
570 1509 607 1579 in
625 1509 798 1606 glossario
825 1509 970 1581 mediae
996 1521 1032 1579 et
1057 1507 1205 1580 infimae
1229 1508 1369 1607 graeci-

136 1633 144 1640 ’
270 1635 563 1731 tatisCangiano,
596 1636 782 1732 usquein
809 1635 921 1730 ipsius
931 1635 1199 1706 Montelalconii
1217 1635 1368 1731 palaeo-

272 1761 424 1858 graphia
445 1785 584 1857 graeca.
613 1760 850 1859 Quapropter
876 1761 1104 1856 simulatque
1129 1758 1251 1833 inveni
1275 1782 1369 1853 opus

162 1871 164 1876 ⁸
272 1885 394 1958 adhuc
417 1912 535 1983 paene
561 1887 803 1985 incognitum,
831 1886 922 1957 nihil
947 1885 1134 1982 antiquius
1159 1863 1367 1980 duxiquam

275 2023 316 2086 ut
342 2011 544 2104 accuratam
572 2009 711 2081 codicis
733 2008 997 2081 Escoriacensis
1023 2008 1253 2104 acquirerem
1270 2006 1370 2078 noti·

273 2135 374 2207 tiam.
427 2135 569 2206 Etenim
597 2135 626 2205 is
654 2134 770 2206 codex
796 2159 817 2204 a
843 2132 1022 2204 Michaele
1049 2131 1182 2226 Balbo,
1214 2132 1244 2202 si
1275 2129 1368 2202 fides

271 2260 417 2333 Labbeo
442 2286 484 2332 ac
495 2261 657 2340 Fabricio
685 2257 910 2352 adhibenda,
934 2258 1008 2328 hoc
1034 2270 1087 2328 est
1114 2257 1159 2329 ab
1181 2261 1368 2330 'ann0820

270 2388 414 2460 initium
453 2386 647 2482 sumpsisse
690 2384 902 2478 dicebatur,
940 2395 1063 2454 noster
1095 2394 1223 2456 contra
1255 2381 1370 2454 alli-

234 2507 239 2513 ’
272 2511 670 2609 chaele'Paphlagone,
696 2535 793 2582 anno
819 2522 962 2581 tantum
982 2504 1079 2582 1034
1100 2507 1246 2604 incipit.
1297 2505 1370 2577 Sed

273 2639 401 2710 frustra
427 2637 582 2732 flagitavi
614 2649 654 2707 ut
679 2636 771 2708 haec
797 2660 877 2707 mea
899 2633 946 2706 de
967 2659 1007 2705 re
1033 2635 1092 2705 illa
1114 2631 1296 2704 dubitatio
1322 2634 1370 2701 si-

275 2726 511 2861 gnificalihne
545 2763 667 2858 aliqua
688 2761 888 2833 tolleretur.
950 2784 1047 2847 anno
1082 2757 1231 2830 tandem
1274 2751 1370 2838 1842

262 2883 460 2999 'Eduqrdps
473 2888 681 2984 Laboulaye
708 2885 918 2959 academiae
931 2884 1213 2979 inscriptionum
1230 2870 1373 2974 socius,

273 3015 484 3111 Hispaniam
511 3038 718 3112 peragrans,
745 3037 817 3110 qua
843 3011 911 3083 fuit
935 3035 1081 3108 semper
1103 3010 1142 3080 in
1167 3033 1227 3080 me
1255 3010 1372 3080 bene-

272 3120 442 3232 volentia,
461 3151 588 3236 rogatu
601 3163 686 3210 meo
703 3138 975 3209 Scoriacensem
988 3135 1252 3208 bibliothecam
1267 3130 1369 3227 adiit,

271 3263 438 3338 codicem
466 3262 616 3355 invenit,
637 3263 806 3357 inspexit,
835 3262 1009 3356 misitque
1035 3260 1127 3331 mihi
1151 3257 1370 3353 descriptio-

274 3416 373 3484 nem,
400 3413 511 3487 quam
530 3387 633 3459 omni
657 3395 760 3483 p'arte
787 3384 1045 3492 comprobavit
1058 3397 1246 3457 accuratus
1274 3381 1371 3455 eius-

282 3574 517 3624 tum-„-

374 3755 403 3824 1)
422 3754 450 3804 in
470 3753 611 3806 itinerario
630 3767 680 3820 per
698 3751 870 3819 llispaniam,
888 3707 996 3818 lipsiae
1015 3748 1092 3802 1777.
1113 3763 1140 3815 p.
1160 3747 1218 3800 182.

372 3877 403 3944 2)
425 3873 547 3942 catalogi
577 3874 705 3926 librorum
722 3873 796 3928 MSS.
840 3873 947 3940 Lipsiae
973 3872 1049 3924 1830.
1079 3870 1124 3938 qui
1156 3875 1245 3921 tamen
1269 3866 1371 3919 lallitur

275 3988 394 4042 indicans
415 3990 535 4041 codicem
558 3987 590 4039 18
607 3987 677 4040 Plut.
696 3988 717 4040 l.
738 4003 804 4074 arm,
820 3991 854 4040 Σ.
876 4000 928 4052 quo
949 3985 1118 4038 continentur
1136 3980 1275 4036 llichaelis
1295 3981 1372 4048 Apo.

276 4100 349 4156 stolii
370 4102 445 4154 varia
462 4102 569 4167 scripta.

371 4225 403 4293 3)
423 4221 595 4275 Bibliotheca
606 4220 773 4276 coisliniana
790 4219 852 4270 olim
867 4217 1039 4287 Segaierana.
1060 4217 1168 4272 Parisiis
1189 4215 1257 4269 1715
1276 4229 1302 4282 p.
1314 4211 1372 4264 106.
1408 4267 1413 4272 ,
