3017 4892
307 298 384 379 etl
602 305 824 380 monimo
852 304 1127 378 λπλιιοτλτ.

308 495 361 550 τες
394 475 454 555 γῆν
482 469 605 555 χρυσὸν
628 479 693 550 τοῖς
715 470 852 558 ρίεύμασι
874 469 1077 555 παρασύρειν
1104 467 1324 554 ἱστόρηνται.
1355 429 1360 434 “
1386 473 1467 536 εὔδι’

309 577 439 662 Νειλῷα
454 569 598 656 ῥεύματα
614 574 717 639 πάντα
738 569 817 655 πρὸς
830 570 865 638 τὸ
878 563 975 657 άκρυν
992 575 1049 653 τής
1066 574 1129 636 τόν
1139 566 1385 655 θεωρημάτων
1396 571 1467 636 ari·

307 676 366 739 τού
386 674 573 757 περιουσίας
591 678 858 758 παρεμετρούντυ.
882 675 938 738 καί
948 671 984 738 τά
999 675 1115 754 θαύμα
1127 679 1194 746 τοῖς
1215 666 1325 747 ὅλαις
1343 663 1463 757 ὅπερ·

308 770 498 854 enipeum
521 766 570 859 η’ν,
591 766 666 839 ὅθεν
685 772 724 838 τά
741 775 797 838 τοῦ
820 773 958 840 πλούτου
978 774 1033 836 καί
1049 775 1102 855 τής
1123 772 1300 856 ιῖρθονίιις
1318 771 1459 856 ταύτης

308 873 375 950 coir
399 873 584 958 ἀνακτόροις
606 872 786 960 ε’πήντλητο.
836 875 867 938 εἰ
883 871 945 958 γάρ
969 872 1100 956 κρουνοὶ
1119 876 1260 955 χρυσοῖν
1283 871 1467 958 ῥείθροις

307 969 382 1057 ἇριι
403 981 471 1042 νέον
493 972 526 1054 ἐξ
543 970 750 1057 ὑποβρυχίων
770 973 883 1040 τούτου
897 977 1015 1063 μερῶν
1036 970 1285 1056 ε’πηγάσθηοαν,
1316 974 1390 1035 oriz
1410 968 1453 1037 ὃν

249 1082 253 1086 ’
306 1079 352 1152 είς
383 1073 534 1160 τοιαύτην
562 1075 735 1155 μετάδοσιν
760 1080 816 1141 καί
844 1079 1032 1160 προαίρεσιν
1060 1077 1094 1138 ἐν
1124 1073 1253 1156 ὀλίγαις
1289 1071 1448 1157 ἡμέραις

308 1177 441 1263 α’ρκίυαι
469 1173 656 1262 ηιίτάνησαν.
711 1182 768 1242 νύν
790 1180 825 1242 δὲ
845 1182 899 1263 τῆς
921 1169 1050 1262 φύσεως
1067 1172 1126 1259 ’μή
1146 1176 1351 1248 δεδωκυίας
1373 1197 1444 1238 τοι·

221 1321 226 1329 -
306 1281 399 1361 αὕτα,
420 1281 570 1363 φαίνεται
597 1277 654 1360 τήν
671 1277 862 1363 ὑπέρφατον
882 1275 980 1361 χύσιν
1007 1279 1064 1360 τής
1096 1278 1313 1358 τριλαμπσύς·
1339 1271 1439 1358 τριάυ

307 1382 360 1456 δας
381 1379 461 1461 ὑπὲρ
484 1377 583 1464 φύσιν
599 1376 794 1463 κατάλληλον
815 1383 855 1468 τῇ
873 1380 1061 1464 προαιρέσει
1074 1373 1132 1458 τήν
1149 1379 1324 1458 χορηγίαν
1350 1376 1465 1462 αύτήρ

225 1501 227 1505 ’
306 1478 571 1565 προμηθεύεσθαι
601 1484 666 1544 τῶν
691 1484 885 1565 τηλικούτων
915 1481 1133 1544 πλυυτιπαιιύν
1160 1470 1357 1540 ἐπιδόσεων
1383 1482 1436 1539 καί

221 1587 226 1596 ’
306 1587 370 1650 τῶν
395 1583 538 1666 άπείρων
568 1580 646 1664 πρὸς
667 1572 786 1666 άπειρα
808 1582 913 1666 πλήθη
937 1578 1197 1665 φιλοτιμημάτιον
1227 1575 1289 1640 κατ’
1314 1579 1431 1656 δεξιοί·

198 1705 199 1708 ’
308 1703 402 1752 σεων.
445 1681 480 1747 τύ
505 1679 568 1765 γάρ
598 1681 723 1758 εύτελὲς
746 1685 851 1766 δωρον
881 1683 1105 1746 πεντεκαίδεκα
1132 1682 1251 1760 λιτρῶν
1271 1673 1429 1762 ύττήρχω

213 1824 218 1829 -
310 1783 508 1866 άπάίεσμος,
544 1782 702 1865 ιίκινήτων
732 1781 869 1867 κτήσεων
900 1777 1151 1865 ἑκατοντάλιτρω
1171 1781 1320 1864 δωρεαί,
1346 1778 1425 1864 πρὸς

308 1882 370 1964 σάς
386 1889 421 1952 δὲ
440 1887 495 1971 καί
518 1887 566 1959 δίς
589 1885 747 1952 τοσούτων
771 1885 827 1946 καί
847 1882 929 1967 τρίς,
951 1879 1116 1968 α’φφικίων
1134 1886 1297 1946 παντοίων
1324 1884 1419 1947 ἕποιεν
1426 1903 1453 1954 15

306 1987 432 2072 ελήοεις
455 1983 511 2049 καί
539 1988 692 2069 παροχαί.
748 1985 806 2048 καί
834 1985 887 2048 ἳνα
907 2006 938 2048 τι
959 1978 1101 2048 σονελιύν
1130 1983 1220 2067 εἴπω,
1242 1985 1314 2046 πάν
1339 1975 1420 2056 εἶδος

306 2085 517 2171 χαρισμάτων
538 2093 604 2162 τοῖς
627 2088 845 2170 προλαβούσιν
874 2082 1101 2170 ἐπεψηφίζετο.
1155 2085 1196 2147 ου’
1213 2082 1280 2166 γάρ
1304 2087 1342 2147 ἐν
1363 2107 1417 2146 πε-

306 2188 499 2270 ριλάμπροις
521 2187 681 2265 α’ξιοάμασι
703 2183 799 2265 μόνον
819 2187 880 2250 τῶν
900 2188 1075 2266 βασιλικῶν
1095 2184 1359 2268 εὐεργετημάτων
1381 2181 1414 2250 τύ

303 2290 400 2372 γέρας
421 2287 593 2367 ἐδείκνυτο,
614 2283 697 2349 άλλά
722 2288 778 2350 καί
797 2287 832 2349 ίν
860 2283 1027 2372 α’φφικίυις
1046 2287 1103 2351 καί
1123 2286 1232 2369 α’γροῖς
1254 2287 1313 2350 καί
1330 2311 1412 2368 χρυ-

304 2389 384 2464 σίοις
421 2387 476 2452 καί
505 2387 747 2472 άποσκορακίοει
778 2387 934 2473 ε’πηρειῶν
962 2388 1018 2452 καί
1044 2390 1139 2451 παντί
1159 2390 1202 2475 τῷ
1222 2389 1443 2474 ποθουμένρεο

303 2509 336 2556 st
358 2492 414 2553 καί
435 2490 644 2573 συμφέροντι.
705 2489 812 2574 ου’δείς
843 2488 907 2571 γάρ
930 2479 1028 2574 ᾔτησε
1052 2490 1116 2551 τῶν
1145 2482 1296 2551 ἁπάντων
1316 2481 1353 2560 ὃς
1374 2486 1410 2549 os’

303 2593 487 2674 παραυτίκα
512 2590 567 2672 τῆς
598 2583 750 2672 αἰτήσεως
783 2586 890 2671 ἔτυχε.
938 2588 1134 2671 καὶμᾶλλον
1162 2584 1247 2670 ἱεροί
1267 2590 1341 2652 ναοί
1356 2591 1410 2650 κατ’

303 2696 378 2756 θεῖα
397 2693 515 2773 τεμένη
538 2687 592 2754 καί
615 2687 843 2776 φροντιστήριον
863 2686 966 2755 πάντα
996 2693 1051 2754 καί
1072 2687 1261 2775 ίλαστήρια·
1304 2684 1405 2752 κοινάν

341 2876 345 2885 ‘
372 2863 400 2921 l.
419 2881 453 2919 an
472 2863 589 2924 πύθενλ
671 2865 696 2919 7.
716 2864 820 2935 ταύτην
841 2864 870 2920 0.

606 2987 610 2990 .
1460 2954 1461 2997 l

304 3022 397 3067 annom
410 3013 532 3067 omnibus
550 3013 659 3066 trahere
672 3013 736 3065 dicti
753 3021 831 3065 snnt:
850 3025 939 3082 neqae
950 3011 1005 3065 ltili
1019 3020 1111 3066 amnes
1130 3027 1223 3067 omnes
1240 3029 1289 3083 pro
1307 3011 1400 3070 sanna
1459 3048 1460 3111 l

304 3088 362 3138 elus
382 3085 512 3138 donorum
531 3085 611 3152 copis
630 3083 853 3137 aestimabantur:
880 3093 962 3152 atqns
987 3087 1142 3137 miraculum
1160 3088 1293 3140 universis
1309 3089 1398 3155 ingens

251 3204 255 3212 .
304 3167 376 3210 erata
409 3158 477 3209 unde
502 3158 613 3208 divitiae
643 3165 669 3207 et
693 3157 772 3222 copia
791 3157 818 3206 in
841 3158 918 3225 regia
936 3157 1119 3208 accumulatae
1147 3166 1232 3209 erant.
1267 3161 1360 3211 etenim
1377 3160 1397 3210 si
1458 3150 1459 3227 l

304 3229 393 3280 lontes
413 3243 556 3280 aureorum
576 3229 693 3278 emnium
711 3235 837 3278 recenter
851 3242 885 3280 ex
901 3228 1014 3281 lrsarislis
1035 3229 1094 3283 eins
1110 3231 1230 3294 partibus
1241 3230 1395 3282 allamm-

258 3351 263 3355 ,
301 3307 355 3363 tur,
373 3315 428 3351 non
450 3299 483 3349 ad
503 3299 572 3349 hanc
584 3297 772 3349 liberalitatem
792 3306 818 3349 et
836 3299 1002 3352 voluntatem
1020 3315 1070 3367 per
1086 3315 1187 3365 paucos
1206 3303 1263 3354 dies
1279 3301 1394 3354 ssllleers
1457 3254 1458 3339 λ

302 3370 438 3424 valerent.
476 3370 515 3421 sic
533 3375 620 3420 antem
640 3385 699 3419 cuns
717 3376 812 3420 natura
829 3371 895 3422 talia
914 3384 968 3422 non
990 3372 1103 3436 dederit,
1124 3373 1231 3424 videtur
1249 3373 1336 3425 elusio
1354 3374 1392 3424 sli-

301 3443 365 3496 vino
384 3441 559 3494 terlucentis
584 3441 710 3492 trinitatis
731 3455 811 3508 supra
835 3450 955 3494 naturam
973 3443 1178 3510 respondentem
1206 3445 1330 3497 volantati
1346 3460 1391 3495 cs·

283 3527 375 3566 frasne
394 3513 420 3563 ei
439 3511 507 3564 tales
525 3512 624 3564 divites
643 3513 815 3565 accessiones
835 3522 862 3565 et
879 3515 1021 3566 immensas
1040 3515 1073 3566 nl
1089 3517 1244 3568 immensam
1254 3517 1390 3567 nrnllitsli.

300 3599 362 3638 nem
382 3583 543 3636 donationes
570 3590 597 3635 el
620 3583 795 3652 largitiones:
823 3584 882 3636 vlle
900 3587 970 3636 enlm
988 3587 1086 3638 donam
1110 3587 1260 3654 quindecim
1276 3586 1389 3640 libram

302 3665 359 3709 erat
379 3655 517 3725 vectigal,
544 3655 708 3708 immotarnm
728 3657 929 3724 possessionem
950 3657 1142 3709 oenacensem
1161 3657 1388 3726 librsrnnrsprss-

301 3737 377 3781 terea
397 3730 476 3781 etiam
496 3727 577 3794 duplo
599 3736 626 3779 et
644 3727 726 3794 triplo
745 3728 896 3779 olliciornm
922 3729 1059 3780 ramorum
1086 3731 1256 3782 accessiones
1272 3738 1298 3781 et
1311 3729 1387 3796 largi-

298 3801 398 3866 tlones‚
418 3809 498 3868 atque
519 3807 549 3850 nt
566 3797 643 3850 brevi
662 3799 763 3862 dicam,
791 3813 869 3851 omne
895 3813 981 3867 genus
1000 3815 1138 3851 munerum
1164 3800 1325 3869 ampliositas
1342 3801 1385 3851 ‹lc-

300 3871 477 3924 csrnebaturr
497 3871 676 3938 neque-enim
696 3871 723 3921 in
742 3870 893 3922 illustribus
902 3865 1076 3938 dignitatibus
1096 3871 1182 3924 solam
1200 3873 1324 3940 regiorum
1340 3872 1384 3923 loe-

299 3942 461 3994 neliciorum
481 3941 567 3992 lronor
587 3941 745 4008 apparebat,
766 3943 812 3993 sed
833 3943 910 3993 etiam
928 3943 956 3992 in
981 3942 1079 3995 olllclis
1099 3952 1127 3995 et
1148 3945 1222 4013 agris
1241 3952 1266 3995 et
1279 3944 1384 4010 pmasiis

306 4017 334 4060 et
356 4013 476 4079 expulsis
495 4014 574 4064 minis
599 4020 627 4063 et
648 4012 770 4064 omnibus
787 4029 856 4081 qnae
880 4013 1065 4065 desiderantur
1089 4023 1116 4066 et
1134 4016 1213 4066 ntilla
1232 4022 1300 4067 sust:
1312 4027 1383 4065 nemo

302 4082 376 4134 enirn
383 4087 511 4135 -omnium
530 4084 639 4152 rogavit
657 4084 729 4152 quid,
749 4087 814 4152 quin
839 4085 926 4138 statim
944 4086 1088 4154 rogatione
1105 4087 1250 4153 potiretur:
1265 4086 1383 4154 nmisque

302 4153 405 4222 templa
424 4162 515 4206 sancta
533 4163 560 4207 et
572 4156 665 4208 (lirina
684 4155 745 4206 lans
765 4164 792 4206 et
800 4156 962 4224 monasteria
979 4157 1069 4208 omnia
1086 4164 1114 4208 et
1131 4158 1283 4210 clementiae
1296 4156 1379 4208 seles:

300 4227 451 4282 communis
470 4225 545 4276 enin
566 4235 624 4280 erat
634 4225 774 4280 bessitndo
791 4228 821 4280 in
839 4226 971 4294 omnibus,
990 4236 1018 4280 et
1035 4230 1184 4286 eommunis
1202 4229 1380 4284 lmelsientiss
