<?xml version="1.0" encoding="UTF-8"?>
<!DOCTYPE html PUBLIC "-//W3C//DTD XHTML 1.0 Transitional//EN"
    "http://www.w3.org/TR/xhtml1/DTD/xhtml1-transitional.dtd">
<html xmlns="http://www.w3.org/1999/xhtml" xml:lang="en" lang="en">
 <head>
  <title>
</title>
<meta http-equiv="Content-Type" content="text/html;charset=utf-8" />
  <meta name='ocr-system' content='tesseract 3.04.00' />
  <meta name='ocr-capabilities' content='ocr_page ocr_carea ocr_par ocr_line ocrx_word'/>
</head>
<body>
  <div class='ocr_page' id='page_1' title='image "./corpusscriptoru06theogoog/corpusscriptoru06theogoog_0323.png"; bbox 0 0 3017 4892; ppageno 0'>
   <div class='ocr_carea' id='block_1_1' title="bbox 564 307 1223 388">
    <p class='ocr_par' dir='ltr' id='par_1_1' title="bbox 564 307 1223 388">
     <span class='ocr_line' id='line_1_1' title="bbox 564 307 1223 388; baseline 0 -1"><span class='ocrx_word' id='word_1_1' title='bbox 564 307 773 387; x_wconf 67' lang='lat' dir='ltr'><strong>moreaul.</strong></span> <span class='ocrx_word' id='word_1_2' title='bbox 1143 314 1223 388; x_wconf 73' lang='lat'><strong>273</strong></span> 
     </span>
    </p>
   </div>
   <div class='ocr_carea' id='block_1_2' title="bbox 56 469 1350 2773">
    <p class='ocr_par' dir='ltr' id='par_1_2' title="bbox 64 469 1350 1266">
     <span class='ocr_line' id='line_1_2' title="bbox 88 469 1223 584; baseline 0.005 -46"><span class='ocrx_word' id='word_1_3' title='bbox 88 497 166 557; x_wconf 90' lang='grc' dir='ltr'><strong>ραν</strong></span> <span class='ocrx_word' id='word_1_4' title='bbox 190 469 258 556; x_wconf 74' lang='grc' dir='ltr'><strong><em>γὰρ</em></strong></span> <span class='ocrx_word' id='word_1_5' title='bbox 281 473 381 538; x_wconf 69' lang='lat' dir='ltr'><strong>dusios</strong></span> <span class='ocrx_word' id='word_1_6' title='bbox 404 473 572 584; x_wconf 62' lang='grc' dir='ltr'><strong><em>κατέλιγλε)</em></strong></span> <span class='ocrx_word' id='word_1_7' title='bbox 602 471 778 557; x_wconf 74' lang='grc' dir='ltr'><strong><em>παννύχιος</em></strong></span> <span class='ocrx_word' id='word_1_8' title='bbox 797 476 895 542; x_wconf 83' lang='grc' dir='ltr'><strong><em>πόσιν</em></strong></span> <span class='ocrx_word' id='word_1_9' title='bbox 917 477 1031 557; x_wconf 76' lang='grc' dir='ltr'><strong><em>ὥμίλει</em></strong></span> <span class='ocrx_word' id='word_1_10' title='bbox 1052 475 1110 543; x_wconf 84' lang='grc' dir='ltr'><strong><em>καί</em></strong></span> <span class='ocrx_word' id='word_1_11' title='bbox 1128 502 1223 564; x_wconf 85' lang='grc' dir='ltr'><strong><em>περο-</em></strong></span> 
     </span>
     <span class='ocr_line' id='line_1_3' title="bbox 87 575 1223 662; baseline 0.004 -22"><span class='ocrx_word' id='word_1_12' title='bbox 87 577 224 658; x_wconf 79' lang='grc' dir='ltr'><strong><em>χαροός</em></strong></span> <span class='ocrx_word' id='word_1_13' title='bbox 238 575 458 660; x_wconf 72' lang='grc' dir='ltr'><strong>προσεδέχετο,</strong></span> <span class='ocrx_word' id='word_1_14' title='bbox 480 579 535 638; x_wconf 83' lang='grc' dir='ltr'><strong><em>καί</em></strong></span> <span class='ocrx_word' id='word_1_15' title='bbox 555 585 661 658; x_wconf 77' lang='grc' dir='ltr'><strong><em>τιμαῖς</em></strong></span> <span class='ocrx_word' id='word_1_16' title='bbox 683 579 827 652; x_wconf 73' lang='grc' dir='ltr'><strong>ἀπλέτοις</strong></span> <span class='ocrx_word' id='word_1_17' title='bbox 847 577 904 642; x_wconf 86' lang='grc' dir='ltr'><strong><em>καί</em></strong></span> <span class='ocrx_word' id='word_1_18' title='bbox 921 577 1119 662; x_wconf 88' lang='grc' dir='ltr'><strong><em>χαρίσμασιν</em></strong></span> <span class='ocrx_word' id='word_1_19' title='bbox 1141 580 1223 645; x_wconf 79' lang='grc' dir='ltr'><strong><em>οἰνα-</em></strong></span> 
     </span>
     <span class='ocr_line' id='line_1_4' title="bbox 91 671 1272 762; baseline 0.006 -26"><span class='ocrx_word' id='word_1_20' title='bbox 91 672 285 758; x_wconf 78' lang='grc' dir='ltr'><strong><em>ριθμὴτοις</em></strong></span> <span class='ocrx_word' id='word_1_21' title='bbox 305 672 424 748; x_wconf 80' lang='grc' dir='ltr'><strong><em>αύτούς</em></strong></span> <span class='ocrx_word' id='word_1_22' title='bbox 445 672 574 754; x_wconf 78' lang='grc' dir='ltr'><strong><em>ἐκόσμει</em></strong></span> <span class='ocrx_word' id='word_1_23' title='bbox 603 675 659 738; x_wconf 86' lang='grc' dir='ltr'><strong><em>καί</em></strong></span> <span class='ocrx_word' id='word_1_24' title='bbox 673 673 950 758; x_wconf 48' lang='grc' dir='ltr'><strong><em>,κατελόμπρυνεν</em></strong></span> <span class='ocrx_word' id='word_1_25' title='bbox 993 671 1061 742; x_wconf 87' lang='grc' dir='ltr'><strong><em>εἶτα</em></strong></span> <span class='ocrx_word' id='word_1_26' title='bbox 1083 683 1222 762; x_wconf 87' lang='grc' dir='ltr'><strong><em>πρωιαί-</em></strong></span> <span class='ocrx_word' id='word_1_27' title='bbox 1265 695 1272 713; x_wconf 84' lang='grc'><strong><em>’</em></strong></span> 
     </span>
     <span class='ocr_line' id='line_1_5' title="bbox 93 773 1319 863; baseline 0.006 -27"><span class='ocrx_word' id='word_1_28' title='bbox 93 796 204 857; x_wconf 86' lang='grc' dir='ltr'><strong><em>τερον</em></strong></span> <span class='ocrx_word' id='word_1_29' title='bbox 226 774 282 857; x_wconf 76' lang='grc' dir='ltr'><strong><em>τῆς</em></strong></span> <span class='ocrx_word' id='word_1_30' title='bbox 297 776 463 857; x_wconf 78' lang='grc' dir='ltr'><strong><em>βασιλικῆς</em></strong></span> <span class='ocrx_word' id='word_1_31' title='bbox 485 774 563 850; x_wconf 78' lang='grc' dir='ltr'><strong><em>νεώς</em></strong></span> <span class='ocrx_word' id='word_1_32' title='bbox 581 773 695 856; x_wconf 83' lang='grc' dir='ltr'><strong><em>έπιβύς</em></strong></span> <span class='ocrx_word' id='word_1_33' title='bbox 709 773 791 839; x_wconf 84' lang='grc' dir='ltr'><strong><em>εύθύ</em></strong></span> <span class='ocrx_word' id='word_1_34' title='bbox 807 779 863 859; x_wconf 83' lang='grc' dir='ltr'><strong><em>τῆς</em></strong></span> <span class='ocrx_word' id='word_1_35' title='bbox 876 777 1105 863; x_wconf 74' lang='grc' dir='ltr'><strong><em>βασιλευούσης</em></strong></span> <span class='ocrx_word' id='word_1_36' title='bbox 1124 775 1222 862; x_wconf 78' lang='grc' dir='ltr'><strong><em>ε’ξούρ.</em></strong></span> <span class='ocrx_word' id='word_1_37' title='bbox 1313 854 1319 862; x_wconf 33' lang='grc' dir='ltr'><strong><em>Ι</em></strong></span> 
     </span>
     <span class='ocr_line' id='line_1_6' title="bbox 64 873 1223 961; baseline 0.006 -25"><span class='ocrx_word' id='word_1_38' title='bbox 64 878 204 957; x_wconf 75' lang='grc' dir='ltr'><strong><em>ὅμησε,</em></strong></span> <span class='ocrx_word' id='word_1_39' title='bbox 227 877 408 956; x_wconf 89' lang='grc' dir='ltr'><strong><em>σαλπίγγων</em></strong></span> <span class='ocrx_word' id='word_1_40' title='bbox 438 876 493 942; x_wconf 84' lang='grc' dir='ltr'><strong><em>καί</em></strong></span> <span class='ocrx_word' id='word_1_41' title='bbox 518 879 656 955; x_wconf 91' lang='grc' dir='ltr'><strong><em>βυκίνων</em></strong></span> <span class='ocrx_word' id='word_1_42' title='bbox 679 873 887 961; x_wconf 80' lang='grc' dir='ltr'><strong><em>περιηχήσεσι</em></strong></span> <span class='ocrx_word' id='word_1_43' title='bbox 916 876 1118 959; x_wconf 85' lang='grc' dir='ltr'><strong><em>κοί”κρότοις</em></strong></span> <span class='ocrx_word' id='word_1_44' title='bbox 1139 904 1223 960; x_wconf 90' lang='grc' dir='ltr'><strong><em>κυμ-</em></strong></span> 
     </span>
     <span class='ocr_line' id='line_1_7' title="bbox 97 972 1223 1064; baseline 0.008 -28"><span class='ocrx_word' id='word_1_45' title='bbox 97 973 222 1056; x_wconf 82' lang='grc' dir='ltr'><strong><em>βάλων</em></strong></span> <span class='ocrx_word' id='word_1_46' title='bbox 244 972 300 1038; x_wconf 84' lang='grc' dir='ltr'><strong><em>καί</em></strong></span> <span class='ocrx_word' id='word_1_47' title='bbox 321 982 443 1061; x_wconf 74' lang='grc' dir='ltr'><strong><em>φωναῖς</em></strong></span> <span class='ocrx_word' id='word_1_48' title='bbox 466 972 625 1062; x_wconf 79' lang='grc' dir='ltr'><strong><em>εύφήμοις</em></strong></span> <span class='ocrx_word' id='word_1_49' title='bbox 652 975 972 1062; x_wconf 85' lang='grc' dir='ltr'><strong><em>κοίμεγαλουργίαις</em></strong></span> <span class='ocrx_word' id='word_1_50' title='bbox 998 982 1142 1063; x_wconf 83' lang='grc' dir='ltr'><strong><em>α’πείροις</em></strong></span> <span class='ocrx_word' id='word_1_51' title='bbox 1164 977 1223 1064; x_wconf 74' lang='grc' dir='ltr'><strong><em>την</em></strong></span> 
     </span>
     <span class='ocr_line' id='line_1_8' title="bbox 99 1070 1223 1161; baseline 0.009 -25"><span class='ocrx_word' id='word_1_52' title='bbox 99 1078 372 1159; x_wconf 71' lang='grc' dir='ltr'><strong><em>καταπληκτικοῖς</em></strong></span> <span class='ocrx_word' id='word_1_53' title='bbox 399 1072 645 1158; x_wconf 78' lang='grc' dir='ltr'><strong><em>ἐνδεικνύμενος.</em></strong></span> <span class='ocrx_word' id='word_1_54' title='bbox 688 1077 709 1161; x_wconf 81' lang='grc' dir='ltr'><em>ἦ</em></span> <span class='ocrx_word' id='word_1_55' title='bbox 741 1070 778 1142; x_wconf 78' lang='grc' dir='ltr'><strong>’δὲ</strong></span> <span class='ocrx_word' id='word_1_56' title='bbox 798 1078 944 1144; x_wconf 75' lang='grc' dir='ltr'><strong><em>θάλαττα</em></strong></span> <span class='ocrx_word' id='word_1_57' title='bbox 963 1087 1052 1146; x_wconf 80' lang='grc' dir='ltr'><strong><em>πᾶσα</em></strong></span> <span class='ocrx_word' id='word_1_58' title='bbox 1074 1081 1223 1147; x_wconf 85' lang='grc' dir='ltr'><strong><em>κατεδεν-</em></strong></span> 
     </span>
     <span class='ocr_line' id='line_1_9' title="bbox 101 1173 1350 1266; baseline 0.006 -29"><span class='ocrx_word' id='word_1_59' title='bbox 101 1175 234 1260; x_wconf 83' lang='grc' dir='ltr'><strong><em>δροῦτσ</em></strong></span> <span class='ocrx_word' id='word_1_60' title='bbox 260 1183 323 1250; x_wconf 83' lang='grc' dir='ltr'><strong><em>τοῖς</em></strong></span> <span class='ocrx_word' id='word_1_61' title='bbox 350 1173 489 1262; x_wconf 73' lang='grc' dir='ltr'><strong><em>πλοίοις,</em></strong></span> <span class='ocrx_word' id='word_1_62' title='bbox 510 1177 565 1240; x_wconf 84' lang='grc' dir='ltr'><strong><em>καί</em></strong></span> <span class='ocrx_word' id='word_1_63' title='bbox 590 1174 735 1259; x_wconf 78' lang='grc' dir='ltr'><strong><em>ἐμιμεῖτο</em></strong></span> <span class='ocrx_word' id='word_1_64' title='bbox 765 1176 864 1261; x_wconf 85' lang='grc' dir='ltr'><strong><em>α’γρόν</em></strong></span> <span class='ocrx_word' id='word_1_65' title='bbox 896 1185 1055 1254; x_wconf 74' lang='grc' dir='ltr'><strong><em>παντοίοις</em></strong></span> <span class='ocrx_word' id='word_1_66' title='bbox 1078 1184 1350 1266; x_wconf 58' lang='grc' dir='ltr'><strong><em>δένδροιςςγγνγ.</em></strong></span> 
     </span>
    </p>

    <p class='ocr_par' dir='ltr' id='par_1_3' title="bbox 68 1271 1223 1365">
     <span class='ocr_line' id='line_1_10' title="bbox 68 1271 1223 1365; baseline 0.006 -25"><span class='ocrx_word' id='word_1_67' title='bbox 68 1317 72 1322; x_wconf 97' lang='grc'>-</span> <span class='ocrx_word' id='word_1_68' title='bbox 101 1279 285 1361; x_wconf 78' lang='grc' dir='ltr'><strong><em>συνηρεφῆ</em></strong></span> <span class='ocrx_word' id='word_1_69' title='bbox 307 1273 497 1358; x_wconf 73' lang='grc' dir='ltr'><strong><em>κατάκομον·</em></strong></span> <span class='ocrx_word' id='word_1_70' title='bbox 539 1281 659 1362; x_wconf 86' lang='grc' dir='ltr'><strong><em>μέτρον</em></strong></span> <span class='ocrx_word' id='word_1_71' title='bbox 678 1277 740 1362; x_wconf 78' lang='grc' dir='ltr'><strong><em>γὰρ</em></strong></span> <span class='ocrx_word' id='word_1_72' title='bbox 765 1279 823 1343; x_wconf 88' lang='grc' dir='ltr'><strong>ούκ</strong></span> <span class='ocrx_word' id='word_1_73' title='bbox 846 1271 885 1362; x_wconf 81' lang='grc' dir='ltr'><strong><em>ἧν</em></strong></span> <span class='ocrx_word' id='word_1_74' title='bbox 906 1282 970 1343; x_wconf 77' lang='grc' dir='ltr'><strong><em>ταῖν</em></strong></span> <span class='ocrx_word' id='word_1_75' title='bbox 991 1279 1223 1365; x_wconf 83' lang='grc' dir='ltr'><strong><em>προύπαντιόν-</em></strong></span> 
     </span>
    </p>

    <p class='ocr_par' dir='ltr' id='par_1_4' title="bbox 56 1375 1222 1867">
     <span class='ocr_line' id='line_1_11' title="bbox 56 1375 1222 1469; baseline 0.009 -33"><span class='ocrx_word' id='word_1_76' title='bbox 56 1383 93 1436; x_wconf 89' lang='grc'><strong>10</strong></span> <span class='ocrx_word' id='word_1_77' title='bbox 102 1403 172 1443; x_wconf 90' lang='grc' dir='ltr'><strong><em>των</em></strong></span> <span class='ocrx_word' id='word_1_78' title='bbox 198 1377 289 1464; x_wconf 76' lang='grc' dir='ltr'><strong><em>αύτῷ</em></strong></span> <span class='ocrx_word' id='word_1_79' title='bbox 312 1379 368 1441; x_wconf 86' lang='grc' dir='ltr'><strong><em>καί</em></strong></span> <span class='ocrx_word' id='word_1_80' title='bbox 388 1379 445 1460; x_wconf 78' lang='grc' dir='ltr'><strong><em>την</em></strong></span> <span class='ocrx_word' id='word_1_81' title='bbox 465 1378 627 1464; x_wconf 84' lang='grc' dir='ltr'><strong><em>εύφημίαν</em></strong></span> <span class='ocrx_word' id='word_1_82' title='bbox 648 1379 883 1464; x_wconf 83' lang='grc' dir='ltr'><strong><em>ύπεραιρόντων</em></strong></span> <span class='ocrx_word' id='word_1_83' title='bbox 909 1379 966 1446; x_wconf 90' lang='grc' dir='ltr'><strong><em>καί</em></strong></span> <span class='ocrx_word' id='word_1_84' title='bbox 994 1375 1135 1469; x_wconf 70' lang='grc' dir='ltr'><strong><em>ᾀδόντων</em></strong></span> <span class='ocrx_word' id='word_1_85' title='bbox 1164 1379 1222 1464; x_wconf 75' lang='grc' dir='ltr'><strong><em>την</em></strong></span> 
     </span>
     <span class='ocr_line' id='line_1_12' title="bbox 105 1473 1219 1563; baseline -0.001 -20"><span class='ocrx_word' id='word_1_86' title='bbox 105 1479 174 1543; x_wconf 77' lang='grc' dir='ltr'><strong><em>τῶν</em></strong></span> <span class='ocrx_word' id='word_1_87' title='bbox 197 1478 412 1562; x_wconf 72' lang='grc' dir='ltr'><strong><em>ἐπιβατηρίων</em></strong></span> <span class='ocrx_word' id='word_1_88' title='bbox 430 1481 635 1560; x_wconf 89' lang='grc' dir='ltr'><strong><em>χορμόσυνον</em></strong></span> <span class='ocrx_word' id='word_1_89' title='bbox 661 1473 778 1563; x_wconf 75' lang='grc' dir='ltr'><strong><em>ἑορτήν.</em></strong></span> <span class='ocrx_word' id='word_1_90' title='bbox 828 1481 946 1561; x_wconf 80' lang='grc' dir='ltr'><strong><em>μικροῦ</em></strong></span> <span class='ocrx_word' id='word_1_91' title='bbox 965 1477 1027 1560; x_wconf 86' lang='grc' dir='ltr'><strong><em>γόρ</em></strong></span> <span class='ocrx_word' id='word_1_92' title='bbox 1048 1483 1110 1544; x_wconf 84' lang='grc' dir='ltr'><strong><em>ποῖν</em></strong></span> <span class='ocrx_word' id='word_1_93' title='bbox 1131 1483 1219 1562; x_wconf 86' lang='grc' dir='ltr'><strong><em>γένος</em></strong></span> 
     </span>
     <span class='ocr_line' id='line_1_13' title="bbox 105 1576 1220 1664; baseline -0.003 -21"><span class='ocrx_word' id='word_1_94' title='bbox 105 1576 296 1664; x_wconf 78' lang='grc' dir='ltr'><strong><em>οἶνθροόπων</em></strong></span> <span class='ocrx_word' id='word_1_95' title='bbox 317 1579 373 1643; x_wconf 81' lang='grc' dir='ltr'><strong>κού</strong></span> <span class='ocrx_word' id='word_1_96' title='bbox 391 1578 499 1661; x_wconf 82' lang='grc' dir='ltr'><strong><em>ἡλικία</em></strong></span> <span class='ocrx_word' id='word_1_97' title='bbox 521 1582 609 1642; x_wconf 82' lang='grc' dir='ltr'><strong><em>πόσα</em></strong></span> <span class='ocrx_word' id='word_1_98' title='bbox 631 1584 764 1663; x_wconf 87' lang='grc' dir='ltr'><strong><em>χορείας</em></strong></span> <span class='ocrx_word' id='word_1_99' title='bbox 786 1581 842 1642; x_wconf 83' lang='grc' dir='ltr'><strong>κοί</strong></span> <span class='ocrx_word' id='word_1_100' title='bbox 861 1580 1053 1664; x_wconf 75' lang='grc' dir='ltr'><strong><em>πανηγύρεις</em></strong></span> <span class='ocrx_word' id='word_1_101' title='bbox 1073 1577 1220 1661; x_wconf 85' lang='grc' dir='ltr'><strong><em>ύμνοπό.</em></strong></span> 
     </span>
     <span class='ocr_line' id='line_1_14' title="bbox 105 1675 1218 1768; baseline 0.001 -25"><span class='ocrx_word' id='word_1_102' title='bbox 105 1685 176 1745; x_wconf 87' lang='grc' dir='ltr'><strong>λων</strong></span> <span class='ocrx_word' id='word_1_103' title='bbox 199 1676 384 1762; x_wconf 74' lang='grc' dir='ltr'><strong><em>ἐστήσαντο,</em></strong></span> <span class='ocrx_word' id='word_1_104' title='bbox 407 1675 462 1740; x_wconf 79' lang='grc' dir='ltr'><strong><em>κατ’</em></strong></span> <span class='ocrx_word' id='word_1_105' title='bbox 481 1675 633 1761; x_wconf 81' lang='grc' dir='ltr'><strong><em>οἰπαρχός</em></strong></span> <span class='ocrx_word' id='word_1_106' title='bbox 654 1681 711 1763; x_wconf 80' lang='grc' dir='ltr'><strong><em>τῆς</em></strong></span> <span class='ocrx_word' id='word_1_107' title='bbox 729 1676 852 1744; x_wconf 76' lang='grc' dir='ltr'><strong><em>ἑαυτοόν</em></strong></span> <span class='ocrx_word' id='word_1_108' title='bbox 872 1676 1076 1764; x_wconf 75' lang='grc' dir='ltr'><strong><em>ἀνακλήσεως</em></strong></span> <span class='ocrx_word' id='word_1_109' title='bbox 1088 1683 1132 1766; x_wconf 78' lang='grc' dir='ltr'><strong>τῷ</strong></span> <span class='ocrx_word' id='word_1_110' title='bbox 1153 1684 1218 1768; x_wconf 71' lang='grc' dir='ltr'><strong>θεῷ</strong></span> 
     </span>
     <span class='ocr_line' id='line_1_15' title="bbox 108 1777 1222 1867; baseline 0.001 -24"><span class='ocrx_word' id='word_1_111' title='bbox 108 1781 329 1859; x_wconf 74' lang='grc' dir='ltr'><strong><em>καθιέρωσαν.</em></strong></span> <span class='ocrx_word' id='word_1_112' title='bbox 371 1781 483 1843; x_wconf 80' lang='grc' dir='ltr'><strong><em>τοῦτον</em></strong></span> <span class='ocrx_word' id='word_1_113' title='bbox 505 1777 560 1843; x_wconf 90' lang='grc' dir='ltr'><strong><em>τόν</em></strong></span> <span class='ocrx_word' id='word_1_114' title='bbox 583 1778 700 1864; x_wconf 87' lang='grc' dir='ltr'><strong><em>τρόπον</em></strong></span> <span class='ocrx_word' id='word_1_115' title='bbox 719 1784 818 1864; x_wconf 84' lang='grc' dir='ltr'><strong><em>μέχρι</em></strong></span> <span class='ocrx_word' id='word_1_116' title='bbox 831 1783 895 1867; x_wconf 67' lang='grc' dir='ltr'><strong><em>τοῖν</em></strong></span> <span class='ocrx_word' id='word_1_117' title='bbox 917 1778 1097 1867; x_wconf 86' lang='grc' dir='ltr'><strong><em>α’νακτόρων</em></strong></span> <span class='ocrx_word' id='word_1_118' title='bbox 1121 1778 1222 1846; x_wconf 85' lang='grc' dir='ltr'><strong><em>πλεύ-</em></strong></span> 
     </span>
    </p>

    <p class='ocr_par' dir='ltr' id='par_1_5' title="bbox 64 1877 1222 2267">
     <span class='ocr_line' id='line_1_16' title="bbox 64 1877 1220 1969; baseline 0.007 -30"><span class='ocrx_word' id='word_1_119' title='bbox 64 1886 100 1942; x_wconf 86' lang='grc'><strong>15</strong></span> <span class='ocrx_word' id='word_1_120' title='bbox 110 1902 190 1958; x_wconf 88' lang='grc' dir='ltr'><strong><em>σος,</em></strong></span> <span class='ocrx_word' id='word_1_121' title='bbox 223 1877 278 1946; x_wconf 87' lang='grc' dir='ltr'><strong><em>καί</em></strong></span> <span class='ocrx_word' id='word_1_122' title='bbox 296 1877 377 1960; x_wconf 77' lang='grc' dir='ltr'><strong><em>’κατὰ</em></strong></span> <span class='ocrx_word' id='word_1_123' title='bbox 399 1881 458 1962; x_wconf 81' lang='grc' dir='ltr'><strong><em>γῆν</em></strong></span> <span class='ocrx_word' id='word_1_124' title='bbox 478 1879 599 1962; x_wconf 77' lang='grc' dir='ltr'><strong><em>μείζονι</em></strong></span> <span class='ocrx_word' id='word_1_125' title='bbox 623 1883 662 1967; x_wconf 80' lang='grc' dir='ltr'><strong>τῇ</strong></span> <span class='ocrx_word' id='word_1_126' title='bbox 682 1886 868 1969; x_wconf 83' lang='grc' dir='ltr'><strong><em>φρυκτωρίρι</em></strong></span> <span class='ocrx_word' id='word_1_127' title='bbox 899 1883 955 1946; x_wconf 90' lang='grc' dir='ltr'><strong><em>καί</em></strong></span> <span class='ocrx_word' id='word_1_128' title='bbox 977 1882 1023 1968; x_wconf 78' lang='grc' dir='ltr'><strong>τῷ</strong></span> <span class='ocrx_word' id='word_1_129' title='bbox 1043 1879 1220 1969; x_wconf 77' lang='grc' dir='ltr'><strong><em>περιβοήτῳ</em></strong></span> 
     </span>
     <span class='ocr_line' id='line_1_17' title="bbox 113 1975 1222 2064; baseline 0 -20"><span class='ocrx_word' id='word_1_130' title='bbox 113 1976 264 2060; x_wconf 76' lang='grc' dir='ltr'><strong><em>θαύματι</em></strong></span> <span class='ocrx_word' id='word_1_131' title='bbox 286 1975 341 2050; x_wconf 79' lang='grc' dir='ltr'><strong><em>καί</em></strong></span> <span class='ocrx_word' id='word_1_132' title='bbox 361 1979 512 2062; x_wconf 78' lang='grc' dir='ltr'><strong><em>κινήματι</em></strong></span> <span class='ocrx_word' id='word_1_133' title='bbox 541 1978 681 2055; x_wconf 78' lang='grc' dir='ltr'><strong><em>καὶτοῖς</em></strong></span> <span class='ocrx_word' id='word_1_134' title='bbox 707 1982 875 2064; x_wconf 79' lang='grc' dir='ltr'><strong><em>ἐγκωμίοις</em></strong></span> <span class='ocrx_word' id='word_1_135' title='bbox 895 1982 1045 2046; x_wconf 73' lang='grc' dir='ltr'><strong><em>ἁπάντων</em></strong></span> <span class='ocrx_word' id='word_1_136' title='bbox 1065 2005 1222 2046; x_wconf 84' lang='grc' dir='ltr'><strong><em>καταστε-</em></strong></span> 
     </span>
     <span class='ocr_line' id='line_1_18' title="bbox 113 2073 1220 2167; baseline 0 -23"><span class='ocrx_word' id='word_1_137' title='bbox 113 2083 220 2164; x_wconf 79' lang='grc' dir='ltr'><strong><em>φθείς,</em></strong></span> <span class='ocrx_word' id='word_1_138' title='bbox 244 2080 352 2144; x_wconf 78' lang='grc' dir='ltr'><strong><em>αύτοόυ</em></strong></span> <span class='ocrx_word' id='word_1_139' title='bbox 372 2075 529 2160; x_wconf 73' lang='grc' dir='ltr'><strong><em>ἐπιβαίνει</em></strong></span> <span class='ocrx_word' id='word_1_140' title='bbox 552 2083 616 2144; x_wconf 82' lang='grc' dir='ltr'><strong><em>τεόν</em></strong></span> <span class='ocrx_word' id='word_1_141' title='bbox 635 2080 820 2167; x_wconf 86' lang='grc' dir='ltr'><strong><em>α’ναιιτόρων</em></strong></span> <span class='ocrx_word' id='word_1_142' title='bbox 849 2085 905 2147; x_wconf 90' lang='grc' dir='ltr'><strong><em>καί</em></strong></span> <span class='ocrx_word' id='word_1_143' title='bbox 923 2079 958 2146; x_wconf 87' lang='grc' dir='ltr'><strong>τό</strong></span> <span class='ocrx_word' id='word_1_144' title='bbox 978 2073 1117 2165; x_wconf 80' lang='grc' dir='ltr'><strong><em>όκρατον</em></strong></span> <span class='ocrx_word' id='word_1_145' title='bbox 1137 2082 1220 2162; x_wconf 84' lang='grc' dir='ltr'><strong><em>κρό-</em></strong></span> 
     </span>
     <span class='ocr_line' id='line_1_19' title="bbox 112 2176 1155 2267; baseline 0.003 -24"><span class='ocrx_word' id='word_1_146' title='bbox 112 2201 164 2254; x_wconf 91' lang='grc' dir='ltr'><strong><em>τος</em></strong></span> <span class='ocrx_word' id='word_1_147' title='bbox 184 2181 240 2262; x_wconf 80' lang='grc' dir='ltr'><strong><em>τῆς</em></strong></span> <span class='ocrx_word' id='word_1_148' title='bbox 259 2180 426 2261; x_wconf 85' lang='grc' dir='ltr'><strong><em>βασιλείας</em></strong></span> <span class='ocrx_word' id='word_1_149' title='bbox 446 2184 480 2245; x_wconf 81' lang='grc' dir='ltr'><strong><em>έν</em></strong></span> <span class='ocrx_word' id='word_1_150' title='bbox 500 2176 621 2264; x_wconf 78' lang='grc' dir='ltr'><strong><em>ἐξόχως</em></strong></span> <span class='ocrx_word' id='word_1_151' title='bbox 642 2181 939 2267; x_wconf 79' lang='grc' dir='ltr'><strong><em>τερατουργημασιν</em></strong></span> <span class='ocrx_word' id='word_1_152' title='bbox 960 2180 1155 2248; x_wconf 82' lang='grc' dir='ltr'><strong><em>έπενδύεται.</em></strong></span> 
     </span>
    </p>

    <p class='ocr_par' dir='ltr' id='par_1_6' title="bbox 220 2279 1219 2369">
     <span class='ocr_line' id='line_1_20' title="bbox 220 2279 1219 2369; baseline 0.004 -23"><span class='ocrx_word' id='word_1_153' title='bbox 220 2279 263 2346; x_wconf 88' lang='grc' dir='ltr'><strong>Τό</strong></span> <span class='ocrx_word' id='word_1_154' title='bbox 296 2287 325 2346; x_wconf 85' lang='grc' dir='ltr'><strong>δ’</strong></span> <span class='ocrx_word' id='word_1_155' title='bbox 356 2282 417 2346; x_wconf 85' lang='grc' dir='ltr'><strong><em>α’πό</em></strong></span> <span class='ocrx_word' id='word_1_156' title='bbox 455 2283 550 2346; x_wconf 87' lang='grc' dir='ltr'><strong><em>τούδε</em></strong></span> <span class='ocrx_word' id='word_1_157' title='bbox 580 2287 628 2358; x_wconf 87' lang='grc' dir='ltr'><strong><em>τίς</em></strong></span> <span class='ocrx_word' id='word_1_158' title='bbox 647 2279 738 2365; x_wconf 87' lang='grc' dir='ltr'><strong><em>λόγος</em></strong></span> <span class='ocrx_word' id='word_1_159' title='bbox 767 2283 922 2369; x_wconf 85' lang='grc' dir='ltr'><strong><em>έκφρόσει</em></strong></span> <span class='ocrx_word' id='word_1_160' title='bbox 944 2287 998 2350; x_wconf 84' lang='grc' dir='ltr'><strong><em>καί</em></strong></span> <span class='ocrx_word' id='word_1_161' title='bbox 1019 2281 1219 2368; x_wconf 72' lang='grc' dir='ltr'><strong><em>διηγησεταις</em></strong></span> 
     </span>
    </p>

    <p class='ocr_par' dir='ltr' id='par_1_7' title="bbox 70 2379 1300 2569">
     <span class='ocr_line' id='line_1_21' title="bbox 70 2379 1220 2472; baseline 0.005 -24"><span class='ocrx_word' id='word_1_162' title='bbox 70 2382 151 2448; x_wconf 71' lang='lat' dir='ltr'><strong>aori</strong></span> <span class='ocrx_word' id='word_1_163' title='bbox 175 2385 209 2448; x_wconf 76' lang='grc' dir='ltr'><strong><em>ἐν</em></strong></span> <span class='ocrx_word' id='word_1_164' title='bbox 230 2379 391 2464; x_wconf 75' lang='grc' dir='ltr'><strong><em>ιῖξιούμασι</em></strong></span> <span class='ocrx_word' id='word_1_165' title='bbox 423 2389 478 2450; x_wconf 89' lang='grc' dir='ltr'><strong><em>καί</em></strong></span> <span class='ocrx_word' id='word_1_166' title='bbox 500 2393 608 2470; x_wconf 78' lang='grc' dir='ltr'><strong><em>τιμαῖς</em></strong></span> <span class='ocrx_word' id='word_1_167' title='bbox 629 2387 847 2472; x_wconf 81' lang='grc' dir='ltr'><strong><em>περιβλέπτοις</em></strong></span> <span class='ocrx_word' id='word_1_168' title='bbox 879 2385 934 2448; x_wconf 87' lang='grc' dir='ltr'><strong><em>καί</em></strong></span> <span class='ocrx_word' id='word_1_169' title='bbox 963 2390 1220 2471; x_wconf 75' lang='grc' dir='ltr'><strong><em>μεγαλοπρεπέσι</em></strong></span> 
     </span>
     <span class='ocr_line' id='line_1_22' title="bbox 117 2482 1300 2569; baseline 0.002 -21"><span class='ocrx_word' id='word_1_170' title='bbox 117 2485 255 2569; x_wconf 80' lang='grc' dir='ltr'><strong><em>διηνεκές</em></strong></span> <span class='ocrx_word' id='word_1_171' title='bbox 289 2486 345 2550; x_wconf 87' lang='grc' dir='ltr'><strong><em>καί</em></strong></span> <span class='ocrx_word' id='word_1_172' title='bbox 377 2484 563 2568; x_wconf 76' lang='grc' dir='ltr'><strong><em>ἀνέκδοτον,</em></strong></span> <span class='ocrx_word' id='word_1_173' title='bbox 596 2488 651 2550; x_wconf 83' lang='grc' dir='ltr'><strong><em>καί</em></strong></span> <span class='ocrx_word' id='word_1_174' title='bbox 677 2482 712 2549; x_wconf 81' lang='grc' dir='ltr'><strong>τό</strong></span> <span class='ocrx_word' id='word_1_175' title='bbox 744 2487 778 2550; x_wconf 83' lang='grc' dir='ltr'><strong><em>έν</em></strong></span> <span class='ocrx_word' id='word_1_176' title='bbox 808 2482 923 2568; x_wconf 77' lang='grc' dir='ltr'><strong><em>δοόροις</em></strong></span> <span class='ocrx_word' id='word_1_177' title='bbox 957 2484 1012 2550; x_wconf 87' lang='grc' dir='ltr'><strong><em>καί</em></strong></span> <span class='ocrx_word' id='word_1_178' title='bbox 1038 2487 1220 2567; x_wconf 83' lang='grc' dir='ltr'><strong><em>χαρίσμασι</em></strong></span> <span class='ocrx_word' id='word_1_179' title='bbox 1287 2557 1300 2568; x_wconf 68' lang='lat'>„</span> 
     </span>
    </p>

    <p class='ocr_par' dir='ltr' id='par_1_8' title="bbox 117 2579 1300 2773">
     <span class='ocr_line' id='line_1_23' title="bbox 117 2579 1221 2672; baseline 0.004 -25"><span class='ocrx_word' id='word_1_180' title='bbox 117 2579 295 2672; x_wconf 72' lang='grc' dir='ltr'><strong><em>ὑπερφέρον</em></strong></span> <span class='ocrx_word' id='word_1_181' title='bbox 315 2589 370 2650; x_wconf 87' lang='grc' dir='ltr'><strong><em>καί</em></strong></span> <span class='ocrx_word' id='word_1_182' title='bbox 389 2584 693 2670; x_wconf 88' lang='grc' dir='ltr'><strong><em>ύπερεκχυνόμενον,</em></strong></span> <span class='ocrx_word' id='word_1_183' title='bbox 719 2581 762 2661; x_wconf 64' lang='grc' dir='ltr'><strong><em>οἷς</em></strong></span> <span class='ocrx_word' id='word_1_184' title='bbox 782 2587 878 2668; x_wconf 82' lang='grc' dir='ltr'><strong><em>λῆρον</em></strong></span> <span class='ocrx_word' id='word_1_185' title='bbox 900 2580 983 2650; x_wconf 85' lang='grc' dir='ltr'><strong><em>εἶναι</em></strong></span> <span class='ocrx_word' id='word_1_186' title='bbox 1008 2584 1221 2651; x_wconf 83' lang='grc' dir='ltr'><strong><em>τόνΠακτω-</em></strong></span> 
     </span>
     <span class='ocr_line' id='line_1_24' title="bbox 120 2674 1300 2773; baseline 0.004 -25"><span class='ocrx_word' id='word_1_187' title='bbox 120 2681 174 2749; x_wconf 89' lang='grc' dir='ltr'><strong>λόν</strong></span> <span class='ocrx_word' id='word_1_188' title='bbox 195 2690 314 2752; x_wconf 73' lang='grc' dir='ltr'><strong><em>ἐκεῖνον</em></strong></span> <span class='ocrx_word' id='word_1_189' title='bbox 336 2690 390 2752; x_wconf 83' lang='grc' dir='ltr'><strong><em>καί</em></strong></span> <span class='ocrx_word' id='word_1_190' title='bbox 409 2688 645 2773; x_wconf 85' lang='grc' dir='ltr'><strong><em>Χρυσορρύαν,</em></strong></span> <span class='ocrx_word' id='word_1_191' title='bbox 666 2685 699 2752; x_wconf 79' lang='grc' dir='ltr'><strong>οἳ</strong></span> <span class='ocrx_word' id='word_1_192' title='bbox 713 2682 770 2770; x_wconf 75' lang='grc' dir='ltr'><strong><em>τὴν</em></strong></span> <span class='ocrx_word' id='word_1_193' title='bbox 790 2685 853 2750; x_wconf 74' lang='grc' dir='ltr'><strong><em>τῶν</em></strong></span> <span class='ocrx_word' id='word_1_194' title='bbox 874 2687 998 2752; x_wconf 79' lang='grc' dir='ltr'><strong><em>Λυδῶν</em></strong></span> <span class='ocrx_word' id='word_1_195' title='bbox 1011 2674 1221 2770; x_wconf 85' lang='grc' dir='ltr'><strong><em>παραρρέον·</em></strong></span> <span class='ocrx_word' id='word_1_196' title='bbox 1290 2721 1300 2726; x_wconf 91' lang='grc'>-</span> 
     </span>
    </p>
   </div>
   <div class='ocr_carea' id='block_1_3' title="bbox 191 2817 1182 2929">
    <p class='ocr_par' dir='ltr' id='par_1_9' title="bbox 191 2817 1182 2929">
     <span class='ocr_line' id='line_1_25' title="bbox 191 2817 1182 2929; baseline 0 -28"><span class='ocrx_word' id='word_1_197' title='bbox 191 2848 216 2901; x_wconf 84' lang='lat' dir='ltr'><strong>d.</strong></span> <span class='ocrx_word' id='word_1_198' title='bbox 235 2840 299 2917; x_wconf 72' lang='grc' dir='ltr'><strong><em>ιη’ν]</em></strong></span> <span class='ocrx_word' id='word_1_199' title='bbox 321 2839 371 2915; x_wconf 70' lang='grc' dir='ltr'><strong><em>την</em></strong></span> <span class='ocrx_word' id='word_1_200' title='bbox 388 2849 556 2918; x_wconf 81' lang='grc' dir='ltr'><strong><em>παρουσίαν</em></strong></span> <span class='ocrx_word' id='word_1_201' title='bbox 574 2845 620 2900; x_wconf 87' lang='lat' dir='ltr'><strong>vel</strong></span> <span class='ocrx_word' id='word_1_202' title='bbox 636 2817 688 2915; x_wconf 74' lang='grc' dir='ltr'><strong><em>την</em></strong></span> <span class='ocrx_word' id='word_1_203' title='bbox 707 2845 845 2904; x_wconf 72' lang='lat' dir='ltr'><strong>sicodor?</strong></span> <span class='ocrx_word' id='word_1_204' title='bbox 917 2847 960 2900; x_wconf 88' lang='grc'><strong>18.</strong></span> <span class='ocrx_word' id='word_1_205' title='bbox 980 2848 1131 2929; x_wconf 73' lang='grc' dir='ltr'><strong><em>λπενδιλετο</em></strong></span> <span class='ocrx_word' id='word_1_206' title='bbox 1151 2847 1182 2904; x_wconf 80' lang='lat' dir='ltr'><strong>G.</strong></span> 
     </span>
    </p>
   </div>
   <div class='ocr_carea' id='block_1_4' title="bbox 33 3010 1320 4308">
    <p class='ocr_par' dir='ltr' id='par_1_10' title="bbox 33 3010 1320 4005">
     <span class='ocr_line' id='line_1_26' title="bbox 123 3010 1228 3082; baseline -0.001 -16"><span class='ocrx_word' id='word_1_207' title='bbox 123 3027 213 3068; x_wconf 79' lang='lat' dir='ltr'><strong>versus</strong></span> <span class='ocrx_word' id='word_1_208' title='bbox 233 3011 382 3082; x_wconf 83' lang='lat' dir='ltr'><strong>contendit)</strong></span> <span class='ocrx_word' id='word_1_209' title='bbox 408 3026 458 3080; x_wconf 85' lang='lat' dir='ltr'><strong>per</strong></span> <span class='ocrx_word' id='word_1_210' title='bbox 485 3018 566 3063; x_wconf 88' lang='lat' dir='ltr'><strong>totam</strong></span> <span class='ocrx_word' id='word_1_211' title='bbox 584 3019 691 3064; x_wconf 88' lang='lat' dir='ltr'><strong>noctem</strong></span> <span class='ocrx_word' id='word_1_212' title='bbox 711 3027 771 3064; x_wconf 91' lang='lat' dir='ltr'><strong>cum</strong></span> <span class='ocrx_word' id='word_1_213' title='bbox 798 3010 920 3064; x_wconf 90' lang='lat' dir='ltr'><strong>omnibns</strong></span> <span class='ocrx_word' id='word_1_214' title='bbox 938 3010 1096 3063; x_wconf 86' lang='lat' dir='ltr'><strong>versabatur</strong></span> <span class='ocrx_word' id='word_1_215' title='bbox 1117 3026 1228 3080; x_wconf 85' lang='lat' dir='ltr'><strong>eosque·</strong></span> 
     </span>
     <span class='ocr_line' id='line_1_27' title="bbox 125 3082 1320 3152; baseline -0.006 -16"><span class='ocrx_word' id='word_1_216' title='bbox 125 3086 279 3138; x_wconf 88' lang='lat' dir='ltr'><strong>hilarissime</strong></span> <span class='ocrx_word' id='word_1_217' title='bbox 298 3083 450 3150; x_wconf 73' lang='lat' dir='ltr'><strong>excipiebat</strong></span> <span class='ocrx_word' id='word_1_218' title='bbox 471 3091 498 3135; x_wconf 88' lang='lat' dir='ltr'><strong>et</strong></span> <span class='ocrx_word' id='word_1_219' title='bbox 521 3083 666 3136; x_wconf 89' lang='lat' dir='ltr'><strong>honoribus</strong></span> <span class='ocrx_word' id='word_1_220' title='bbox 685 3083 838 3152; x_wconf 71' lang='lat' dir='ltr'><strong>ingentibus</strong></span> <span class='ocrx_word' id='word_1_221' title='bbox 857 3091 884 3134; x_wconf 90' lang='lat' dir='ltr'><strong>et</strong></span> <span class='ocrx_word' id='word_1_222' title='bbox 901 3084 995 3150; x_wconf 79' lang='lat' dir='ltr'><strong>gratiis</strong></span> <span class='ocrx_word' id='word_1_223' title='bbox 1013 3082 1217 3135; x_wconf 76' lang='lat' dir='ltr'><strong>innumerabili.</strong></span> <span class='ocrx_word' id='word_1_224' title='bbox 1312 3145 1320 3150; x_wconf 28' lang='lat'><strong>⁴</strong></span> 
     </span>
     <span class='ocr_line' id='line_1_28' title="bbox 124 3155 1217 3223; baseline -0.003 -13"><span class='ocrx_word' id='word_1_225' title='bbox 124 3158 170 3212; x_wconf 90' lang='lat' dir='ltr'><strong>bns</strong></span> <span class='ocrx_word' id='word_1_226' title='bbox 187 3171 232 3210; x_wconf 90' lang='lat' dir='ltr'><strong>eos</strong></span> <span class='ocrx_word' id='word_1_227' title='bbox 250 3157 361 3209; x_wconf 80' lang='lat' dir='ltr'><strong>ornabat</strong></span> <span class='ocrx_word' id='word_1_228' title='bbox 382 3165 409 3208; x_wconf 89' lang='lat' dir='ltr'><strong>et</strong></span> <span class='ocrx_word' id='word_1_229' title='bbox 426 3155 593 3209; x_wconf 86' lang='lat' dir='ltr'><strong>illustrnbat:</strong></span> <span class='ocrx_word' id='word_1_230' title='bbox 619 3156 716 3208; x_wconf 88' lang='lat' dir='ltr'><strong>deinde</strong></span> <span class='ocrx_word' id='word_1_231' title='bbox 739 3171 817 3208; x_wconf 86' lang='lat' dir='ltr'><strong>mene</strong></span> <span class='ocrx_word' id='word_1_232' title='bbox 831 3156 933 3223; x_wconf 75' lang='lat' dir='ltr'><strong>regiam</strong></span> <span class='ocrx_word' id='word_1_233' title='bbox 956 3169 1053 3206; x_wconf 82' lang='lat' dir='ltr'><strong>navem</strong></span> <span class='ocrx_word' id='word_1_234' title='bbox 1070 3155 1217 3207; x_wconf 86' lang='lat' dir='ltr'><strong>ascendens</strong></span> 
     </span>
     <span class='ocr_line' id='line_1_29' title="bbox 126 3225 1218 3294; baseline -0.006 -12"><span class='ocrx_word' id='word_1_235' title='bbox 126 3231 206 3282; x_wconf 88' lang='lat' dir='ltr'><strong>statim</strong></span> <span class='ocrx_word' id='word_1_236' title='bbox 232 3229 323 3280; x_wconf 83' lang='lat' dir='ltr'><strong>urbem</strong></span> <span class='ocrx_word' id='word_1_237' title='bbox 342 3228 497 3292; x_wconf 74' lang='lat' dir='ltr'><strong>contendit,</strong></span> <span class='ocrx_word' id='word_1_238' title='bbox 523 3227 644 3280; x_wconf 83' lang='lat' dir='ltr'><strong>tuburum</strong></span> <span class='ocrx_word' id='word_1_239' title='bbox 672 3235 699 3280; x_wconf 90' lang='lat' dir='ltr'><strong>et</strong></span> <span class='ocrx_word' id='word_1_240' title='bbox 715 3227 888 3280; x_wconf 87' lang='lat' dir='ltr'><strong>buccinarum</strong></span> <span class='ocrx_word' id='word_1_241' title='bbox 915 3225 1044 3294; x_wconf 78' lang='lat' dir='ltr'><strong>clangore</strong></span> <span class='ocrx_word' id='word_1_242' title='bbox 1063 3233 1092 3276; x_wconf 89' lang='lat' dir='ltr'><strong>et</strong></span> <span class='ocrx_word' id='word_1_243' title='bbox 1107 3225 1218 3292; x_wconf 78' lang='lat' dir='ltr'><strong>planetu</strong></span> 
     </span>
     <span class='ocr_line' id='line_1_30' title="bbox 127 3297 1219 3368; baseline -0.005 -15"><span class='ocrx_word' id='word_1_244' title='bbox 127 3300 296 3367; x_wconf 72' lang='lat' dir='ltr'><strong>cymbalorum</strong></span> <span class='ocrx_word' id='word_1_245' title='bbox 325 3309 352 3352; x_wconf 93' lang='lat' dir='ltr'><strong>et</strong></span> <span class='ocrx_word' id='word_1_246' title='bbox 379 3299 492 3353; x_wconf 86' lang='lat' dir='ltr'><strong>vocibus</strong></span> <span class='ocrx_word' id='word_1_247' title='bbox 517 3301 600 3368; x_wconf 77' lang='lat' dir='ltr'><strong>gratis</strong></span> <span class='ocrx_word' id='word_1_248' title='bbox 626 3307 653 3350; x_wconf 87' lang='lat' dir='ltr'><strong>et</strong></span> <span class='ocrx_word' id='word_1_249' title='bbox 685 3299 884 3365; x_wconf 78' lang='lat' dir='ltr'><strong>magnificentia</strong></span> <span class='ocrx_word' id='word_1_250' title='bbox 908 3298 1036 3350; x_wconf 87' lang='lat' dir='ltr'><strong>immensa</strong></span> <span class='ocrx_word' id='word_1_251' title='bbox 1060 3297 1219 3364; x_wconf 83' lang='lat' dir='ltr'><strong>dignitatem</strong></span> 
     </span>
     <span class='ocr_line' id='line_1_31' title="bbox 33 3369 1218 3437; baseline -0.004 -12"><span class='ocrx_word' id='word_1_252' title='bbox 33 3403 34 3408; x_wconf 65' lang='lat'><em>=</em></span> <span class='ocrx_word' id='word_1_253' title='bbox 126 3372 198 3424; x_wconf 83' lang='lat' dir='ltr'><strong>uelde</strong></span> <span class='ocrx_word' id='word_1_254' title='bbox 216 3380 366 3424; x_wconf 76' lang='lat' dir='ltr'><strong>ostentansr</strong></span> <span class='ocrx_word' id='word_1_255' title='bbox 392 3387 465 3422; x_wconf 85' lang='lat' dir='ltr'><strong>mare</strong></span> <span class='ocrx_word' id='word_1_256' title='bbox 489 3381 576 3423; x_wconf 90' lang='lat' dir='ltr'><strong>nutem</strong></span> <span class='ocrx_word' id='word_1_257' title='bbox 597 3386 673 3422; x_wconf 90' lang='lat' dir='ltr'><strong>omne</strong></span> <span class='ocrx_word' id='word_1_258' title='bbox 698 3379 727 3421; x_wconf 87' lang='lat' dir='ltr'><strong>ut</strong></span> <span class='ocrx_word' id='word_1_259' title='bbox 754 3370 899 3422; x_wconf 87' lang='lat' dir='ltr'><strong>arboribus&#39;</strong></span> <span class='ocrx_word' id='word_1_260' title='bbox 920 3369 1081 3422; x_wconf 70' lang='lat' dir='ltr'><strong>densabatur</strong></span> <span class='ocrx_word' id='word_1_261' title='bbox 1100 3369 1218 3437; x_wconf 78' lang='lat' dir='ltr'><strong>navigiis</strong></span> 
     </span>
     <span class='ocr_line' id='line_1_32' title="bbox 129 3441 1219 3508; baseline -0.003 -15"><span class='ocrx_word' id='word_1_262' title='bbox 129 3451 153 3494; x_wconf 88' lang='lat' dir='ltr'><strong>et</strong></span> <span class='ocrx_word' id='word_1_263' title='bbox 170 3441 315 3493; x_wconf 74' lang='lat' dir='ltr'><strong>imitabatur</strong></span> <span class='ocrx_word' id='word_1_264' title='bbox 333 3457 425 3508; x_wconf 74' lang='lat' dir='ltr'><strong>agrum</strong></span> <span class='ocrx_word' id='word_1_265' title='bbox 443 3444 526 3494; x_wconf 83' lang='lat' dir='ltr'><strong>variis</strong></span> <span class='ocrx_word' id='word_1_266' title='bbox 540 3442 679 3500; x_wconf 87' lang='lat' dir='ltr'><strong>arboribus</strong></span> <span class='ocrx_word' id='word_1_267' title='bbox 691 3449 790 3493; x_wconf 87' lang='lat' dir='ltr'><strong>tectum</strong></span> <span class='ocrx_word' id='word_1_268' title='bbox 810 3451 837 3494; x_wconf 90' lang='lat' dir='ltr'><strong>et</strong></span> <span class='ocrx_word' id='word_1_269' title='bbox 850 3449 996 3495; x_wconf 84' lang='lat' dir='ltr'><strong>comatum:</strong></span> <span class='ocrx_word' id='word_1_270' title='bbox 1014 3449 1127 3493; x_wconf 89' lang='lat' dir='ltr'><strong>metrum</strong></span> <span class='ocrx_word' id='word_1_271' title='bbox 1148 3441 1219 3491; x_wconf 88' lang='lat' dir='ltr'><strong>enim</strong></span> 
     </span>
     <span class='ocr_line' id='line_1_33' title="bbox 128 3510 1219 3580; baseline -0.004 -16"><span class='ocrx_word' id='word_1_272' title='bbox 128 3520 249 3564; x_wconf 84' lang='lat' dir='ltr'><strong>nouerat</strong></span> <span class='ocrx_word' id='word_1_273' title='bbox 267 3526 368 3576; x_wconf 88' lang='lat' dir='ltr'><strong>eornm,</strong></span> <span class='ocrx_word' id='word_1_274' title='bbox 387 3514 434 3580; x_wconf 91' lang='lat' dir='ltr'><strong>qui</strong></span> <span class='ocrx_word' id='word_1_275' title='bbox 452 3513 614 3571; x_wconf 79' lang='lat' dir='ltr'><strong>obvenirent</strong></span> <span class='ocrx_word' id='word_1_276' title='bbox 641 3514 666 3562; x_wconf 92' lang='lat' dir='ltr'><strong>ei</strong></span> <span class='ocrx_word' id='word_1_277' title='bbox 686 3521 713 3562; x_wconf 89' lang='lat' dir='ltr'><strong>et</strong></span> <span class='ocrx_word' id='word_1_278' title='bbox 731 3513 900 3565; x_wconf 84' lang='lat' dir='ltr'><strong>salutationis</strong></span> <span class='ocrx_word' id='word_1_279' title='bbox 928 3513 1071 3564; x_wconf 86' lang='lat' dir='ltr'><strong>clamorem</strong></span> <span class='ocrx_word' id='word_1_280' title='bbox 1090 3510 1219 3564; x_wconf 85' lang='lat' dir='ltr'><strong>tollerent</strong></span> 
     </span>
     <span class='ocr_line' id='line_1_34' title="bbox 131 3579 1219 3650; baseline -0.002 -16"><span class='ocrx_word' id='word_1_281' title='bbox 131 3579 293 3634; x_wconf 69' lang='lat' dir='ltr'><strong>sternerent</strong></span> <span class='ocrx_word' id='word_1_282' title='bbox 311 3581 397 3633; x_wconf 87' lang='lat' dir='ltr'><strong>hilare</strong></span> <span class='ocrx_word' id='word_1_283' title='bbox 416 3583 546 3634; x_wconf 87' lang='lat' dir='ltr'><strong>adventus</strong></span> <span class='ocrx_word' id='word_1_284' title='bbox 561 3582 673 3632; x_wconf 73' lang='lat' dir='ltr'><strong>lestumz</strong></span> <span class='ocrx_word' id='word_1_285' title='bbox 692 3597 780 3647; x_wconf 87' lang='lat' dir='ltr'><strong>paene</strong></span> <span class='ocrx_word' id='word_1_286' title='bbox 799 3585 869 3634; x_wconf 87' lang='lat' dir='ltr'><strong>enim</strong></span> <span class='ocrx_word' id='word_1_287' title='bbox 881 3597 960 3634; x_wconf 90' lang='lat' dir='ltr'><strong>omne</strong></span> <span class='ocrx_word' id='word_1_288' title='bbox 978 3598 1063 3650; x_wconf 80' lang='lat' dir='ltr'><strong>genus</strong></span> <span class='ocrx_word' id='word_1_289' title='bbox 1082 3582 1219 3633; x_wconf 91' lang='lat' dir='ltr'><strong>bominum</strong></span> 
     </span>
     <span class='ocr_line' id='line_1_35' title="bbox 132 3650 1218 3722; baseline -0.001 -19"><span class='ocrx_word' id='word_1_290' title='bbox 132 3661 155 3704; x_wconf 82' lang='lat' dir='ltr'><strong>el</strong></span> <span class='ocrx_word' id='word_1_291' title='bbox 170 3661 237 3705; x_wconf 84' lang='lat' dir='ltr'><strong>setas</strong></span> <span class='ocrx_word' id='word_1_292' title='bbox 256 3654 341 3705; x_wconf 88' lang='lat' dir='ltr'><strong>omnis</strong></span> <span class='ocrx_word' id='word_1_293' title='bbox 359 3652 457 3704; x_wconf 85' lang='lat' dir='ltr'><strong>choros</strong></span> <span class='ocrx_word' id='word_1_294' title='bbox 478 3659 505 3702; x_wconf 90' lang='lat' dir='ltr'><strong>et</strong></span> <span class='ocrx_word' id='word_1_295' title='bbox 518 3652 664 3702; x_wconf 84' lang='lat' dir='ltr'><strong>conciones</strong></span> <span class='ocrx_word' id='word_1_296' title='bbox 683 3650 796 3722; x_wconf 67' lang='lat' dir='ltr'><strong>hymnos</strong></span> <span class='ocrx_word' id='word_1_297' title='bbox 820 3661 947 3704; x_wconf 86' lang='lat' dir='ltr'><strong>canentes</strong></span> <span class='ocrx_word' id='word_1_298' title='bbox 965 3654 1171 3716; x_wconf 83' lang='lat' dir='ltr'><strong>constituerunt,</strong></span> <span class='ocrx_word' id='word_1_299' title='bbox 1190 3658 1218 3702; x_wconf 89' lang='lat' dir='ltr'><strong>et</strong></span> 
     </span>
     <span class='ocr_line' id='line_1_36' title="bbox 131 3722 1216 3792; baseline -0.007 -16"><span class='ocrx_word' id='word_1_300' title='bbox 131 3725 248 3792; x_wconf 81' lang='lat' dir='ltr'><strong>primitias</strong></span> <span class='ocrx_word' id='word_1_301' title='bbox 266 3723 556 3789; x_wconf 25' lang='lat' dir='ltr'><strong>surefrennntiationis</strong></span> <span class='ocrx_word' id='word_1_302' title='bbox 575 3722 625 3772; x_wconf 90' lang='lat' dir='ltr'><strong>deo</strong></span> <span class='ocrx_word' id='word_1_303' title='bbox 644 3722 807 3774; x_wconf 85' lang='lat' dir='ltr'><strong>dedicarunt.</strong></span> <span class='ocrx_word' id='word_1_304' title='bbox 846 3722 898 3773; x_wconf 88' lang='lat' dir='ltr'><strong>boc</strong></span> <span class='ocrx_word' id='word_1_305' title='bbox 915 3723 993 3774; x_wconf 88' lang='lat' dir='ltr'><strong>modo</strong></span> <span class='ocrx_word' id='word_1_306' title='bbox 1013 3737 1099 3788; x_wconf 79' lang='lat' dir='ltr'><strong>usqne</strong></span> <span class='ocrx_word' id='word_1_307' title='bbox 1118 3723 1152 3774; x_wconf 87' lang='lat' dir='ltr'><strong>ad</strong></span> <span class='ocrx_word' id='word_1_308' title='bbox 1169 3738 1216 3773; x_wconf 89' lang='lat' dir='ltr'><strong>re.</strong></span> 
     </span>
     <span class='ocr_line' id='line_1_37' title="bbox 133 3793 1218 3864; baseline -0.002 -18"><span class='ocrx_word' id='word_1_309' title='bbox 133 3797 193 3864; x_wconf 73' lang='lat' dir='ltr'><strong>giam</strong></span> <span class='ocrx_word' id='word_1_310' title='bbox 207 3795 335 3862; x_wconf 81' lang='lat' dir='ltr'><strong>navigans</strong></span> <span class='ocrx_word' id='word_1_311' title='bbox 356 3803 383 3846; x_wconf 91' lang='lat' dir='ltr'><strong>et</strong></span> <span class='ocrx_word' id='word_1_312' title='bbox 402 3801 472 3844; x_wconf 85' lang='lat' dir='ltr'><strong>terra</strong></span> <span class='ocrx_word' id='word_1_313' title='bbox 486 3793 588 3844; x_wconf 86' lang='lat' dir='ltr'><strong>maiore</strong></span> <span class='ocrx_word' id='word_1_314' title='bbox 607 3793 704 3844; x_wconf 83' lang='lat' dir='ltr'><strong>facium</strong></span> <span class='ocrx_word' id='word_1_315' title='bbox 716 3795 794 3861; x_wconf 81' lang='lat' dir='ltr'><strong>signo</strong></span> <span class='ocrx_word' id='word_1_316' title='bbox 815 3801 843 3844; x_wconf 87' lang='lat' dir='ltr'><strong>ct</strong></span> <span class='ocrx_word' id='word_1_317' title='bbox 856 3793 930 3845; x_wconf 91' lang='lat' dir='ltr'><strong>claro</strong></span> <span class='ocrx_word' id='word_1_318' title='bbox 947 3793 1077 3845; x_wconf 88' lang='lat' dir='ltr'><strong>miraculo</strong></span> <span class='ocrx_word' id='word_1_319' title='bbox 1099 3801 1126 3844; x_wconf 90' lang='lat' dir='ltr'><strong>et</strong></span> <span class='ocrx_word' id='word_1_320' title='bbox 1142 3800 1218 3844; x_wconf 89' lang='lat' dir='ltr'><strong>motu</strong></span> 
     </span>
     <span class='ocr_line' id='line_1_38' title="bbox 134 3863 1215 3932; baseline -0.005 -14"><span class='ocrx_word' id='word_1_321' title='bbox 134 3874 157 3918; x_wconf 92' lang='lat' dir='ltr'><strong>et</strong></span> <span class='ocrx_word' id='word_1_322' title='bbox 171 3863 285 3918; x_wconf 88' lang='lat' dir='ltr'><strong>lau&#39;dibns</strong></span> <span class='ocrx_word' id='word_1_323' title='bbox 304 3866 420 3917; x_wconf 89' lang='lat' dir='ltr'><strong>omnium</strong></span> <span class='ocrx_word' id='word_1_324' title='bbox 450 3872 592 3916; x_wconf 84' lang='lat' dir='ltr'><strong>coronatus</strong></span> <span class='ocrx_word' id='word_1_325' title='bbox 610 3864 694 3931; x_wconf 84' lang='lat' dir='ltr'><strong>ipsum</strong></span> <span class='ocrx_word' id='word_1_326' title='bbox 713 3866 814 3932; x_wconf 83' lang='lat' dir='ltr'><strong>regiam</strong></span> <span class='ocrx_word' id='word_1_327' title='bbox 833 3865 971 3929; x_wconf 78' lang='lat' dir='ltr'><strong>accendit,</strong></span> <span class='ocrx_word' id='word_1_328' title='bbox 991 3871 1019 3916; x_wconf 89' lang='lat' dir='ltr'><strong>et</strong></span> <span class='ocrx_word' id='word_1_329' title='bbox 1040 3863 1146 3932; x_wconf 88' lang='lat' dir='ltr'><strong>plenam</strong></span> <span class='ocrx_word' id='word_1_330' title='bbox 1163 3879 1215 3931; x_wconf 85' lang='lat' dir='ltr'><strong>po.</strong></span> 
     </span>
     <span class='ocr_line' id='line_1_39' title="bbox 132 3935 1059 4005; baseline -0.004 -16"><span class='ocrx_word' id='word_1_331' title='bbox 132 3939 227 3989; x_wconf 82' lang='lat' dir='ltr'><strong>tentiam</strong></span> <span class='ocrx_word' id='word_1_332' title='bbox 245 3938 323 4005; x_wconf 73' lang='lat' dir='ltr'><strong>regni</strong></span> <span class='ocrx_word' id='word_1_333' title='bbox 339 3936 492 4005; x_wconf 75' lang='lat' dir='ltr'><strong>ingentibus</strong></span> <span class='ocrx_word' id='word_1_334' title='bbox 510 3935 640 4003; x_wconf 81' lang='lat' dir='ltr'><strong>prodigiis</strong></span> <span class='ocrx_word' id='word_1_335' title='bbox 659 3936 752 3988; x_wconf 88' lang='lat' dir='ltr'><strong>induit.</strong></span> <span class='ocrx_word' id='word_1_336' title='bbox 1052 3962 1059 3970; x_wconf 86' lang='lat'>·</span> 
     </span>
    </p>

    <p class='ocr_par' dir='ltr' id='par_1_11' title="bbox 134 4023 1215 4308">
     <span class='ocr_line' id='line_1_40' title="bbox 216 4023 1215 4092; baseline -0.006 -15"><span class='ocrx_word' id='word_1_337' title='bbox 216 4025 255 4078; x_wconf 80' lang='lat' dir='ltr'><strong>Ex</strong></span> <span class='ocrx_word' id='word_1_338' title='bbox 275 4039 307 4075; x_wconf 86' lang='lat' dir='ltr'><strong>eo</strong></span> <span class='ocrx_word' id='word_1_339' title='bbox 326 4032 415 4076; x_wconf 91' lang='lat' dir='ltr'><strong>autem</strong></span> <span class='ocrx_word' id='word_1_340' title='bbox 433 4030 555 4092; x_wconf 85' lang='lat' dir='ltr'><strong>temporo</strong></span> <span class='ocrx_word' id='word_1_341' title='bbox 575 4038 644 4091; x_wconf 79' lang='lat' dir='ltr'><strong>quae</strong></span> <span class='ocrx_word' id='word_1_342' title='bbox 664 4025 749 4074; x_wconf 91' lang='lat' dir='ltr'><strong>oratio</strong></span> <span class='ocrx_word' id='word_1_343' title='bbox 763 4023 897 4075; x_wconf 86' lang='lat' dir='ltr'><strong>enarrabit</strong></span> <span class='ocrx_word' id='word_1_344' title='bbox 917 4031 944 4074; x_wconf 90' lang='lat' dir='ltr'><strong>et</strong></span> <span class='ocrx_word' id='word_1_345' title='bbox 961 4025 1033 4075; x_wconf 89' lang='lat' dir='ltr'><strong>dicet</strong></span> <span class='ocrx_word' id='word_1_346' title='bbox 1051 4025 1107 4075; x_wconf 87' lang='lat' dir='ltr'><strong>cius</strong></span> <span class='ocrx_word' id='word_1_347' title='bbox 1125 4025 1153 4074; x_wconf 88' lang='lat' dir='ltr'><strong>in</strong></span> <span class='ocrx_word' id='word_1_348' title='bbox 1171 4025 1215 4075; x_wconf 91' lang='lat' dir='ltr'><strong>di.</strong></span> 
     </span>
     <span class='ocr_line' id='line_1_41' title="bbox 134 4091 1215 4167; baseline -0.009 -17"><span class='ocrx_word' id='word_1_349' title='bbox 134 4097 261 4167; x_wconf 73' lang='lat' dir='ltr'><strong>gnitatibns</strong></span> <span class='ocrx_word' id='word_1_350' title='bbox 281 4104 308 4147; x_wconf 93' lang='lat' dir='ltr'><strong>et</strong></span> <span class='ocrx_word' id='word_1_351' title='bbox 325 4095 472 4148; x_wconf 79' lang='lat' dir='ltr'><strong>bonoribus</strong></span> <span class='ocrx_word' id='word_1_352' title='bbox 490 4095 639 4148; x_wconf 75' lang='lat' dir='ltr'><strong>illustribus</strong></span> <span class='ocrx_word' id='word_1_353' title='bbox 659 4103 686 4146; x_wconf 87' lang='lat' dir='ltr'><strong>et</strong></span> <span class='ocrx_word' id='word_1_354' title='bbox 701 4096 849 4162; x_wconf 77' lang='lat' dir='ltr'><strong>magnilicis</strong></span> <span class='ocrx_word' id='word_1_355' title='bbox 867 4091 1041 4147; x_wconf 86' lang='lat' dir='ltr'><strong>constantiam</strong></span> <span class='ocrx_word' id='word_1_356' title='bbox 1061 4103 1088 4145; x_wconf 91' lang='lat' dir='ltr'><strong>et</strong></span> <span class='ocrx_word' id='word_1_357' title='bbox 1103 4095 1215 4146; x_wconf 85' lang='lat' dir='ltr'><strong>lirmitr.</strong></span> 
     </span>
     <span class='ocr_line' id='line_1_42' title="bbox 135 4167 1215 4236; baseline -0.004 -16"><span class='ocrx_word' id='word_1_358' title='bbox 135 4177 179 4220; x_wconf 90' lang='lat' dir='ltr'><strong>tem</strong></span> <span class='ocrx_word' id='word_1_359' title='bbox 195 4178 218 4221; x_wconf 88' lang='lat' dir='ltr'><strong>ct</strong></span> <span class='ocrx_word' id='word_1_360' title='bbox 234 4171 262 4220; x_wconf 91' lang='lat' dir='ltr'><strong>in</strong></span> <span class='ocrx_word' id='word_1_361' title='bbox 281 4168 358 4220; x_wconf 87' lang='lat' dir='ltr'><strong>donis</strong></span> <span class='ocrx_word' id='word_1_362' title='bbox 378 4176 406 4219; x_wconf 90' lang='lat' dir='ltr'><strong>ct</strong></span> <span class='ocrx_word' id='word_1_363' title='bbox 423 4167 516 4236; x_wconf 82' lang='lat' dir='ltr'><strong>gratiis</strong></span> <span class='ocrx_word' id='word_1_364' title='bbox 528 4168 666 4236; x_wconf 75' lang='lat' dir='ltr'><strong>ingentem</strong></span> <span class='ocrx_word' id='word_1_365' title='bbox 686 4173 713 4216; x_wconf 90' lang='lat' dir='ltr'><strong>et</strong></span> <span class='ocrx_word' id='word_1_366' title='bbox 732 4167 842 4219; x_wconf 79' lang='lat' dir='ltr'><strong>effusam</strong></span> <span class='ocrx_word' id='word_1_367' title='bbox 862 4168 1007 4220; x_wconf 85' lang='lat' dir='ltr'><strong>rationem:</strong></span> <span class='ocrx_word' id='word_1_368' title='bbox 1025 4167 1063 4216; x_wconf 88' lang='lat' dir='ltr'><strong>ita</strong></span> <span class='ocrx_word' id='word_1_369' title='bbox 1079 4175 1110 4217; x_wconf 93' lang='lat' dir='ltr'><strong>ut</strong></span> <span class='ocrx_word' id='word_1_370' title='bbox 1125 4180 1215 4234; x_wconf 74' lang='lat' dir='ltr'><strong>nugae</strong></span> 
     </span>
     <span class='ocr_line' id='line_1_43' title="bbox 134 4236 1215 4308; baseline -0.004 -16"><span class='ocrx_word' id='word_1_371' title='bbox 134 4241 178 4292; x_wconf 88' lang='lat' dir='ltr'><strong>siut</strong></span> <span class='ocrx_word' id='word_1_372' title='bbox 193 4239 312 4293; x_wconf 79' lang='lat' dir='ltr'><strong>Pactolus</strong></span> <span class='ocrx_word' id='word_1_373' title='bbox 331 4239 381 4292; x_wconf 89' lang='lat' dir='ltr'><strong>ille</strong></span> <span class='ocrx_word' id='word_1_374' title='bbox 401 4245 428 4290; x_wconf 87' lang='lat' dir='ltr'><strong>ct</strong></span> <span class='ocrx_word' id='word_1_375' title='bbox 446 4237 635 4306; x_wconf 76' lang='lat' dir='ltr'><strong>Chrysorroas,</strong></span> <span class='ocrx_word' id='word_1_376' title='bbox 665 4239 710 4308; x_wconf 87' lang='lat' dir='ltr'><strong>qui</strong></span> <span class='ocrx_word' id='word_1_377' title='bbox 728 4237 861 4305; x_wconf 76' lang='lat' dir='ltr'><strong>Lydorum</strong></span> <span class='ocrx_word' id='word_1_378' title='bbox 879 4236 1099 4306; x_wconf 80' lang='lat' dir='ltr'><strong>prseterduenter</strong></span> <span class='ocrx_word' id='word_1_379' title='bbox 1115 4245 1215 4290; x_wconf 83' lang='lat' dir='ltr'><strong>terram</strong></span> 
     </span>
    </p>
   </div>
   <div class='ocr_carea' id='block_1_5' title="bbox 180 4332 1028 4394">
    <p class='ocr_par' dir='ltr' id='par_1_12' title="bbox 180 4332 1028 4394">
     <span class='ocr_line' id='line_1_44' title="bbox 180 4332 1028 4394; baseline -0.005 -4"><span class='ocrx_word' id='word_1_380' title='bbox 180 4337 252 4394; x_wconf 69' lang='lat' dir='ltr'><strong>llt&#39;ob.</strong></span> <span class='ocrx_word' id='word_1_381' title='bbox 271 4337 354 4392; x_wconf 78' lang='lat' dir='ltr'><strong>Aoot.</strong></span> <span class='ocrx_word' id='word_1_382' title='bbox 372 4335 440 4392; x_wconf 76' lang='lat' dir='ltr'><strong>llos.</strong></span> <span class='ocrx_word' id='word_1_383' title='bbox 553 4349 556 4357; x_wconf 87' lang='lat'>&#39;</span> <span class='ocrx_word' id='word_1_384' title='bbox 994 4332 1028 4386; x_wconf 89' lang='lat'><strong>18</strong></span> 
     </span>
    </p>
   </div>
   <div class='ocr_carea' id='block_1_6' title="bbox 0 0 1545 4892">
    <p class='ocr_par' dir='ltr' id='par_1_13' title="bbox 0 0 1545 4892">
     <span class='ocr_line' id='line_1_45' title="bbox 0 0 1545 4892; baseline 0 0"><span class='ocrx_word' id='word_1_385' title='bbox 0 0 1545 4892; x_wconf 95' lang='lat' dir='ltr'><strong> </strong></span> 
     </span>
    </p>
   </div>
  </div>
 </body>
</html>
