3017 4892
500 397 502 402 .
578 307 801 410 'nrsromn
1198 327 1275 409 ια’

147 494 302 579 διαδοχήν
323 496 498 579 όσταμίνων
520 495 698 584 ὑπόπτερος
718 497 838 567 ιόσανεί
857 503 895 589 τῇ
913 502 1085 587 Ἀδριανοῦ
1107 504 1250 588 cupudi-

147 600 237 662 δοται
250 596 349 662 πόλει.
373 597 430 663 καί
448 598 660 684 συνήθροιστο
681 605 747 667 πᾶν
768 603 882 668 αὐτίκα
900 604 991 684 μα’λα
1012 602 1048 668 τό
1073 600 1131 687 τήν
1150 627 1250 687 στρα·

147 697 298 780 τεόσιμον
317 697 485 784 eltnawe
465 695 715 786 εχανὲσπέρισν·
747 727 800 767 και
795 702 875 768 dcci
896 705 956 770 όόο
979 707 1034 768 καί
1053 707 1151 786 τριιὸν
1170 705 1252 789 ήμι·

147 802 212 885 ριόν
231 801 277 876 εἰς
299 804 418 884 πλῆθος
432 803 514 886 μέγα
533 800 587 867 καί
600 803 757 924 στρατιὰν
773 804 936 890 α’ξιόλογον
950 807 1174 890 παραδόξως
1158 809 1253 872 σπαί-

121 921 236 984 5ρεται
259 900 279 985 ἦ
300 902 519 987 σονόθροισις.
576 901 631 968 καί
660 913 725 980 τοῖς
753 904 957 991 παρασήμοις
977 910 1150 991 κοσμηθεὶς
1167 907 1252 988 μετὰ

147 1004 205 1084 τῆς
234 1004 402 1086 βασιλικῆς
432 999 611 1086 ἐσθῆτος(
597 1029 613 1068 α
647 1008 809 1092 φογαόιλις
837 1004 1012 1090 στρατηγός
1040 1004 1250 1090 αότοκρότωρ

147 1100 235 1185 παρό
259 1103 321 1165 τιόν
352 1099 510 1166 συνόντων
540 1101 764 1190 α’νηγσρεόθη,
787 1104 852 1170 ’καί
871 1101 976 1188 όιττήν
997 1100 1110 1190 ἑτέραν
1129 1107 1254 1189 ήμόραν

149 1199 304 1266 douleusis
326 1195 456 1287 όόρμησε
478 1203 539 1268 σόν
559 1208 657 1293 πολλῇ
692 1201 882 1290 πεποιθήσει
900 1205 981 1287 πρός
1001 1200 1057 1290 τήν
1078 1201 1254 1286 εόόαήαονα
1339 1225 1347 1236 ’

147 1299 366 1384 μεγαλόπολιν.
419 1301 450 1369 αἱ
481 1306 515 1370 dd
543 1309 759 1430 προαχθέντες
787 1309 873 1391 παρό
897 1309 957 1371 sori
978 1302 1200 1389 βασιλεύοντος
1220 1306 1279 1387 ε’ξ,

105 1403 249 1486 λθαότής
279 1407 493 1488 στρατιιόται,
522 1408 580 1470 και
606 1429 687 1482 τινες
715 1412 778 1473 ταῖν
810 1406 974 1490 ἐπισήμων
1004 1409 1062 1471 τοῦ
1094 1402 1252 1472 παλατίσο

148 1507 424 1586 προσμένοντες’
408 1531 441 1581 ες
463 1500 546 1572 dora
551 1511 624 1632 της
649 1508 919 1632 Σηλυμβρράς,“
895 1532 938 1584 ως
960 1506 1080 1630 εμαθσν
1096 1504 1154 1590 τήν
1176 1503 1254 1570 τοό

148 1627 204 1670 του
226 1602 343 1692 ἔφοδον
363 1605 504 1701 πολλήν
504 1607 559 1674 καί
579 1608 769 1674 α’νόπσιστον
790 1633 834 1684 ως
853 1613 953 1702 βαρεῖ
970 1589 1093 1726 στρατῷ
1114 1630 1167 1670 και
1188 1629 1253 1688 μα-

147 1700 317 1794 χιμωτότῳ
336 1709 623 1830 σογκρρτρομένην,
645 1734 664 1794 η
652 1699 839 1772 πσότόν
806 1730 894 1790 ειχσν
911 1709 1079 1825 γεγόνασι]
1099 1703 1254 1828 ότιιρθόρ-

147 1827 250 1888 μητιιι.
295 1807 350 1869 καί
383 1803 412 1871 ot
434 1804 488 1870 ι’πι
503 1809 568 1870 τιόν
590 1806 780 1891 ὑπαίθρων,
802 1799 1064 1892 ε’φσόιόσαντεςι
1049 1804 1186 1883 εαντοός
1205 1804 1253 1883 σός

105 1899 162 1966 15
148 1927 269 1992 exactus
291 1915 426 1988 παρεῖχε
456 1904 490 1971 τό
524 1909 719 1988 ἐπικείμενον
748 1909 804 1972 aod
833 1910 965 1993 καιροῦ,
993 1903 1046 1972 επί
1066 1905 1123 1984 τός
1150 1905 1254 1983 πόλας

148 2004 292 2070 τόθαῦνιο
311 2007 366 2089 τῆς
389 2005 516 2090 πόλεως,
538 1999 632 2082 ἄλλος
653 1999 750 2070 ἄλλον
773 2007 974 2092 προφθόνειν
989 2005 1253 2090 κατεπιιγόμενοι.

148 2101 264 2190 μικρόν
283 2107 313 2168 δ”
335 2098 471 2187 όσττρον
493 2102 594 2192 ήτοό
614 2107 796 2172 α’ποστότσα
816 2108 971 2192 ἐπιδημία
992 2107 1115 2193 φοβεροί
1131 2130 1180 2190 τις
1200 2112 1257 2174 καί

147 2204 381 2290 καταπληκτική
404 2210 638 2290 κατηγγέλλετο,
659 2208 744 2296 ἵππῳ
759 2211 973 2297 στρατιωτικῷ
995 2207 1051 2272 καί
1063 2210 1179 2296 πεζικῷ
1192 2211 1254 2272 dv·
1288 2254 1291 2258 -

149 2305 243 2386 νόμει
274 2305 318 2390 μή
348 2308 531 2374 α’ποόίσιισα
564 2305 644 2392 πρός
674 2307 784 2393 μάχην
815 2305 992 2392 βασιλικήν.
1045 2311 1195 2398 ε’όηοόντσ
1216 2311 1254 2376 dd

105 2409 204 2472 waes*
223 2407 260 2471 τό
286 2405 503 2492 προστυχόντα
538 2409 596 2496 τιαίΙ
614 2406 845 2494 διηρπόζοντο·
896 2414 951 2476 καί
971 2408 1101 2486 σόόενός
1121 2404 1252 2493 ήττόται

149 2509 211 2574 τεόν
234 2509 370 2573 ἐθνικῶν
392 2506 408 2572 ό
429 2503 585 2595 ε’μφόλισς
606 2512 751 2592 πόλεμος.
797 2512 954 2596 τειχήρεις
968 2506 1026 2576 σόν
1043 2508 1201 2595 γεγονότες
1224 2508 1255 2576 οἱ

151 2609 225 2695 περί
244 2607 302 2694 τήν
322 2610 554 2692 βασιλεύσασαν
583 2610 701 2694 σχεδόν
723 2607 859 2689 ἅπαντες
884 2615 949 2677 teir
975 2611 1064 2688 ἐντός
1089 2605 1176 2694 εἶχον
1196 2613 1255 2694 τήν

152 2711 300 2798 φυλακήν
320 2714 471 2797 ἰσχυρῶς.
520 2712 576 2777 καὶ
607 2707 794 2793 όβασιλεός
828 2712 882 2779 ἐπί
905 2715 960 2798 τῆς
989 2714 1024 2778 όν
1055 2715 1255 2797 Βλαχόρναις
1292 2740 1308 2772 x

227 2873 269 2928 18.
289 2889 323 2928 an
342 2876 464 2943 στρατοί
483 2875 603 2952 ίππικοῦ
616 2879 666 2932 καί
681 2874 822 2940 asceaco?

155 3057 214 3092 cum
238 3039 315 3104 love,
343 3038 410 3092 clam
436 3040 512 3108 regia
538 3040 644 3092 excedit
672 3047 699 3090 et
724 3040 801 3108 equis
824 3041 852 3090 in
876 3040 1076 3092 successionem
1104 3038 1255 3092 constitutis
1292 3076 1294 3081 -

154 3111 232 3182 quasi
249 3077 369 3179 scideris
387 3111 591 3178 Αόιίιιιιορολίιι
602 3111 734 3163 delertur:
755 3119 783 3162 et
801 3111 978 3164 convolarunt
996 3125 1088 3162 ornnes
1107 3111 1193 3161 statim
1210 3112 1256 3180 qni

154 3192 269 3237 aetatem
289 3172 432 3235 militarem
454 3182 583 3235 haberent
604 3199 728 3250 vespere,
749 3191 777 3235 et
788 3198 837 3250 per
855 3183 921 3235 duos
939 3193 967 3235 et
984 3191 1039 3235 tres
1058 3183 1162 3235 diesin
1183 3180 1254 3233 mul-

153 3256 292 3309 titudinem
311 3269 431 3323 magnam
443 3263 470 3306 et
489 3257 633 3306 exercitum
643 3256 838 3307 memorandum
852 3256 919 3306 mire
930 3240 1078 3322 adaugetur
1096 3261 1255 3316 conventus,

155 3337 183 3380 et
195 3327 343 3395 insignibus
363 3336 471 3379 ornatus
485 3341 544 3378 curn
565 3328 641 3395 regia
668 3335 744 3380 veste
765 3326 839 3379 ersnl
859 3326 909 3379 iile
929 3343 945 3377 a
963 3325 1174 3394 praesentibus
1166 3338 1255 3393 impe..

154 3408 226 3452 rator
251 3400 371 3450 dominus
397 3399 564 3451 renuntiatus
590 3406 631 3451 est
657 3407 683 3449 et
707 3399 820 3450 alterum
845 3399 914 3450 diem
933 3399 1100 3450 interliciens
1118 3396 1255 3463 proiectus

155 3479 195 3522 est
224 3470 306 3520 multa
332 3485 391 3520 cunr
418 3470 578 3522 confidentia
603 3474 695 3520 contra
718 3471 823 3521 beatam
848 3470 948 3522 urbem.
993 3470 1079 3521 coacti
1104 3483 1204 3535 aroge
1222 3481 1257 3519 ex

68 3587 80 3610 ,
154 3543 203 3593 ἰλλιι
222 3539 322 3590 milites
341 3547 369 3589 et
385 3541 507 3591 nonnulli
526 3541 644 3593 illustres
657 3541 750 3608 palatii
770 3550 956 3608 exspectantes
973 3541 1001 3593 in
1022 3542 1090 3592 urbe
1108 3539 1258 3605 Selymbria

156 3621 185 3662 ut
212 3617 375 3675 acceperunt
398 3610 477 3662 huius
496 3613 637 3662 adventum
656 3627 779 3679 magnum
798 3621 825 3663 et
843 3611 1041 3664 intolerabilem
1061 3613 1161 3679 qnippe
1178 3610 1258 3677 gravi

156 3681 277 3734 exercitu
296 3687 323 3730 et
342 3681 539 3746 pugnacissime
558 3681 738 3743 conciliatum,
758 3682 870 3746 pedibus
889 3697 966 3750 quam
985 3688 1131 3746 potnerunt
1149 3678 1258 3731 fuerunt

155 3754 284 3806 reduccsr
302 3757 382 3820 atque
393 3750 438 3817 qui
450 3751 477 3800 in
494 3759 587 3816 aperto
607 3765 699 3816 campo
713 3767 742 3802 se
763 3753 947 3802 instruxerunt
966 3759 995 3802 nt
1015 3751 1112 3818 cuique
1130 3765 1160 3801 se
1176 3765 1256 3817 prae.

154 3825 213 3878 buit
241 3831 344 3890 tempus
369 3835 497 3888 praesens
525 3822 557 3872 ad
575 3827 665 3887 portas
684 3821 896 3888 reprimebantur
916 3822 990 3873 urbis
1010 3835 1068 3873 curn
1088 3820 1157 3874 alins
1175 3821 1257 3890 alium

157 3897 259 3949 anteire
285 3895 412 3946 studeret.
452 3893 543 3960 paullo
569 3900 631 3959 post
649 3899 737 3944 autern
757 3901 895 3958 apostatae
913 3894 1042 3945 adventus
1062 3894 1210 3947 horrendus
1230 3902 1258 3946 et

155 3967 285 4020 terribilis
311 3966 497 4028 nuntiabatur,
523 3978 576 4017 non
603 3979 697 4016 carens
724 3965 844 4033 equitatu
868 3965 975 4017 militari
996 3973 1023 4016 et
1041 3966 1203 4033 peditumx
1177 3982 1205 4018 ιι
1223 3967 1258 4019 ad

157 4053 271 4108 pugnam
291 4039 407 4106 regiam.
427 4037 599 4089 vastabantur
618 4045 706 4088 antem
721 4039 800 4088 etiam
819 4052 888 4106 quac
906 4047 1079 4089 occurrerent
1098 4046 1125 4089 et
1142 4038 1257 4106 diripie-

156 4112 261 4173 bantur,
287 4124 376 4177 neque
401 4108 459 4160 ullo
485 4109 624 4175 gentilium
651 4109 764 4161 interius
790 4117 831 4161 cst
854 4110 987 4162 internum
1009 4109 1125 4162 bellum:
1153 4110 1257 4163 obsessi

157 4184 239 4250 igitur
264 4183 333 4248 regii
360 4181 417 4231 iere
443 4195 535 4232 omnes
560 4197 647 4233 rerum
674 4197 742 4250 quae
768 4183 838 4232 intus
861 4189 952 4245 erant,
972 4182 1132 4249 praesidium
1152 4181 1257 4234 iortiter

158 4254 331 4306 exercebantr
357 4261 384 4305 et
409 4267 455 4306 rex
481 4253 508 4306 in
532 4269 595 4306 arco
620 4253 827 4308 blachernarum
852 4255 947 4309 sedens
967 4253 1075 4310 dolebat
1099 4252 1257 4307 familiarem
