3017 4892
282 332 358 406 186
563 326 782 403 mennatis
816 326 1077 402 autumnus

280 500 385 581 μισιύν
406 493 464 582 τήν
481 486 651 583 τυραννιδα
674 500 732 561 τού
746 493 887 579 Μιχαήλ
908 492 952 569 ode
976 496 1032 559 καί
1045 493 1163 577 πολλήν
1186 496 1263 579 παρ’
1294 497 1444 561 αύτού

281 596 451 679 δεξόμενος
473 597 529 682 Ιτήν
553 598 747 685 καταφορόν,
769 598 883 661 καθότι
905 593 1107 678 αἰχμάλωτος
1126 587 1171 661 ύν
1190 597 1262 661 α’ντό
1287 598 1439 673 ἐλέους

281 702 450 784 βασιλικοῦ
483 698 636 784 δήμευσιν
664 699 782 784 ύπέσεη
820 695 942 781 δωρεόν
978 700 1034 762 καό
1060 699 1121 761 τῶν
1152 698 1243 762 ι’δόων
1273 702 1433 763 τέκνων

283 800 500 891 α’πύνθρωπον
519 794 697 885 γύμνωσιν,
732 794 784 867 αἶα
805 799 843 864 τοὶ
874 801 938 865 τῶν
961 798 1160 879 κρατούντων
1182 791 1251 865 τότε
1285 825 1428 882 παρα·

269 884 449 983 ‘tondente
482 906 690 987 κολαστήρια,
734 900 919 979 όπεσκόλιζε
959 897 1017 983 τήν
1050 902 1107 982 τῆς
1147 898 1274 997 εἰρήνης
1317 896 1453 975 αἰπύ-5

281 1010 394 1089 βασιν,
422 1002 473 1069 ἵνα
504 1002 579 1080 τούς
608 999 793 1090 όλιτηρόους
814 1002 991 1085 ἀμύνηται,
1014 999 1115 1076 αύτός
1134 988 1195 1083 μὲν
1215 1000 1275 1063 ούκ
1303 993 1421 1081 οἶδα,

281 1110 408 1187 λέγουσι
440 1108 475 1171 δὲ
503 1103 532 1171 οἱ
561 1105 687 1171 πολλοί·
732 1099 748 1165 ό
773 1106 802 1169 δ’
836 1096 1003 1187 ἅνθρωπος
1025 1101 1119 1188 φιλας
1149 1104 1221 1183 ε’μοό
1250 1100 1419 1187 μνησιαό-

281 1228 374 1281 τατος
396 1198 440 1269 όόν
466 1206 623 1289 ἐξώμνυτο
648 1204 707 1291 τήν
734 1201 885 1288 τοιαύτην
910 1198 1070 1268 όπόθεσιν.
1120 1200 1156 1267 εἶ’
1180 1203 1215 1264 δὲ
1244 1201 1309 1266 καὶ
1340 1228 1417 1269 τυ-

281 1308 483 1392 ραννοκτόνος
517 1302 670 1387 ἐπεθύμει
700 1307 872 1389 γενέσθαι,
904 1304 1123 1398 γενναιότητος
1147 1307 1242 1368 τοῦτο
1265 1299 1434 1382 πάντεσς’

278 1407 460 1493 τεκμήριον.
1083 1475 1087 1479 ,
1237 1439 1240 1443 ’
1419 1427 1449 1481 to

377 1511 427 1575 Ἐν
447 1514 492 1601 τῷ
520 1515 608 1599 μέσῳ
632 1512 667 1575 δὲ
697 1506 757 1593 τήν
779 1506 963 1592 ὁδοιπορίαν
992 1508 1048 1573 τού
1066 1503 1248 1572 Ῥουσελόου
1269 1510 1404 1591 διηνυ-

280 1611 389 1693 κότος,
425 1616 479 1675 κατ’
511 1610 569 1685 τός
599 1611 715 1696 σκηνός
744 1608 778 1674 ἒν
799 1606 1001 1693 Χρυσοπόλει
1030 1610 1167 1689 θεμένου
1188 1608 1398 1690 καταντικρύ

233 1787 245 1802 .
278 1716 337 1779 τού
358 1714 414 1795 τής
433 1714 599 1796 βασιλίδος
628 1716 794 1793 πορθμοῦ,
820 1705 922 1794 φόβος
944 1704 1018 1791 ἔσχε
1041 1705 1097 1773 τόν
1117 1711 1262 1790 βασιλέα,
1285 1711 1348 1773 καό
1371 1707 1396 1795 ἦ

278 1812 336 1901 τόό
357 1812 523 1894 Βύζαντος
539 1816 611 1903 τῇδε
632 1815 758 1878 κόκεῑσε
783 1810 1021 1893 διεκυμαίνετο·
1045 1811 1105 1874 ιιόν
1128 1809 1301 1899 ἁπανταχῇ
1323 1808 1391 1893 γὰρ

279 1913 436 1999 Φρύγγων
462 1919 765 1999 συναθροισθέντων
794 1912 848 1978 καί
875 1910 1092 1977 συνελθόντων
1118 1912 1224 1998 αύτῷ,
1246 1912 1430 1995 στρατόςμς

277 2017 439 2100 α’ξιόλογος
457 2015 491 2083 τό
508 2014 622 2081 τούτου
638 2010 847 2101 στρατόπεδον
867 2016 1073 2099 ε’μνωριζειο·
1109 2013 1208 2096 ,ἐγγύς
1228 2011 1290 2095 γόρ
1319 2016 1388 2077 ταῖν

276 2114 462 2201 ιτρισχιλίων
491 2110 573 2202 ἦσαν
604 2115 633 2182 οἱ
664 2118 900 2202 συνδραμόντες
933 2110 1075 2201 Φρόγγοι
1107 2109 1201 2203 αότήλ
1258 2113 1386 2198 ἡμέρας

276 2218 312 2281 δι’
334 2240 421 2293 τινας
440 2220 473 2283 ἐν
486 2216 690 2303 Χρυσοπόλει
714 2214 976 2302 διακαρτερήσας,
998 2217 1031 2281 ἓν
1046 2216 1272 2299 σιδηροπέδαις
1296 2214 1384 2297 ἔχων

277 2314 330 2381 τόν
354 2314 527 2399 Καίσαρα,
558 2322 621 2401 πόρ
650 2322 740 2402 ἐνήκε
762 2326 832 2393 ταῖς
853 2315 887 2382 ἐν
914 2313 1121 2401 Χρυσοπόλει
1147 2318 1382 2398 τυγχανούσαις

277 2418 408 2492 οἰκίαις·
453 2418 508 2483 καί
529 2419 547 2502 ἦ
570 2419 650 2505 φλόξ
673 2420 812 2504 α’ρθεῖσα
831 2414 950 2501 πολλὴν
981 2414 1204 2501 ἀνήγειρε-τήν
1226 2415 1304 2501 βοήν
1324 2416 1423 2487 scito

277 2514 328 2587 τόν
354 2516 494 2584 κωκυτόν
524 2527 590 2595 τοῖς
620 2520 819 2607 α’νθροόποις,
841 2522 883 2595 οἷς
906 2513 945 2585 ib
966 2522 1024 2585 τού
1044 2522 1162 2600 α’νὲμου
1183 2518 1379 2608 μεταρριπί-

276 2620 385 2697 ζοντος
413 2620 512 2705 αύτήν
541 2624 595 2685 καό
628 2622 877 2709 καταπληκτικήν
906 2617 1038 2708 όφιέναι
1070 2618 1179 2707 φωνήν
1205 2620 1378 2704 μονονουχὶ

275 2931 397 2988 utebatur
415 2932 513 2988 rebus:
533 2935 577 2987 bic
596 2935 753 3005 plerumque
778 2942 808 2988 ut
826 2936 959 3005 deligeret
983 2950 1078 3003 pacem
1096 2935 1207 2988 Ruselio
1226 2934 1368 2989 suadebat:

275 3006 378 3059 etiamsi
404 3005 505 3058 odisset
531 3007 698 3073 tyrannidem
723 3007 878 3073 Michaelis,
898 3024 958 3059 enm
976 3007 1084 3059 multam
1110 3007 1143 3059 ab
1172 3023 1204 3060 eo
1224 3009 1370 3074 accepisset

274 3077 386 3142 cladem,
403 3078 466 3145 quia
481 3079 601 3145 captivus
617 3078 701 3131 factus
716 3094 764 3145 pro
777 3080 960 3131 misericordia
976 3081 1052 3146 regia
1065 3078 1273 3145 publicationem
1288 3080 1369 3130 susti.

273 3150 330 3201 nuit
350 3150 456 3211 donum,
478 3158 504 3200 et
523 3148 667 3201 liberorum
686 3150 1048 3216 crudelenuspoliationem,
1071 3150 1164 3219 quales
1184 3152 1367 3203 dominantium

274 3230 328 3273 tum
349 3228 423 3271 erant
441 3222 553 3271 maxime
567 3220 726 3288 illegitimae
746 3224 946 3289 castigationes,
960 3223 1127 3274 'subornabat
1145 3226 1220 3290 pacis
1239 3230 1366 3285 eventum,

274 3300 304 3343 ut
330 3291 394 3341 deos
423 3289 524 3343 ultores
555 3300 668 3342 arceret.
714 3292 774 3359 ipse
806 3293 857 3344 hoc
875 3308 928 3344 non
954 3298 1029 3359 noui,
1055 3295 1102 3345 sed
1128 3296 1220 3346 dicunt
1241 3294 1365 3362 plerique.

274 3362 354 3413 homo
374 3368 461 3411 antem
480 3370 573 3429 utpote
593 3362 672 3414 valde
691 3365 827 3430 sincerus,
847 3365 912 3416 mihi
930 3368 1040 3432 amicus,
1062 3366 1181 3418 ciurabat
1208 3366 1263 3417 talc
1280 3365 1366 3417 consi.

225 3446 228 3451 ·
274 3433 355 3485 linms
381 3431 447 3483 licet
471 3434 639 3498 tyrannicida
663 3434 748 3487 uellet
774 3453 848 3503 esse,
867 3438 1015 3491 nobilitatis
1035 3440 1086 3490 hoc
1105 3440 1212 3492 omnino
1232 3447 1271 3490 est
1287 3438 1364 3489 docn-

274 3511 399 3557 mentum.

376 3604 440 3659 Cum
460 3610 547 3655 autem
567 3606 680 3658 medinm
706 3608 758 3685 iter
775 3607 902 3660 Ruselius
920 3611 1090 3677 perfecisset.
1106 3618 1134 3661 et
1151 3613 1268 3664 tentoria
1284 3610 1364 3677 (λοστ.

276 3675 364 3745 sopoli
383 3678 485 3729 linisset
501 3675 628 3731 adversus
648 3680 744 3731 fretum
764 3681 848 3745 urbis,
867 3690 952 3735 metus
983 3683 1091 3735 tenebat
1108 3697 1201 3752 regem
1221 3691 1248 3734 ct
1266 3685 1362 3750 Byzan-

276 3750 340 3801 tium
359 3749 404 3802 hic
424 3756 450 3800 et
468 3746 527 3799 illic
545 3745 696 3803 fluctuabat.
736 3768 795 3803 cum
815 3753 885 3805 enirn
904 3755 1020 3823 undique
1039 3756 1134 3807 Franci
1152 3759 1323 3808 convenirent
1337 3765 1363 3807 et

275 3828 520 3890 congregarentur,
541 3824 674 3877 exercitus
696 3833 842 3876 memoratu
872 3825 967 3894 dignus
987 3826 1064 3878 huius
1092 3818 1178 3880 castra
1196 3828 1362 3881 aestimaban-

273 3898 325 3942 tur.
363 3908 448 3959 paene
469 3891 537 3941 enim
564 3902 604 3945 ter
623 3892 698 3946 mille
717 3895 826 3947 luerunt
844 3896 954 3961 Franci,
982 3899 1027 3967 qni
1047 3900 1079 3950 ud
1105 3914 1164 3950 enm
1183 3899 1359 3952 confluxerant.

273 3970 411 4029 postquam
431 3969 518 4013 autem
538 3962 595 4017 dies
622 3966 768 4018 nonnullos
793 3966 954 4034 chrysopoli
981 3979 1102 4022 versatus
1129 3981 1185 4035 est,
1212 3975 1238 4023 in
1259 3970 1359 4023 uinculis

274 4033 370 4083 ferreis
391 4042 485 4084 tenens
505 4032 655 4100 caesarem,
676 4040 765 4107 ignem
784 4040 878 4089 iniecit
896 4039 1033 4105 domibus,
1053 4058 1122 4110 quae
1141 4051 1233 4095 essent
1253 4044 1359 4108 Chryso-

272 4101 350 4171 poli,
371 4113 398 4156 et
416 4103 517 4154 llamma
536 4115 626 4158 erecta
644 4109 904 4161 multumexcitnvit
928 4111 1070 4165 clamorem
1097 4122 1124 4165 et
1141 4117 1267 4181 gemitum
1284 4115 1359 4165 boni.

271 4166 350 4227 nifflts
381 4178 477 4243 (sensu
496 4185 584 4241 caret,
610 4194 698 4247 neque
718 4181 764 4247 qui
789 4181 931 4246 exscripsit
949 4185 1032 4237 verbu
1050 4184 1219 4239 intellexisse
1244 4186 1356 4253 videns).

274 4245 397 4303 emollire
424 4245 534 4313 cupiens
554 4263 603 4301 rex
620 4250 725 4303 barbari
740 4251 906 4317 violentiam,
928 4255 1009 4307 mittit
1021 4257 1083 4309 hnic
1095 4271 1167 4311 snam
1186 4272 1293 4311 uxoren
1308 4270 1359 4307 cun
