<?xml version="1.0" encoding="UTF-8"?>
<!DOCTYPE html PUBLIC "-//W3C//DTD XHTML 1.0 Transitional//EN"
    "http://www.w3.org/TR/xhtml1/DTD/xhtml1-transitional.dtd">
<html xmlns="http://www.w3.org/1999/xhtml" xml:lang="en" lang="en">
 <head>
  <title>
</title>
<meta http-equiv="Content-Type" content="text/html;charset=utf-8" />
  <meta name='ocr-system' content='tesseract 3.04.00' />
  <meta name='ocr-capabilities' content='ocr_page ocr_carea ocr_par ocr_line ocrx_word'/>
</head>
<body>
  <div class='ocr_page' id='page_1' title='image "./corpusscriptoru06theogoog/corpusscriptoru06theogoog_0215.png"; bbox 0 0 3017 4892; ppageno 0'>
   <div class='ocr_carea' id='block_1_1' title="bbox 569 292 1305 427">
    <p class='ocr_par' dir='ltr' id='par_1_1' title="bbox 569 292 1305 427">
     <span class='ocr_line' id='line_1_1' title="bbox 569 292 1305 427; baseline 0.008 -9"><span class='ocrx_word' id='word_1_1' title='bbox 569 347 782 419; x_wconf 77' lang='lat' dir='ltr'><strong>nnnonra.</strong></span> <span class='ocrx_word' id='word_1_2' title='bbox 922 377 926 386; x_wconf 74' lang='lat'><em>=</em></span> <span class='ocrx_word' id='word_1_3' title='bbox 1169 343 1242 427; x_wconf 76' lang='lat' dir='ltr'><strong><em>rot</em></strong></span> <span class='ocrx_word' id='word_1_4' title='bbox 1302 292 1305 301; x_wconf 31' lang='lat'>⁵</span> 
     </span>
    </p>
   </div>
   <div class='ocr_carea' id='block_1_2' title="bbox 39 518 1375 2823">
    <p class='ocr_par' dir='ltr' id='par_1_2' title="bbox 84 518 1249 611">
     <span class='ocr_line' id='line_1_2' title="bbox 84 518 1249 611; baseline -0.006 -17"><span class='ocrx_word' id='word_1_5' title='bbox 84 542 96 567; x_wconf 77' lang='lat'><em>¹</em></span> <span class='ocrx_word' id='word_1_6' title='bbox 143 550 218 594; x_wconf 76' lang='lat' dir='ltr'><strong>acc·</strong></span> <span class='ocrx_word' id='word_1_7' title='bbox 262 524 387 591; x_wconf 73' lang='grc' dir='ltr'><strong><em>κάκεῖνο</em></strong></span> <span class='ocrx_word' id='word_1_8' title='bbox 409 525 602 611; x_wconf 72' lang='grc' dir='ltr'><strong><em>προέχουσιν</em></strong></span> <span class='ocrx_word' id='word_1_9' title='bbox 631 527 665 589; x_wconf 77' lang='lat' dir='ltr'><strong><em>iv</em></strong></span> <span class='ocrx_word' id='word_1_10' title='bbox 685 530 750 599; x_wconf 83' lang='grc' dir='ltr'><strong><em>τοῖς</em></strong></span> <span class='ocrx_word' id='word_1_11' title='bbox 770 527 945 606; x_wconf 73' lang='grc' dir='ltr'><strong><em>βασιλείοις</em></strong></span> <span class='ocrx_word' id='word_1_12' title='bbox 976 523 1022 600; x_wconf 75' lang='grc' dir='ltr'><strong><em>εἷς</em></strong></span> <span class='ocrx_word' id='word_1_13' title='bbox 1041 520 1098 599; x_wconf 76' lang='grc' dir='ltr'><strong><em>τὰς</em></strong></span> <span class='ocrx_word' id='word_1_14' title='bbox 1116 518 1249 608; x_wconf 69' lang='grc' dir='ltr'><strong><em>προφά·</em></strong></span> 
     </span>
    </p>

    <p class='ocr_par' dir='ltr' id='par_1_3' title="bbox 39 612 1251 911">
     <span class='ocr_line' id='line_1_3' title="bbox 39 612 1251 709; baseline -0.005 -15"><span class='ocrx_word' id='word_1_15' title='bbox 39 612 43 625; x_wconf 62' lang='grc'><strong>’</strong></span> <span class='ocrx_word' id='word_1_16' title='bbox 144 650 212 703; x_wconf 90' lang='grc' dir='ltr'><strong><em>οεις</em></strong></span> <span class='ocrx_word' id='word_1_17' title='bbox 234 628 292 691; x_wconf 76' lang='grc' dir='ltr'><strong><em>τοῦ</em></strong></span> <span class='ocrx_word' id='word_1_18' title='bbox 320 627 430 691; x_wconf 80' lang='grc' dir='ltr'><strong><em>σ’δίκου</em></strong></span> <span class='ocrx_word' id='word_1_19' title='bbox 462 629 518 691; x_wconf 84' lang='grc' dir='ltr'><strong><em>καί</em></strong></span> <span class='ocrx_word' id='word_1_20' title='bbox 536 626 705 705; x_wconf 75' lang='grc' dir='ltr'><strong><em>θεομιοοῦς</em></strong></span> <span class='ocrx_word' id='word_1_21' title='bbox 732 627 880 709; x_wconf 75' lang='grc' dir='ltr'><strong><em>κέρδους,</em></strong></span> <span class='ocrx_word' id='word_1_22' title='bbox 904 624 938 691; x_wconf 76' lang='grc' dir='ltr'><strong><em>ἐκ</em></strong></span> <span class='ocrx_word' id='word_1_23' title='bbox 960 624 1111 708; x_wconf 89' lang='grc' dir='ltr'><strong><em>πονηρίας</em></strong></span> <span class='ocrx_word' id='word_1_24' title='bbox 1132 626 1251 689; x_wconf 79' lang='grc' dir='ltr'><strong><em>συλλέ-</em></strong></span> 
     </span>
     <span class='ocr_line' id='line_1_4' title="bbox 143 721 1250 810; baseline -0.004 -17"><span class='ocrx_word' id='word_1_25' title='bbox 143 750 257 810; x_wconf 87' lang='grc' dir='ltr'><strong><em>γοντες.</em></strong></span> <span class='ocrx_word' id='word_1_26' title='bbox 301 728 368 791; x_wconf 67' lang='grc' dir='ltr'><strong><em>ἀλλ’</em></strong></span> <span class='ocrx_word' id='word_1_27' title='bbox 387 728 454 791; x_wconf 86' lang='grc' dir='ltr'><strong><em>συ’δ’</em></strong></span> <span class='ocrx_word' id='word_1_28' title='bbox 476 727 511 790; x_wconf 78' lang='grc' dir='ltr'><strong><em>ἐν</em></strong></span> <span class='ocrx_word' id='word_1_29' title='bbox 531 730 656 799; x_wconf 76' lang='grc' dir='ltr'><strong><em>πολλοῖς</em></strong></span> <span class='ocrx_word' id='word_1_30' title='bbox 677 722 800 789; x_wconf 79' lang='grc' dir='ltr'><strong><em>τούτων</em></strong></span> <span class='ocrx_word' id='word_1_31' title='bbox 821 721 925 802; x_wconf 75' lang='grc' dir='ltr'><strong><em>ὄθεός</em></strong></span> <span class='ocrx_word' id='word_1_32' title='bbox 945 724 1066 809; x_wconf 75' lang='grc' dir='ltr'><strong><em>ἡγεῖται</em></strong></span> <span class='ocrx_word' id='word_1_33' title='bbox 1089 728 1148 789; x_wconf 76' lang='grc' dir='ltr'><strong><em>τοῦ</em></strong></span> <span class='ocrx_word' id='word_1_34' title='bbox 1167 748 1250 808; x_wconf 90' lang='grc' dir='ltr'><strong><em>προ-</em></strong></span> 
     </span>
     <span class='ocr_line' id='line_1_5' title="bbox 144 824 1248 911; baseline 0 -22"><span class='ocrx_word' id='word_1_35' title='bbox 144 825 374 911; x_wconf 72' lang='grc' dir='ltr'><strong><em>βουλεύματος,</em></strong></span> <span class='ocrx_word' id='word_1_36' title='bbox 397 827 453 891; x_wconf 83' lang='grc' dir='ltr'><strong><em>καί</em></strong></span> <span class='ocrx_word' id='word_1_37' title='bbox 470 824 577 911; x_wconf 76' lang='grc' dir='ltr'><strong><em>μνήμη</em></strong></span> <span class='ocrx_word' id='word_1_38' title='bbox 608 828 724 889; x_wconf 75' lang='grc' dir='ltr'><strong><em>τούτου</em></strong></span> <span class='ocrx_word' id='word_1_39' title='bbox 745 831 1026 910; x_wconf 81' lang='grc' dir='ltr'><strong><em>συνονοκὲκρατοι.</em></strong></span> <span class='ocrx_word' id='word_1_40' title='bbox 1071 824 1125 890; x_wconf 84' lang='grc' dir='ltr'><strong><em>διά</em></strong></span> <span class='ocrx_word' id='word_1_41' title='bbox 1143 828 1248 890; x_wconf 79' lang='grc' dir='ltr'><strong><em>ταῦτα</em></strong></span> 
     </span>
    </p>

    <p class='ocr_par' dir='ltr' id='par_1_4' title="bbox 79 921 1375 1414">
     <span class='ocr_line' id='line_1_6' title="bbox 79 921 1249 1012; baseline -0.003 -21"><span class='ocrx_word' id='word_1_42' title='bbox 79 966 83 969; x_wconf 98' lang='grc'>-</span> <span class='ocrx_word' id='word_1_43' title='bbox 116 926 204 1009; x_wconf 72' lang='grc' dir='ltr'><strong><em>ὅτην</em></strong></span> <span class='ocrx_word' id='word_1_44' title='bbox 222 929 283 992; x_wconf 79' lang='grc' dir='ltr'><strong><em>τῶν</em></strong></span> <span class='ocrx_word' id='word_1_45' title='bbox 312 933 483 1011; x_wconf 75' lang='grc' dir='ltr'><strong><em>γινομένων</em></strong></span> <span class='ocrx_word' id='word_1_46' title='bbox 511 929 544 991; x_wconf 76' lang='grc' dir='ltr'><strong><em>ἐν</em></strong></span> <span class='ocrx_word' id='word_1_47' title='bbox 563 932 629 1002; x_wconf 84' lang='grc' dir='ltr'><strong><em>τοῖς</em></strong></span> <span class='ocrx_word' id='word_1_48' title='bbox 651 925 821 1007; x_wconf 85' lang='grc' dir='ltr'><strong><em>Ῥωμαίοις</em></strong></span> <span class='ocrx_word' id='word_1_49' title='bbox 848 925 1073 1012; x_wconf 76' lang='grc' dir='ltr'><strong><em>καταστροφὴν</em></strong></span> <span class='ocrx_word' id='word_1_50' title='bbox 1094 928 1127 1002; x_wconf 73' lang='grc' dir='ltr'><strong><em>ἐς</em></strong></span> <span class='ocrx_word' id='word_1_51' title='bbox 1148 921 1249 1009; x_wconf 76' lang='grc' dir='ltr'><strong><em>οάτῆκ</em></strong></span> 
     </span>
     <span class='ocr_line' id='line_1_7' title="bbox 147 1024 1375 1114; baseline 0.004 -24"><span class='ocrx_word' id='word_1_52' title='bbox 147 1027 301 1113; x_wconf 79' lang='grc' dir='ltr'><strong><em>ἀναφέρω</em></strong></span> <span class='ocrx_word' id='word_1_53' title='bbox 320 1027 376 1114; x_wconf 79' lang='grc' dir='ltr'><strong><em>την</em></strong></span> <span class='ocrx_word' id='word_1_54' title='bbox 396 1032 430 1094; x_wconf 80' lang='grc' dir='ltr'><strong><em>ἐκ</em></strong></span> <span class='ocrx_word' id='word_1_55' title='bbox 450 1029 504 1093; x_wconf 80' lang='grc' dir='ltr'><strong><em>τοῦ</em></strong></span> <span class='ocrx_word' id='word_1_56' title='bbox 527 1031 619 1091; x_wconf 79' lang='grc' dir='ltr'><strong><em>θείου</em></strong></span> <span class='ocrx_word' id='word_1_57' title='bbox 642 1030 770 1108; x_wconf 79' lang='grc' dir='ltr'><strong><em>νέμεσιν</em></strong></span> <span class='ocrx_word' id='word_1_58' title='bbox 789 1030 845 1091; x_wconf 85' lang='grc' dir='ltr'><strong><em>καί</em></strong></span> <span class='ocrx_word' id='word_1_59' title='bbox 864 1024 922 1110; x_wconf 75' lang='grc' dir='ltr'><strong><em>τὴν</em></strong></span> <span class='ocrx_word' id='word_1_60' title='bbox 943 1030 976 1091; x_wconf 80' lang='grc' dir='ltr'><strong><em>ἐκ</em></strong></span> <span class='ocrx_word' id='word_1_61' title='bbox 997 1028 1052 1111; x_wconf 84' lang='grc' dir='ltr'><strong><em>τῆς</em></strong></span> <span class='ocrx_word' id='word_1_62' title='bbox 1072 1026 1375 1102; x_wconf 64' lang='grc' dir='ltr'><strong><em>άδεκάστουωοοτ.</em></strong></span> 
     </span>
     <span class='ocr_line' id='line_1_8' title="bbox 146 1122 1249 1216; baseline -0.003 -23"><span class='ocrx_word' id='word_1_63' title='bbox 146 1130 273 1212; x_wconf 80' lang='grc' dir='ltr'><strong><em>γνώμης</em></strong></span> <span class='ocrx_word' id='word_1_64' title='bbox 295 1127 466 1216; x_wconf 70' lang='grc' dir='ltr'><strong><em>ἀπόφασιν,</em></strong></span> <span class='ocrx_word' id='word_1_65' title='bbox 490 1122 545 1201; x_wconf 76' lang='grc' dir='ltr'><strong><em>ὅτι,</em></strong></span> <span class='ocrx_word' id='word_1_66' title='bbox 561 1135 625 1203; x_wconf 78' lang='grc' dir='ltr'><strong><em>τοῖς</em></strong></span> <span class='ocrx_word' id='word_1_67' title='bbox 650 1124 757 1192; x_wconf 72' lang='grc' dir='ltr'><strong><em>ἔθνεσι</em></strong></span> <span class='ocrx_word' id='word_1_68' title='bbox 779 1131 937 1209; x_wconf 73' lang='grc' dir='ltr'><strong><em>τιμᾶσθαι</em></strong></span> <span class='ocrx_word' id='word_1_69' title='bbox 960 1125 995 1191; x_wconf 86' lang='grc' dir='ltr'><strong><em>τά</em></strong></span> <span class='ocrx_word' id='word_1_70' title='bbox 1021 1127 1143 1191; x_wconf 87' lang='grc' dir='ltr'><strong><em>δίκαιον</em></strong></span> <span class='ocrx_word' id='word_1_71' title='bbox 1160 1128 1249 1210; x_wconf 78' lang='grc' dir='ltr'><strong><em>λίγε-</em></strong></span> 
     </span>
     <span class='ocr_line' id='line_1_9' title="bbox 147 1226 1308 1315; baseline 0 -22"><span class='ocrx_word' id='word_1_72' title='bbox 147 1254 212 1308; x_wconf 85' lang='grc' dir='ltr'><strong><em>τυιι,</em></strong></span> <span class='ocrx_word' id='word_1_73' title='bbox 235 1233 290 1293; x_wconf 79' lang='grc' dir='ltr'><strong><em>καί</em></strong></span> <span class='ocrx_word' id='word_1_74' title='bbox 311 1234 547 1315; x_wconf 80' lang='grc' dir='ltr'><strong><em>συντηρείσθυιι</em></strong></span> <span class='ocrx_word' id='word_1_75' title='bbox 561 1226 599 1293; x_wconf 86' lang='grc' dir='ltr'><strong><em>τά</em></strong></span> <span class='ocrx_word' id='word_1_76' title='bbox 623 1226 737 1311; x_wconf 81' lang='grc' dir='ltr'><strong><em>πάτριοι</em></strong></span> <span class='ocrx_word' id='word_1_77' title='bbox 760 1226 880 1309; x_wconf 86' lang='grc' dir='ltr'><strong><em>νόμιμα</em></strong></span> <span class='ocrx_word' id='word_1_78' title='bbox 902 1229 1025 1304; x_wconf 76' lang='grc' dir='ltr'><strong><em>τούτοις</em></strong></span> <span class='ocrx_word' id='word_1_79' title='bbox 1054 1228 1249 1311; x_wconf 82' lang='grc' dir='ltr'><strong><em>άπαρεγχεί-</em></strong></span> <span class='ocrx_word' id='word_1_80' title='bbox 1305 1312 1308 1315; x_wconf 8' lang='grc' dir='ltr'><em>ᾗ</em></span> 
     </span>
     <span class='ocr_line' id='line_1_10' title="bbox 144 1323 1249 1414; baseline -0.006 -18"><span class='ocrx_word' id='word_1_81' title='bbox 144 1356 247 1414; x_wconf 85' lang='grc' dir='ltr'><strong><em>ρητα,</em></strong></span> <span class='ocrx_word' id='word_1_82' title='bbox 272 1332 327 1394; x_wconf 90' lang='grc' dir='ltr'><strong><em>καί</em></strong></span> <span class='ocrx_word' id='word_1_83' title='bbox 346 1333 452 1395; x_wconf 83' lang='grc' dir='ltr'><strong><em>πάσαν</em></strong></span> <span class='ocrx_word' id='word_1_84' title='bbox 474 1328 531 1413; x_wconf 73' lang='grc' dir='ltr'><strong><em>τήν</em></strong></span> <span class='ocrx_word' id='word_1_85' title='bbox 563 1331 716 1410; x_wconf 79' lang='grc' dir='ltr'><strong><em>είτυχίὀν</em></strong></span> <span class='ocrx_word' id='word_1_86' title='bbox 735 1326 770 1403; x_wconf 75' lang='grc' dir='ltr'><strong><em>ἐκ</em></strong></span> <span class='ocrx_word' id='word_1_87' title='bbox 792 1332 849 1392; x_wconf 83' lang='grc' dir='ltr'><strong><em>τοῦ</em></strong></span> <span class='ocrx_word' id='word_1_88' title='bbox 871 1323 1070 1414; x_wconf 71' lang='grc' dir='ltr'><strong><em>δημιουργοῦ</em></strong></span> <span class='ocrx_word' id='word_1_89' title='bbox 1091 1329 1249 1394; x_wconf 80' lang='grc' dir='ltr'><strong><em>καταπτᾶ.</em></strong></span> 
     </span>
    </p>

    <p class='ocr_par' dir='ltr' id='par_1_5' title="bbox 100 1426 1295 1919">
     <span class='ocr_line' id='line_1_11' title="bbox 100 1426 1248 1515; baseline -0.007 -15"><span class='ocrx_word' id='word_1_90' title='bbox 100 1449 136 1502; x_wconf 85' lang='grc'><strong><em>10</em></strong></span> <span class='ocrx_word' id='word_1_91' title='bbox 146 1456 208 1497; x_wconf 87' lang='grc' dir='ltr'><strong><em>σον</em></strong></span> <span class='ocrx_word' id='word_1_92' title='bbox 230 1431 336 1509; x_wconf 74' lang='grc' dir='ltr'><strong><em>αὐτοῖς</em></strong></span> <span class='ocrx_word' id='word_1_93' title='bbox 357 1436 497 1515; x_wconf 81' lang='grc' dir='ltr'><strong><em>συνεχῶς</em></strong></span> <span class='ocrx_word' id='word_1_94' title='bbox 518 1429 716 1514; x_wconf 70' lang='grc' dir='ltr'><strong><em>ἐπιλέγουσιν</em></strong></span> <span class='ocrx_word' id='word_1_95' title='bbox 727 1478 738 1507; x_wconf 90' lang='grc'><strong><em>,</em></strong></span> <span class='ocrx_word' id='word_1_96' title='bbox 770 1426 850 1513; x_wconf 83' lang='grc' dir='ltr'><strong><em>άπερ</em></strong></span> <span class='ocrx_word' id='word_1_97' title='bbox 871 1427 959 1493; x_wconf 82' lang='grc' dir='ltr'><strong><em>κοινά</em></strong></span> <span class='ocrx_word' id='word_1_98' title='bbox 996 1431 1075 1494; x_wconf 84' lang='grc' dir='ltr'><strong><em>ποῖοι</em></strong></span> <span class='ocrx_word' id='word_1_99' title='bbox 1102 1436 1165 1503; x_wconf 78' lang='grc' dir='ltr'><strong><em>τοῖς</em></strong></span> <span class='ocrx_word' id='word_1_100' title='bbox 1188 1431 1248 1492; x_wconf 87' lang='grc' dir='ltr'><strong><em>άν-</em></strong></span> 
     </span>
     <span class='ocr_line' id='line_1_12' title="bbox 146 1528 1248 1616; baseline -0.005 -19"><span class='ocrx_word' id='word_1_101' title='bbox 146 1530 289 1616; x_wconf 74' lang='grc' dir='ltr'><strong><em>θρεάποις</em></strong></span> <span class='ocrx_word' id='word_1_102' title='bbox 305 1533 369 1597; x_wconf 77' lang='grc' dir='ltr'><strong><em>εἰσί</em></strong></span> <span class='ocrx_word' id='word_1_103' title='bbox 388 1530 611 1615; x_wconf 83' lang='grc' dir='ltr'><strong><em>προτερήματα</em></strong></span> <span class='ocrx_word' id='word_1_104' title='bbox 623 1530 678 1595; x_wconf 84' lang='grc' dir='ltr'><strong><em>καί</em></strong></span> <span class='ocrx_word' id='word_1_105' title='bbox 699 1532 786 1613; x_wconf 88' lang='grc' dir='ltr'><strong><em>παρά</em></strong></span> <span class='ocrx_word' id='word_1_106' title='bbox 811 1529 913 1613; x_wconf 88' lang='grc' dir='ltr'><strong><em>πάσης</em></strong></span> <span class='ocrx_word' id='word_1_107' title='bbox 931 1528 1141 1593; x_wconf 78' lang='grc' dir='ltr'><strong><em>άπαιτοῦνται</em></strong></span> <span class='ocrx_word' id='word_1_108' title='bbox 1163 1532 1248 1613; x_wconf 82' lang='grc' dir='ltr'><strong><em>θρη-</em></strong></span> 
     </span>
     <span class='ocr_line' id='line_1_13' title="bbox 145 1627 1248 1717; baseline -0.004 -18"><span class='ocrx_word' id='word_1_109' title='bbox 145 1637 263 1709; x_wconf 85' lang='grc' dir='ltr'><strong><em>σκείας.</em></strong></span> <span class='ocrx_word' id='word_1_110' title='bbox 306 1628 325 1717; x_wconf 76' lang='grc' dir='ltr'><strong><em>ἦ</em></strong></span> <span class='ocrx_word' id='word_1_111' title='bbox 348 1632 406 1716; x_wconf 82' lang='grc' dir='ltr'><strong><em>γάρ</em></strong></span> <span class='ocrx_word' id='word_1_112' title='bbox 430 1630 551 1717; x_wconf 76' lang='grc' dir='ltr'><strong><em>άληθης</em></strong></span> <span class='ocrx_word' id='word_1_113' title='bbox 574 1635 628 1695; x_wconf 88' lang='grc' dir='ltr'><strong><em>κοί</em></strong></span> <span class='ocrx_word' id='word_1_114' title='bbox 649 1628 822 1714; x_wconf 81' lang='grc' dir='ltr'><strong><em>άμάμητος</em></strong></span> <span class='ocrx_word' id='word_1_115' title='bbox 852 1631 955 1703; x_wconf 79' lang='grc' dir='ltr'><strong><em>πίστις</em></strong></span> <span class='ocrx_word' id='word_1_116' title='bbox 975 1627 1065 1712; x_wconf 77' lang='grc' dir='ltr'><strong><em>ἡμῶν</em></strong></span> <span class='ocrx_word' id='word_1_117' title='bbox 1085 1631 1146 1693; x_wconf 75' lang='grc' dir='ltr'><strong><em>τῶν</em></strong></span> <span class='ocrx_word' id='word_1_118' title='bbox 1161 1633 1248 1715; x_wconf 91' lang='grc' dir='ltr'><strong><em>Χρι-</em></strong></span> 
     </span>
     <span class='ocr_line' id='line_1_14' title="bbox 146 1727 1250 1813; baseline -0.003 -16"><span class='ocrx_word' id='word_1_119' title='bbox 146 1736 299 1812; x_wconf 81' lang='grc' dir='ltr'><strong><em>στιανῶν,</em></strong></span> <span class='ocrx_word' id='word_1_120' title='bbox 321 1732 391 1795; x_wconf 78' lang='lat' dir='ltr'><strong>inci</strong></span> <span class='ocrx_word' id='word_1_121' title='bbox 422 1732 484 1795; x_wconf 76' lang='grc' dir='ltr'><strong><em>τῶν</em></strong></span> <span class='ocrx_word' id='word_1_122' title='bbox 504 1730 623 1813; x_wconf 62' lang='lat' dir='ltr'><strong>cipetum</strong></span> <span class='ocrx_word' id='word_1_123' title='bbox 644 1730 842 1813; x_wconf 76' lang='grc' dir='ltr'><strong><em>τυγχάνομεν</em></strong></span> <span class='ocrx_word' id='word_1_124' title='bbox 864 1727 1033 1809; x_wconf 84' lang='grc' dir='ltr'><strong><em>ἔκπτωτοι,</em></strong></span> <span class='ocrx_word' id='word_1_125' title='bbox 1054 1729 1250 1812; x_wconf 73' lang='grc' dir='ltr'><strong><em>κατάγνωσις</em></strong></span> 
     </span>
     <span class='ocr_line' id='line_1_15' title="bbox 146 1826 1295 1919; baseline 0 -24"><span class='ocrx_word' id='word_1_126' title='bbox 146 1830 269 1916; x_wconf 78' lang='grc' dir='ltr'><strong><em>μᾶλλόν</em></strong></span> <span class='ocrx_word' id='word_1_127' title='bbox 303 1835 369 1896; x_wconf 75' lang='grc' dir='ltr'><strong><em>ἐστι</em></strong></span> <span class='ocrx_word' id='word_1_128' title='bbox 403 1830 458 1895; x_wconf 73' lang='grc' dir='ltr'><strong><em>κατ’</em></strong></span> <span class='ocrx_word' id='word_1_129' title='bbox 486 1830 687 1915; x_wconf 87' lang='grc' dir='ltr'><strong><em>κατάκρισις,</em></strong></span> <span class='ocrx_word' id='word_1_130' title='bbox 709 1827 817 1905; x_wconf 76' lang='grc' dir='ltr'><strong><em>κσθως</em></strong></span> <span class='ocrx_word' id='word_1_131' title='bbox 839 1831 953 1917; x_wconf 75' lang='grc' dir='ltr'><strong><em>καὶτῷ</em></strong></span> <span class='ocrx_word' id='word_1_132' title='bbox 977 1832 1053 1918; x_wconf 74' lang='grc' dir='ltr'><strong><em>θείην</em></strong></span> <span class='ocrx_word' id='word_1_133' title='bbox 1077 1826 1163 1919; x_wconf 83' lang='grc' dir='ltr'><strong><em>νάμρν</em></strong></span> <span class='ocrx_word' id='word_1_134' title='bbox 1186 1834 1250 1895; x_wconf 76' lang='grc' dir='ltr'><strong><em>τάν</em></strong></span> <span class='ocrx_word' id='word_1_135' title='bbox 1289 1877 1295 1883; x_wconf 84' lang='lat'><em>-</em></span> 
     </span>
    </p>

    <p class='ocr_par' dir='ltr' id='par_1_6' title="bbox 104 1928 1250 2117">
     <span class='ocr_line' id='line_1_16' title="bbox 104 1928 1250 2017; baseline -0.002 -19"><span class='ocrx_word' id='word_1_136' title='bbox 104 1946 137 2001; x_wconf 87' lang='grc'><strong><em>15</em></strong></span> <span class='ocrx_word' id='word_1_137' title='bbox 147 1933 280 1997; x_wconf 67' lang='grc' dir='ltr'><strong><em>ε’ντολιιῖν</em></strong></span> <span class='ocrx_word' id='word_1_138' title='bbox 305 1933 406 2014; x_wconf 80' lang='grc' dir='ltr'><strong><em>δοκεῖ,</em></strong></span> <span class='ocrx_word' id='word_1_139' title='bbox 428 1930 578 2017; x_wconf 80' lang='grc' dir='ltr'><strong><em>φάσκοντι</em></strong></span> <span class='ocrx_word' id='word_1_140' title='bbox 598 1930 638 1994; x_wconf 78' lang='lat' dir='ltr'><strong><em>“i</em></strong></span> <span class='ocrx_word' id='word_1_141' title='bbox 659 1928 751 2006; x_wconf 79' lang='grc' dir='ltr'><strong><em>είδυός</em></strong></span> <span class='ocrx_word' id='word_1_142' title='bbox 775 1929 811 1994; x_wconf 86' lang='grc' dir='ltr'><strong><em>τὸ</em></strong></span> <span class='ocrx_word' id='word_1_143' title='bbox 830 1935 956 2015; x_wconf 78' lang='grc' dir='ltr'><strong><em>θέλημα</em></strong></span> <span class='ocrx_word' id='word_1_144' title='bbox 972 1934 1030 1995; x_wconf 75' lang='grc' dir='ltr'><strong><em>τοῦ</em></strong></span> <span class='ocrx_word' id='word_1_145' title='bbox 1051 1934 1162 2015; x_wconf 87' lang='grc' dir='ltr'><strong><em>κυρίου</em></strong></span> <span class='ocrx_word' id='word_1_146' title='bbox 1185 1928 1250 1996; x_wconf 83' lang='grc' dir='ltr'><strong><em>σιά-</em></strong></span> 
     </span>
     <span class='ocr_line' id='line_1_17' title="bbox 147 2028 830 2117; baseline -0.001 -20"><span class='ocrx_word' id='word_1_147' title='bbox 147 2033 205 2097; x_wconf 83' lang='grc' dir='ltr'><em>τοῦ</em></span> <span class='ocrx_word' id='word_1_148' title='bbox 227 2034 281 2096; x_wconf 80' lang='grc' dir='ltr'><strong><em>καί</em></strong></span> <span class='ocrx_word' id='word_1_149' title='bbox 300 2031 343 2115; x_wconf 76' lang='grc' dir='ltr'><strong><em>μη</em></strong></span> <span class='ocrx_word' id='word_1_150' title='bbox 370 2033 468 2096; x_wconf 78' lang='grc' dir='ltr'><strong><em>ποιάν</em></strong></span> <span class='ocrx_word' id='word_1_151' title='bbox 488 2029 661 2117; x_wconf 80' lang='grc' dir='ltr'><strong><em>δαρήσεται</em></strong></span> <span class='ocrx_word' id='word_1_152' title='bbox 684 2028 830 2107; x_wconf 82' lang='grc' dir='ltr'><strong><em>πολλάς.”</em></strong></span> 
     </span>
    </p>

    <p class='ocr_par' dir='ltr' id='par_1_7' title="bbox 147 2122 1250 2421">
     <span class='ocr_line' id='line_1_18' title="bbox 250 2122 1249 2223; baseline 0.002 -26"><span class='ocrx_word' id='word_1_153' title='bbox 250 2135 320 2198; x_wconf 77' lang='grc' dir='ltr'><strong><em>Καὶ</em></strong></span> <span class='ocrx_word' id='word_1_154' title='bbox 343 2132 387 2218; x_wconf 84' lang='grc' dir='ltr'><strong><em>μή</em></strong></span> <span class='ocrx_word' id='word_1_155' title='bbox 417 2135 476 2215; x_wconf 89' lang='grc' dir='ltr'><strong><em>μοι’</em></strong></span> <span class='ocrx_word' id='word_1_156' title='bbox 492 2158 538 2207; x_wconf 89' lang='grc' dir='ltr'><strong><em>τις</em></strong></span> <span class='ocrx_word' id='word_1_157' title='bbox 564 2130 733 2223; x_wconf 74' lang='grc' dir='ltr'><strong><em>ἐπιτιμηοη</em></strong></span> <span class='ocrx_word' id='word_1_158' title='bbox 753 2122 809 2216; x_wconf 78' lang='grc' dir='ltr'><strong><em>τῆς</em></strong></span> <span class='ocrx_word' id='word_1_159' title='bbox 829 2130 979 2216; x_wconf 84' lang='grc' dir='ltr'><strong><em>τοισιάτης</em></strong></span> <span class='ocrx_word' id='word_1_160' title='bbox 1006 2135 1067 2198; x_wconf 77' lang='grc' dir='ltr'><strong><em>τῶν</em></strong></span> <span class='ocrx_word' id='word_1_161' title='bbox 1087 2132 1249 2217; x_wconf 76' lang='grc' dir='ltr'><strong><em>ἡμετέρων</em></strong></span> 
     </span>
     <span class='ocr_line' id='line_1_19' title="bbox 147 2231 1249 2322; baseline -0.002 -22"><span class='ocrx_word' id='word_1_162' title='bbox 147 2238 357 2319; x_wconf 79' lang='grc' dir='ltr'><strong><em>καταδρομῆς.</em></strong></span> <span class='ocrx_word' id='word_1_163' title='bbox 402 2235 443 2299; x_wconf 85' lang='grc' dir='ltr'><strong><em>ου’</em></strong></span> <span class='ocrx_word' id='word_1_164' title='bbox 459 2234 519 2320; x_wconf 90' lang='grc' dir='ltr'><strong><em>γάρ</em></strong></span> <span class='ocrx_word' id='word_1_165' title='bbox 545 2234 599 2297; x_wconf 67' lang='lat' dir='ltr'><strong><em>inc*</em></strong></span> <span class='ocrx_word' id='word_1_166' title='bbox 618 2236 762 2321; x_wconf 84' lang='grc' dir='ltr'><strong><em>λοιδορίρι</em></strong></span> <span class='ocrx_word' id='word_1_167' title='bbox 783 2234 906 2298; x_wconf 80' lang='grc' dir='ltr'><strong><em>τούτων</em></strong></span> <span class='ocrx_word' id='word_1_168' title='bbox 927 2232 1033 2309; x_wconf 58' lang='lat' dir='ltr'><strong>outae</strong></span> <span class='ocrx_word' id='word_1_169' title='bbox 1057 2234 1111 2298; x_wconf 80' lang='grc' dir='ltr'><strong><em>καί</em></strong></span> <span class='ocrx_word' id='word_1_170' title='bbox 1135 2231 1249 2322; x_wconf 82' lang='grc' dir='ltr'><strong><em>α’τιμίρι</em></strong></span> 
     </span>
     <span class='ocr_line' id='line_1_20' title="bbox 147 2333 1250 2421; baseline -0.001 -23"><span class='ocrx_word' id='word_1_171' title='bbox 147 2334 344 2416; x_wconf 84' lang='grc' dir='ltr'><strong><em>ψευδόμενος</em></strong></span> <span class='ocrx_word' id='word_1_172' title='bbox 373 2334 541 2421; x_wconf 51' lang='grc' dir='ltr'><strong><em>γέγραφας</em></strong></span> <span class='ocrx_word' id='word_1_173' title='bbox 554 2334 622 2399; x_wconf 73' lang='grc' dir='ltr'><strong><em>ἀλλ’</em></strong></span> <span class='ocrx_word' id='word_1_174' title='bbox 642 2333 696 2398; x_wconf 75' lang='grc' dir='ltr'><strong><em>ἐπὶ</em></strong></span> <span class='ocrx_word' id='word_1_175' title='bbox 714 2337 834 2421; x_wconf 78' lang='grc' dir='ltr'><strong><em>ἐλέγχῳ</em></strong></span> <span class='ocrx_word' id='word_1_176' title='bbox 860 2337 921 2399; x_wconf 72' lang='grc' dir='ltr'><strong><em>τῶν</em></strong></span> <span class='ocrx_word' id='word_1_177' title='bbox 943 2337 1045 2410; x_wconf 72' lang='grc' dir='ltr'><strong><em>κακῶς</em></strong></span> <span class='ocrx_word' id='word_1_178' title='bbox 1066 2337 1250 2420; x_wconf 73' lang='grc' dir='ltr'><strong><em>προστομί-</em></strong></span> 
     </span>
    </p>

    <p class='ocr_par' dir='ltr' id='par_1_8' title="bbox 103 2427 1298 2823">
     <span class='ocr_line' id='line_1_21' title="bbox 103 2427 1247 2526; baseline -0.003 -23"><span class='ocrx_word' id='word_1_179' title='bbox 103 2433 293 2519; x_wconf 56' lang='grc' dir='ltr'><strong><em>2ονωνςμὴ</em></strong></span> <span class='ocrx_word' id='word_1_180' title='bbox 316 2435 378 2499; x_wconf 76' lang='lat' dir='ltr'><strong>uoci</strong></span> <span class='ocrx_word' id='word_1_181' title='bbox 401 2457 476 2500; x_wconf 88' lang='grc' dir='ltr'><strong><em>ποτε</em></strong></span> <span class='ocrx_word' id='word_1_182' title='bbox 505 2430 568 2517; x_wconf 77' lang='grc' dir='ltr'><strong><em>ἄρα</em></strong></span> <span class='ocrx_word' id='word_1_183' title='bbox 593 2434 691 2510; x_wconf 76' lang='grc' dir='ltr'><strong><em>αἰδώς</em></strong></span> <span class='ocrx_word' id='word_1_184' title='bbox 720 2435 776 2500; x_wconf 78' lang='grc' dir='ltr'><strong><em>καί</em></strong></span> <span class='ocrx_word' id='word_1_185' title='bbox 803 2431 904 2521; x_wconf 88' lang='grc' dir='ltr'><strong><em>φόβος</em></strong></span> <span class='ocrx_word' id='word_1_186' title='bbox 928 2427 1056 2526; x_wconf 59' lang='grc' dir='ltr'><strong><em>ἐ’πέλθη</em></strong></span> <span class='ocrx_word' id='word_1_187' title='bbox 1075 2438 1133 2500; x_wconf 75' lang='grc' dir='ltr'><strong><em>τοῦ</em></strong></span> <span class='ocrx_word' id='word_1_188' title='bbox 1154 2440 1247 2499; x_wconf 71' lang='grc' dir='ltr'><strong><em>θείου</em></strong></span> 
     </span>
     <span class='ocr_line' id='line_1_22' title="bbox 147 2533 1249 2622; baseline -0.003 -21"><span class='ocrx_word' id='word_1_189' title='bbox 147 2533 220 2612; x_wconf 77' lang='grc' dir='ltr'><strong><em>τούς</em></strong></span> <span class='ocrx_word' id='word_1_190' title='bbox 248 2536 400 2619; x_wconf 79' lang='grc' dir='ltr'><strong><em>ἡγεμόνος</em></strong></span> <span class='ocrx_word' id='word_1_191' title='bbox 435 2540 490 2603; x_wconf 82' lang='grc' dir='ltr'><strong><em>καί</em></strong></span> <span class='ocrx_word' id='word_1_192' title='bbox 519 2535 715 2622; x_wconf 83' lang='grc' dir='ltr'><strong><em>στρατηγοάς</em></strong></span> <span class='ocrx_word' id='word_1_193' title='bbox 744 2539 802 2600; x_wconf 81' lang='grc' dir='ltr'><strong><em>καί</em></strong></span> <span class='ocrx_word' id='word_1_194' title='bbox 828 2536 946 2613; x_wconf 72' lang='grc' dir='ltr'><strong><em>σάλους</em></strong></span> <span class='ocrx_word' id='word_1_195' title='bbox 985 2537 1061 2611; x_wconf 82' lang='grc' dir='ltr'><strong><em>τοάς</em></strong></span> <span class='ocrx_word' id='word_1_196' title='bbox 1086 2535 1249 2620; x_wconf 77' lang='grc' dir='ltr'><strong><em>άπηκάοος</em></strong></span> 
     </span>
     <span class='ocr_line' id='line_1_23' title="bbox 149 2631 1249 2723; baseline -0.002 -23"><span class='ocrx_word' id='word_1_197' title='bbox 149 2637 264 2718; x_wconf 81' lang='grc' dir='ltr'><strong><em>ου’τοδν,</em></strong></span> <span class='ocrx_word' id='word_1_198' title='bbox 288 2637 343 2701; x_wconf 84' lang='grc' dir='ltr'><strong><em>καί</em></strong></span> <span class='ocrx_word' id='word_1_199' title='bbox 363 2635 592 2720; x_wconf 82' lang='grc' dir='ltr'><strong><em>μεταβαλόντες</em></strong></span> <span class='ocrx_word' id='word_1_200' title='bbox 612 2636 666 2702; x_wconf 78' lang='grc' dir='ltr'><strong><em>ἐπὶ</em></strong></span> <span class='ocrx_word' id='word_1_201' title='bbox 686 2636 722 2701; x_wconf 86' lang='grc' dir='ltr'><strong><em>τά</em></strong></span> <span class='ocrx_word' id='word_1_202' title='bbox 747 2641 910 2723; x_wconf 87' lang='grc' dir='ltr'><strong><em>κρείττονα</em></strong></span> <span class='ocrx_word' id='word_1_203' title='bbox 927 2641 983 2719; x_wconf 80' lang='grc' dir='ltr'><strong><em>τῆς</em></strong></span> <span class='ocrx_word' id='word_1_204' title='bbox 1002 2631 1126 2702; x_wconf 77' lang='grc' dir='ltr'><strong><em>άνοοβεν</em></strong></span> <span class='ocrx_word' id='word_1_205' title='bbox 1150 2636 1249 2715; x_wconf 81' lang='grc' dir='ltr'><strong><em>ου’με-</em></strong></span> 
     </span>
     <span class='ocr_line' id='line_1_24' title="bbox 147 2725 1298 2823; baseline -0.002 -23"><span class='ocrx_word' id='word_1_206' title='bbox 147 2735 233 2813; x_wconf 87' lang='grc' dir='ltr'><strong><em>νειός</em></strong></span> <span class='ocrx_word' id='word_1_207' title='bbox 256 2740 311 2801; x_wconf 80' lang='grc' dir='ltr'><strong><em>κοί</em></strong></span> <span class='ocrx_word' id='word_1_208' title='bbox 333 2736 530 2821; x_wconf 73' lang='grc' dir='ltr'><strong><em>ἀντιλήψεως</em></strong></span> <span class='ocrx_word' id='word_1_209' title='bbox 551 2737 683 2821; x_wconf 76' lang='grc' dir='ltr'><strong><em>τύχωσι,</em></strong></span> <span class='ocrx_word' id='word_1_210' title='bbox 705 2737 762 2803; x_wconf 76' lang='grc' dir='ltr'><strong><em>κατ’</em></strong></span> <span class='ocrx_word' id='word_1_211' title='bbox 784 2737 840 2814; x_wconf 86' lang='grc' dir='ltr'><strong><em>τάς</em></strong></span> <span class='ocrx_word' id='word_1_212' title='bbox 864 2735 989 2821; x_wconf 74' lang='grc' dir='ltr'><strong><em>οἰκτράς</em></strong></span> <span class='ocrx_word' id='word_1_213' title='bbox 1006 2735 1250 2823; x_wconf 65' lang='lat' dir='ltr'><strong>§aucupantem</strong></span> <span class='ocrx_word' id='word_1_214' title='bbox 1294 2725 1298 2731; x_wconf 69' lang='grc'><strong>’</strong></span> 
     </span>
    </p>
   </div>
   <div class='ocr_carea' id='block_1_3' title="bbox 1311 1289 1327 1367">
    <p class='ocr_par' dir='ltr' id='par_1_9' title="bbox 1311 1289 1327 1367">
     <span class='ocr_line' id='line_1_25' title="bbox 1311 1289 1327 1367; baseline 0 0"><span class='ocrx_word' id='word_1_215' title='bbox 1311 1289 1327 1367; x_wconf 85' lang='lat' dir='ltr'><strong>t</strong></span> 
     </span>
    </p>
   </div>
   <div class='ocr_carea' id='block_1_4' title="bbox 1326 1374 1373 1433">
    <p class='ocr_par' dir='ltr' id='par_1_10' title="bbox 1326 1374 1373 1433">
     <span class='ocr_line' id='line_1_26' title="bbox 1326 1374 1373 1433; baseline 0 0"><span class='ocrx_word' id='word_1_216' title='bbox 1326 1374 1332 1424; x_wconf 78' lang='lat' dir='ltr'><strong><em>&#39;t</em></strong></span> <span class='ocrx_word' id='word_1_217' title='bbox 1369 1428 1373 1433; x_wconf 85' lang='lat'><em>.</em></span> 
     </span>
    </p>
   </div>
   <div class='ocr_carea' id='block_1_5' title="bbox 221 2919 561 3004">
    <p class='ocr_par' dir='ltr' id='par_1_11' title="bbox 221 2919 561 3004">
     <span class='ocr_line' id='line_1_27' title="bbox 221 2919 561 3004; baseline -0.006 -19"><span class='ocrx_word' id='word_1_218' title='bbox 221 2930 246 2985; x_wconf 90' lang='grc'><strong><em>8.</em></strong></span> <span class='ocrx_word' id='word_1_219' title='bbox 269 2919 511 3004; x_wconf 69' lang='grc' dir='ltr'><strong><em>άσορεγχείρηται</em></strong></span> <span class='ocrx_word' id='word_1_220' title='bbox 531 2931 561 2987; x_wconf 85' lang='lat' dir='ltr'><strong><em>G.</em></strong></span> 
     </span>
    </p>
   </div>
   <div class='ocr_carea' id='block_1_6' title="bbox 113 3097 1252 3949">
    <p class='ocr_par' dir='ltr' id='par_1_12' title="bbox 148 3097 1252 3735">
     <span class='ocr_line' id='line_1_28' title="bbox 150 3097 1248 3167; baseline -0.005 -14"><span class='ocrx_word' id='word_1_221' title='bbox 150 3099 255 3153; x_wconf 83' lang='lat' dir='ltr'><strong>concilii</strong></span> <span class='ocrx_word' id='word_1_222' title='bbox 274 3106 397 3167; x_wconf 75' lang='lat' dir='ltr'><strong>spectant</strong></span> <span class='ocrx_word' id='word_1_223' title='bbox 414 3101 473 3152; x_wconf 84' lang='lat' dir='ltr'><strong>sive</strong></span> <span class='ocrx_word' id='word_1_224' title='bbox 493 3115 568 3152; x_wconf 85' lang='lat' dir='ltr'><strong>caera</strong></span> <span class='ocrx_word' id='word_1_225' title='bbox 587 3098 761 3167; x_wconf 72' lang='lat' dir='ltr'><strong>profanantur</strong></span> <span class='ocrx_word' id='word_1_226' title='bbox 780 3100 840 3151; x_wconf 82' lang='lat' dir='ltr'><strong>aive</strong></span> <span class='ocrx_word' id='word_1_227' title='bbox 859 3098 980 3151; x_wconf 81' lang='lat' dir='ltr'><strong>bominac</strong></span> <span class='ocrx_word' id='word_1_228' title='bbox 1000 3097 1151 3151; x_wconf 82' lang='lat' dir='ltr'><strong>violantnr=</strong></span> <span class='ocrx_word' id='word_1_229' title='bbox 1163 3098 1248 3152; x_wconf 89' lang='lat' dir='ltr'><strong>iliud.</strong></span> 
     </span>
     <span class='ocr_line' id='line_1_29' title="bbox 150 3169 1250 3240; baseline -0.004 -18"><span class='ocrx_word' id='word_1_230' title='bbox 150 3188 200 3240; x_wconf 85' lang='lat' dir='ltr'><strong><em>qne</em></strong></span> <span class='ocrx_word' id='word_1_231' title='bbox 223 3171 344 3223; x_wconf 76' lang='lat' dir='ltr'><strong>obtinent</strong></span> <span class='ocrx_word' id='word_1_232' title='bbox 361 3173 397 3231; x_wconf 65' lang='lat' dir='ltr'><strong><em>in,</em></strong></span> <span class='ocrx_word' id='word_1_233' title='bbox 413 3172 490 3240; x_wconf 78' lang='lat' dir='ltr'><strong>rogia</strong></span> <span class='ocrx_word' id='word_1_234' title='bbox 504 3172 540 3229; x_wconf 84' lang='lat' dir='ltr'><strong>ad</strong></span> <span class='ocrx_word' id='word_1_235' title='bbox 559 3180 696 3238; x_wconf 81' lang='lat' dir='ltr'><strong>praetexta</strong></span> <span class='ocrx_word' id='word_1_236' title='bbox 714 3173 808 3224; x_wconf 81' lang='lat' dir='ltr'><strong>iniusti</strong></span> <span class='ocrx_word' id='word_1_237' title='bbox 828 3178 856 3223; x_wconf 86' lang='lat' dir='ltr'><strong><em>ct</em></strong></span> <span class='ocrx_word' id='word_1_238' title='bbox 873 3172 924 3222; x_wconf 87' lang='lat' dir='ltr'><strong><em>deo</em></strong></span> <span class='ocrx_word' id='word_1_239' title='bbox 948 3170 1028 3222; x_wconf 76' lang='lat' dir='ltr'><strong>invisi</strong></span> <span class='ocrx_word' id='word_1_240' title='bbox 1048 3169 1127 3234; x_wconf 90' lang='lat' dir='ltr'><strong>lucri,</strong></span> <span class='ocrx_word' id='word_1_241' title='bbox 1146 3170 1250 3238; x_wconf 79' lang='lat' dir='ltr'><strong>impro-</strong></span> 
     </span>
     <span class='ocr_line' id='line_1_30' title="bbox 149 3242 1249 3312; baseline -0.002 -17"><span class='ocrx_word' id='word_1_242' title='bbox 149 3243 232 3295; x_wconf 84' lang='lat' dir='ltr'><strong>bitate</strong></span> <span class='ocrx_word' id='word_1_243' title='bbox 245 3259 277 3295; x_wconf 88' lang='lat' dir='ltr'><strong>ca</strong></span> <span class='ocrx_word' id='word_1_244' title='bbox 292 3242 469 3312; x_wconf 62' lang='lat' dir='ltr'><strong>colligentem</strong></span> <span class='ocrx_word' id='word_1_245' title='bbox 489 3244 535 3297; x_wconf 83' lang='lat' dir='ltr'><strong>aed</strong></span> <span class='ocrx_word' id='word_1_246' title='bbox 553 3259 642 3311; x_wconf 88' lang='lat' dir='ltr'><strong>neque</strong></span> <span class='ocrx_word' id='word_1_247' title='bbox 661 3246 688 3295; x_wconf 90' lang='lat' dir='ltr'><strong><em>in</em></strong></span> <span class='ocrx_word' id='word_1_248' title='bbox 707 3243 798 3295; x_wconf 85' lang='lat' dir='ltr'><strong>multia</strong></span> <span class='ocrx_word' id='word_1_249' title='bbox 810 3242 903 3294; x_wconf 89' lang='lat' dir='ltr'><strong>borum</strong></span> <span class='ocrx_word' id='word_1_250' title='bbox 921 3242 987 3294; x_wconf 83' lang='lat' dir='ltr'><strong>dena</strong></span> <span class='ocrx_word' id='word_1_251' title='bbox 1008 3251 1116 3309; x_wconf 82' lang='lat' dir='ltr'><strong>praeeat</strong></span> <span class='ocrx_word' id='word_1_252' title='bbox 1134 3242 1249 3295; x_wconf 81' lang='lat' dir='ltr'><strong>concilio</strong></span> 
     </span>
     <span class='ocr_line' id='line_1_31' title="bbox 148 3314 1251 3383; baseline -0.002 -18"><span class='ocrx_word' id='word_1_253' title='bbox 148 3317 328 3383; x_wconf 76' lang='lat' dir='ltr'><strong>memoriaque</strong></span> <span class='ocrx_word' id='word_1_254' title='bbox 345 3314 424 3367; x_wconf 84' lang='lat' dir='ltr'><strong>huius</strong></span> <span class='ocrx_word' id='word_1_255' title='bbox 444 3316 555 3368; x_wconf 78' lang='lat' dir='ltr'><strong>admista</strong></span> <span class='ocrx_word' id='word_1_256' title='bbox 574 3324 622 3367; x_wconf 84' lang='lat' dir='ltr'><strong>cat.</strong></span> <span class='ocrx_word' id='word_1_257' title='bbox 660 3324 804 3383; x_wconf 87' lang='lat' dir='ltr'><strong>propterca</strong></span> <span class='ocrx_word' id='word_1_258' title='bbox 822 3330 911 3366; x_wconf 89' lang='lat' dir='ltr'><strong>rerum</strong></span> <span class='ocrx_word' id='word_1_259' title='bbox 930 3322 1063 3382; x_wconf 78' lang='lat' dir='ltr'><strong>gestarum</strong></span> <span class='ocrx_word' id='word_1_260' title='bbox 1083 3315 1152 3382; x_wconf 89' lang='lat' dir='ltr'><strong>apud</strong></span> <span class='ocrx_word' id='word_1_261' title='bbox 1164 3315 1251 3366; x_wconf 86' lang='lat' dir='ltr'><strong>Grac.</strong></span> 
     </span>
     <span class='ocr_line' id='line_1_32' title="bbox 150 3386 1250 3453; baseline 0.001 -17"><span class='ocrx_word' id='word_1_262' title='bbox 150 3401 195 3437; x_wconf 82' lang='lat' dir='ltr'><strong>coa</strong></span> <span class='ocrx_word' id='word_1_263' title='bbox 215 3388 314 3437; x_wconf 85' lang='lat' dir='ltr'><strong>exitum</strong></span> <span class='ocrx_word' id='word_1_264' title='bbox 333 3387 383 3453; x_wconf 84' lang='lat' dir='ltr'><strong>ipci</strong></span> <span class='ocrx_word' id='word_1_265' title='bbox 404 3386 510 3438; x_wconf 87' lang='lat' dir='ltr'><strong>divinae</strong></span> <span class='ocrx_word' id='word_1_266' title='bbox 528 3388 616 3439; x_wconf 91' lang='lat' dir='ltr'><strong>tribuo</strong></span> <span class='ocrx_word' id='word_1_267' title='bbox 635 3386 731 3439; x_wconf 87' lang='lat' dir='ltr'><strong>ultioni</strong></span> <span class='ocrx_word' id='word_1_268' title='bbox 746 3395 774 3437; x_wconf 88' lang='lat' dir='ltr'><strong><em>et</em></strong></span> <span class='ocrx_word' id='word_1_269' title='bbox 791 3387 891 3438; x_wconf 87' lang='lat' dir='ltr'><strong>iudicio</strong></span> <span class='ocrx_word' id='word_1_270' title='bbox 901 3386 1073 3452; x_wconf 89' lang='lat' dir='ltr'><strong>incorruptae</strong></span> <span class='ocrx_word' id='word_1_271' title='bbox 1082 3387 1250 3439; x_wconf 74' lang='lat' dir='ltr'><strong>sententiae:</strong></span> 
     </span>
     <span class='ocr_line' id='line_1_33' title="bbox 151 3452 1252 3524; baseline 0.002 -19"><span class='ocrx_word' id='word_1_272' title='bbox 151 3456 212 3523; x_wconf 90' lang='lat' dir='ltr'><strong>quia</strong></span> <span class='ocrx_word' id='word_1_273' title='bbox 230 3457 342 3523; x_wconf 78' lang='lat' dir='ltr'>paganis</span> <span class='ocrx_word' id='word_1_274' title='bbox 360 3458 415 3509; x_wconf 93' lang='lat' dir='ltr'><strong>coli</strong></span> <span class='ocrx_word' id='word_1_275' title='bbox 433 3458 535 3509; x_wconf 84' lang='lat' dir='ltr'><strong>iuctitiu</strong></span> <span class='ocrx_word' id='word_1_276' title='bbox 553 3459 660 3522; x_wconf 90' lang='lat' dir='ltr'><strong>dicitur,</strong></span> <span class='ocrx_word' id='word_1_277' title='bbox 681 3466 707 3509; x_wconf 85' lang='lat' dir='ltr'><strong><em>ct</em></strong></span> <span class='ocrx_word' id='word_1_278' title='bbox 726 3458 864 3510; x_wconf 79' lang='lat' dir='ltr'><strong>observari</strong></span> <span class='ocrx_word' id='word_1_279' title='bbox 883 3458 985 3524; x_wconf 75' lang='lat' dir='ltr'><strong>patrios</strong></span> <span class='ocrx_word' id='word_1_280' title='bbox 1004 3472 1093 3510; x_wconf 77' lang='lat' dir='ltr'><strong>morea</strong></span> <span class='ocrx_word' id='word_1_281' title='bbox 1109 3452 1155 3510; x_wconf 77' lang='lat' dir='ltr'><strong>hia‘</strong></span> <span class='ocrx_word' id='word_1_282' title='bbox 1169 3457 1252 3509; x_wconf 84' lang='lat' dir='ltr'><strong>iixnm</strong></span> 
     </span>
     <span class='ocr_line' id='line_1_34' title="bbox 152 3527 1250 3596; baseline 0 -17"><span class='ocrx_word' id='word_1_283' title='bbox 152 3533 191 3579; x_wconf 79' lang='lat' dir='ltr'><strong>cat</strong></span> <span class='ocrx_word' id='word_1_284' title='bbox 210 3535 236 3577; x_wconf 87' lang='lat' dir='ltr'><strong><em>et</em></strong></span> <span class='ocrx_word' id='word_1_285' title='bbox 255 3540 358 3576; x_wconf 83' lang='lat' dir='ltr'><strong>omnem</strong></span> <span class='ocrx_word' id='word_1_286' title='bbox 379 3527 535 3578; x_wconf 72' lang='lat' dir='ltr'>felicitatem</span> <span class='ocrx_word' id='word_1_287' title='bbox 554 3544 569 3578; x_wconf 86' lang='lat' dir='ltr'><strong>a</strong></span> <span class='ocrx_word' id='word_1_288' title='bbox 587 3530 676 3579; x_wconf 78' lang='grc' dir='ltr'><strong><em>τουσδὶ</em></strong></span> <span class='ocrx_word' id='word_1_289' title='bbox 695 3529 857 3581; x_wconf 77' lang='lat' dir='ltr'><strong>fabricatore</strong></span> <span class='ocrx_word' id='word_1_290' title='bbox 877 3530 909 3580; x_wconf 83' lang='lat' dir='ltr'><strong>iia</strong></span> <span class='ocrx_word' id='word_1_291' title='bbox 930 3530 1042 3581; x_wconf 79' lang='lat' dir='ltr'><strong>evenire</strong></span> <span class='ocrx_word' id='word_1_292' title='bbox 1067 3544 1174 3596; x_wconf 72' lang='lat' dir='ltr'><strong>sempor</strong></span> <span class='ocrx_word' id='word_1_293' title='bbox 1198 3528 1250 3581; x_wconf 80' lang='lat' dir='ltr'><strong><em>de-</em></strong></span> 
     </span>
     <span class='ocr_line' id='line_1_35' title="bbox 152 3596 1251 3662; baseline -0.001 -14"><span class='ocrx_word' id='word_1_294' title='bbox 152 3597 260 3659; x_wconf 83' lang='lat' dir='ltr'><strong>clarant,</strong></span> <span class='ocrx_word' id='word_1_295' title='bbox 281 3596 374 3662; x_wconf 77' lang='lat' dir='ltr'><strong>quales</strong></span> <span class='ocrx_word' id='word_1_296' title='bbox 394 3611 544 3648; x_wconf 80' lang='lat' dir='ltr'><strong>communen</strong></span> <span class='ocrx_word' id='word_1_297' title='bbox 565 3598 685 3649; x_wconf 79' lang='lat' dir='ltr'><strong>omnibus</strong></span> <span class='ocrx_word' id='word_1_298' title='bbox 706 3598 857 3649; x_wconf 69' lang='lat' dir='ltr'><strong>hominibus</strong></span> <span class='ocrx_word' id='word_1_299' title='bbox 876 3608 937 3650; x_wconf 85' lang='lat' dir='ltr'><strong>aunt</strong></span> <span class='ocrx_word' id='word_1_300' title='bbox 955 3601 1069 3651; x_wconf 75' lang='lat' dir='ltr'><strong>virtutes</strong></span> <span class='ocrx_word' id='word_1_301' title='bbox 1088 3608 1115 3649; x_wconf 90' lang='lat' dir='ltr'><strong><em>et</em></strong></span> <span class='ocrx_word' id='word_1_302' title='bbox 1134 3600 1167 3650; x_wconf 85' lang='lat' dir='ltr'><strong>ab</strong></span> <span class='ocrx_word' id='word_1_303' title='bbox 1177 3598 1251 3649; x_wconf 88' lang='lat' dir='ltr'><strong>omni</strong></span> 
     </span>
     <span class='ocr_line' id='line_1_36' title="bbox 151 3666 1251 3735; baseline 0.001 -17"><span class='ocrx_word' id='word_1_304' title='bbox 151 3668 321 3735; x_wconf 86' lang='lat' dir='ltr'><strong>requirantur</strong></span> <span class='ocrx_word' id='word_1_305' title='bbox 341 3666 422 3718; x_wconf 84' lang='lat' dir='ltr'><strong>cultu.</strong></span> <span class='ocrx_word' id='word_1_306' title='bbox 461 3681 657 3735; x_wconf 76' lang='lat' dir='ltr'><strong>veronamque</strong></span> <span class='ocrx_word' id='word_1_307' title='bbox 677 3676 705 3719; x_wconf 90' lang='lat' dir='ltr'><strong><em>et</em></strong></span> <span class='ocrx_word' id='word_1_308' title='bbox 722 3670 828 3735; x_wconf 75' lang='lat' dir='ltr'><strong>integra</strong></span> <span class='ocrx_word' id='word_1_309' title='bbox 846 3669 910 3719; x_wconf 70' lang='lat' dir='ltr'><strong>naec</strong></span> <span class='ocrx_word' id='word_1_310' title='bbox 935 3679 1054 3721; x_wconf 86' lang='lat' dir='ltr'><strong>noatrum</strong></span> <span class='ocrx_word' id='word_1_311' title='bbox 1080 3668 1251 3723; x_wconf 70' lang='lat' dir='ltr'><strong>Christiano-</strong></span> 
     </span>
    </p>

    <p class='ocr_par' dir='ltr' id='par_1_13' title="bbox 113 3736 1252 3949">
     <span class='ocr_line' id='line_1_37' title="bbox 113 3736 1251 3821; baseline 0 -35"><span class='ocrx_word' id='word_1_312' title='bbox 113 3778 118 3786; x_wconf 77' lang='lat'><em>.</em></span> <span class='ocrx_word' id='word_1_313' title='bbox 151 3754 216 3801; x_wconf 87' lang='lat' dir='ltr'><strong>rum,</strong></span> <span class='ocrx_word' id='word_1_314' title='bbox 237 3737 341 3821; x_wconf 68' lang='lat' dir='ltr'><strong>quando</strong></span> <span class='ocrx_word' id='word_1_315' title='bbox 361 3736 504 3789; x_wconf 78' lang='lat' dir='ltr'><strong>virtutibus</strong></span> <span class='ocrx_word' id='word_1_316' title='bbox 524 3739 679 3802; x_wconf 85' lang='lat' dir='ltr'><strong>excidimua,</strong></span> <span class='ocrx_word' id='word_1_317' title='bbox 699 3739 831 3790; x_wconf 90' lang='lat' dir='ltr'><strong>damnatio</strong></span> <span class='ocrx_word' id='word_1_318' title='bbox 845 3740 929 3806; x_wconf 80' lang='lat' dir='ltr'><strong>magia</strong></span> <span class='ocrx_word' id='word_1_319' title='bbox 949 3749 991 3791; x_wconf 85' lang='lat' dir='ltr'><strong>cat</strong></span> <span class='ocrx_word' id='word_1_320' title='bbox 1011 3747 1038 3789; x_wconf 89' lang='lat' dir='ltr'><strong><em>ct</em></strong></span> <span class='ocrx_word' id='word_1_321' title='bbox 1056 3739 1192 3803; x_wconf 87' lang='lat' dir='ltr'><strong>iudicium,</strong></span> <span class='ocrx_word' id='word_1_322' title='bbox 1210 3739 1251 3790; x_wconf 84' lang='grc' dir='ltr'><strong><em>εἰ.</em></strong></span> 
     </span>
     <span class='ocr_line' id='line_1_38' title="bbox 152 3809 1252 3878; baseline 0.003 -18"><span class='ocrx_word' id='word_1_323' title='bbox 152 3817 195 3861; x_wconf 89' lang='lat' dir='ltr'><strong><em>cut</em></strong></span> <span class='ocrx_word' id='word_1_324' title='bbox 214 3817 292 3860; x_wconf 84' lang='lat' dir='ltr'><strong>etrum</strong></span> <span class='ocrx_word' id='word_1_325' title='bbox 311 3809 419 3861; x_wconf 86' lang='lat' dir='ltr'><strong>divinae</strong></span> <span class='ocrx_word' id='word_1_326' title='bbox 437 3810 618 3861; x_wconf 90' lang='lat' dir='ltr'><strong>mandatorum</strong></span> <span class='ocrx_word' id='word_1_327' title='bbox 637 3809 694 3878; x_wconf 78' lang='lat' dir='ltr'><strong>legi</strong></span> <span class='ocrx_word' id='word_1_328' title='bbox 714 3809 828 3875; x_wconf 85' lang='lat' dir='ltr'><strong>videtur,</strong></span> <span class='ocrx_word' id='word_1_329' title='bbox 848 3825 916 3877; x_wconf 85' lang='lat' dir='ltr'><strong>quae</strong></span> <span class='ocrx_word' id='word_1_330' title='bbox 936 3811 987 3861; x_wconf 89' lang='lat' dir='ltr'><strong>ait:</strong></span> <span class='ocrx_word' id='word_1_331' title='bbox 1006 3811 1095 3863; x_wconf 82' lang='lat' dir='ltr'><strong>acicna</strong></span> <span class='ocrx_word' id='word_1_332' title='bbox 1123 3809 1252 3863; x_wconf 79' lang='lat' dir='ltr'><strong>volunta-</strong></span> 
     </span>
     <span class='ocr_line' id='line_1_39' title="bbox 151 3880 996 3949; baseline -0.002 -16"><span class='ocrx_word' id='word_1_333' title='bbox 151 3889 201 3933; x_wconf 90' lang='lat' dir='ltr'><strong><em>tem</em></strong></span> <span class='ocrx_word' id='word_1_334' title='bbox 221 3880 320 3933; x_wconf 88' lang='lat' dir='ltr'><strong>domini</strong></span> <span class='ocrx_word' id='word_1_335' title='bbox 340 3882 423 3947; x_wconf 78' lang='lat' dir='ltr'><strong>ipsius</strong></span> <span class='ocrx_word' id='word_1_336' title='bbox 445 3896 532 3949; x_wconf 86' lang='lat' dir='ltr'><strong>neque</strong></span> <span class='ocrx_word' id='word_1_337' title='bbox 553 3881 694 3948; x_wconf 80' lang='lat' dir='ltr'><strong>perficiens</strong></span> <span class='ocrx_word' id='word_1_338' title='bbox 714 3880 794 3933; x_wconf 88' lang='lat' dir='ltr'><strong>valde</strong></span> <span class='ocrx_word' id='word_1_339' title='bbox 814 3880 996 3949; x_wconf 70' lang='lat' dir='ltr'><strong>castigabitur.</strong></span> 
     </span>
    </p>
   </div>
   <div class='ocr_carea' id='block_1_7' title="bbox 150 3976 1249 4333">
    <p class='ocr_par' dir='ltr' id='par_1_14' title="bbox 150 3976 1249 4333">
     <span class='ocr_line' id='line_1_40' title="bbox 247 3976 1249 4045; baseline 0.003 -16"><span class='ocrx_word' id='word_1_340' title='bbox 247 3977 323 4030; x_wconf 83' lang='lat' dir='ltr'><strong>Nove</strong></span> <span class='ocrx_word' id='word_1_341' title='bbox 342 3978 401 4045; x_wconf 81' lang='lat' dir='ltr'><strong>qnia</strong></span> <span class='ocrx_word' id='word_1_342' title='bbox 420 3976 484 4028; x_wconf 89' lang='lat' dir='ltr'><strong>mibi</strong></span> <span class='ocrx_word' id='word_1_343' title='bbox 505 3977 647 4044; x_wconf 75' lang='lat' dir='ltr'><strong>exprobret</strong></span> <span class='ocrx_word' id='word_1_344' title='bbox 666 3976 745 4029; x_wconf 86' lang='lat' dir='ltr'><strong>talem</strong></span> <span class='ocrx_word' id='word_1_345' title='bbox 764 3993 852 4029; x_wconf 84' lang='lat' dir='ltr'><strong>rernm</strong></span> <span class='ocrx_word' id='word_1_346' title='bbox 872 3986 1020 4030; x_wconf 74' lang='lat' dir='ltr'><strong>nostrarum</strong></span> <span class='ocrx_word' id='word_1_347' title='bbox 1031 3979 1249 4032; x_wconf 71' lang='lat' dir='ltr'><strong>insectationem</strong></span> 
     </span>
     <span class='ocr_line' id='line_1_41' title="bbox 150 4048 1249 4118; baseline 0.002 -16"><span class='ocrx_word' id='word_1_348' title='bbox 150 4064 235 4118; x_wconf 82' lang='lat' dir='ltr'><strong>neque</strong></span> <span class='ocrx_word' id='word_1_349' title='bbox 256 4051 325 4100; x_wconf 86' lang='lat' dir='ltr'><strong>anim</strong></span> <span class='ocrx_word' id='word_1_350' title='bbox 344 4049 443 4115; x_wconf 92' lang='lat' dir='ltr'><strong>probro</strong></span> <span class='ocrx_word' id='word_1_351' title='bbox 464 4048 554 4100; x_wconf 91' lang='lat' dir='ltr'><strong>borum</strong></span> <span class='ocrx_word' id='word_1_352' title='bbox 574 4050 680 4101; x_wconf 90' lang='lat' dir='ltr'><strong>omnino</strong></span> <span class='ocrx_word' id='word_1_353' title='bbox 697 4057 725 4100; x_wconf 86' lang='lat' dir='ltr'><strong><em>et</em></strong></span> <span class='ocrx_word' id='word_1_354' title='bbox 741 4050 866 4102; x_wconf 84' lang='lat' dir='ltr'><strong>dedecori</strong></span> <span class='ocrx_word' id='word_1_355' title='bbox 879 4052 1004 4102; x_wconf 75' lang='lat' dir='ltr'><strong>mentitur</strong></span> <span class='ocrx_word' id='word_1_356' title='bbox 1026 4066 1056 4101; x_wconf 87' lang='lat' dir='ltr'><strong>ca</strong></span> <span class='ocrx_word' id='word_1_357' title='bbox 1074 4051 1184 4118; x_wconf 82' lang='lat' dir='ltr'><strong>acripai,</strong></span> <span class='ocrx_word' id='word_1_358' title='bbox 1201 4052 1249 4104; x_wconf 84' lang='lat' dir='ltr'><strong>aed</strong></span> 
     </span>
     <span class='ocr_line' id='line_1_42' title="bbox 150 4120 1246 4189; baseline 0.002 -17"><span class='ocrx_word' id='word_1_359' title='bbox 150 4122 337 4187; x_wconf 84' lang='lat' dir='ltr'><strong>vituperationi</strong></span> <span class='ocrx_word' id='word_1_360' title='bbox 357 4120 427 4171; x_wconf 89' lang='lat' dir='ltr'><strong>malo</strong></span> <span class='ocrx_word' id='word_1_361' title='bbox 447 4120 585 4186; x_wconf 82' lang='lat' dir='ltr'><strong>iacturum,</strong></span> <span class='ocrx_word' id='word_1_362' title='bbox 604 4122 626 4172; x_wconf 85' lang='grc' dir='ltr'><strong><em>εἰ</em></strong></span> <span class='ocrx_word' id='word_1_363' title='bbox 645 4120 750 4188; x_wconf 87' lang='lat' dir='ltr'><strong>quando</strong></span> <span class='ocrx_word' id='word_1_364' title='bbox 770 4122 841 4174; x_wconf 83' lang='lat' dir='ltr'><strong>sorte</strong></span> <span class='ocrx_word' id='word_1_365' title='bbox 859 4122 944 4189; x_wconf 87' lang='lat' dir='ltr'><strong>pudor</strong></span> <span class='ocrx_word' id='word_1_366' title='bbox 971 4130 998 4173; x_wconf 88' lang='lat' dir='ltr'><strong><em>ct</em></strong></span> <span class='ocrx_word' id='word_1_367' title='bbox 1020 4131 1105 4174; x_wconf 84' lang='lat' dir='ltr'><strong>metuo</strong></span> <span class='ocrx_word' id='word_1_368' title='bbox 1129 4123 1246 4174; x_wconf 68' lang='lat' dir='ltr'><strong>numinis</strong></span> 
     </span>
     <span class='ocr_line' id='line_1_43' title="bbox 150 4192 1244 4261; baseline -0.003 -18"><span class='ocrx_word' id='word_1_369' title='bbox 150 4194 230 4245; x_wconf 82' lang='lat' dir='ltr'><strong>divini</strong></span> <span class='ocrx_word' id='word_1_370' title='bbox 251 4192 358 4244; x_wconf 86' lang='lat' dir='ltr'><strong>invadat</strong></span> <span class='ocrx_word' id='word_1_371' title='bbox 376 4195 550 4259; x_wconf 81' lang='lat' dir='ltr'><strong>imperatores</strong></span> <span class='ocrx_word' id='word_1_372' title='bbox 570 4201 597 4244; x_wconf 90' lang='lat' dir='ltr'><strong><em>ct</em></strong></span> <span class='ocrx_word' id='word_1_373' title='bbox 615 4193 695 4245; x_wconf 86' lang='lat' dir='ltr'><strong>ducos</strong></span> <span class='ocrx_word' id='word_1_374' title='bbox 716 4200 742 4243; x_wconf 85' lang='lat' dir='ltr'><strong><em>ct</em></strong></span> <span class='ocrx_word' id='word_1_375' title='bbox 760 4195 834 4261; x_wconf 80' lang='lat' dir='ltr'><strong>ipaoc</strong></span> <span class='ocrx_word' id='word_1_376' title='bbox 848 4194 994 4258; x_wconf 70' lang='lat' dir='ltr'><strong>subiectos,</strong></span> <span class='ocrx_word' id='word_1_377' title='bbox 1006 4195 1123 4247; x_wconf 81' lang='lat' dir='ltr'><strong>&#39;ctvcrai</strong></span> <span class='ocrx_word' id='word_1_378' title='bbox 1135 4194 1167 4244; x_wconf 83' lang='lat' dir='ltr'><strong>ad</strong></span> <span class='ocrx_word' id='word_1_379' title='bbox 1184 4208 1244 4243; x_wconf 85' lang='lat' dir='ltr'><strong><em>mc.</em></strong></span> 
     </span>
     <span class='ocr_line' id='line_1_44' title="bbox 151 4258 1243 4333; baseline 0.002 -20"><span class='ocrx_word' id='word_1_380' title='bbox 151 4261 215 4315; x_wconf 83' lang='lat' dir='ltr'><strong>liora</strong></span> <span class='ocrx_word' id='word_1_381' title='bbox 235 4258 351 4332; x_wconf 85' lang='lat' dir='ltr'><strong>priorem</strong></span> <span class='ocrx_word' id='word_1_382' title='bbox 371 4263 539 4316; x_wconf 84' lang='lat' dir='ltr'><strong>clementiam</strong></span> <span class='ocrx_word' id='word_1_383' title='bbox 559 4264 739 4333; x_wconf 81' lang='lat' dir='ltr'><strong>auxiliumque</strong></span> <span class='ocrx_word' id='word_1_384' title='bbox 758 4266 945 4320; x_wconf 79' lang='lat' dir='ltr'><strong>nunciccantnr</strong></span> <span class='ocrx_word' id='word_1_385' title='bbox 970 4272 997 4318; x_wconf 87' lang='lat' dir='ltr'><strong><em>et</em></strong></span> <span class='ocrx_word' id='word_1_386' title='bbox 1019 4267 1129 4321; x_wconf 80' lang='lat' dir='ltr'><strong>micerac</strong></span> <span class='ocrx_word' id='word_1_387' title='bbox 1154 4264 1243 4318; x_wconf 89' lang='lat' dir='ltr'><strong>corri-</strong></span> 
     </span>
    </p>
   </div>
   <div class='ocr_carea' id='block_1_8' title="bbox 0 0 1514 4892">
    <p class='ocr_par' dir='ltr' id='par_1_15' title="bbox 0 0 1514 4892">
     <span class='ocr_line' id='line_1_45' title="bbox 0 0 1514 4892; baseline 0 0"><span class='ocrx_word' id='word_1_388' title='bbox 0 0 1514 4892; x_wconf 95' lang='lat' dir='ltr'><strong><em> </em></strong></span> 
     </span>
    </p>
   </div>
  </div>
 </body>
</html>
