3017 4892
515 365 517 368 ’
601 361 816 445 aaronis.
1212 359 1265 443 at.

158 535 320 623 φερούσης
339 531 464 620 ἥπτετό.
511 535 539 599 οἱ
563 527 598 600 δὲ
620 534 745 600 Σκύθαι
769 533 999 619 προεγνωκότες
1018 525 1160 619 τῆν’τοόκ
1177 532 1261 602 ‘Poo-

94 677 99 681 -
156 638 263 720 μαίων
286 641 471 721 προαίρεσιν
493 634 579 720 παρα
600 638 661 702 τῶν
682 633 869 703 ἑαλωκότων
893 637 1009 722 αὐτοῖς,
1031 643 1263 721 προκαταλαμ-

157 739 310 820 βάνουσιν
329 737 383 814 τὰς
406 737 547 819 ἐξόδους,
571 737 626 803 κατ’
639 735 774 816 τούτους
795 737 1011 817 ἀσυντάκτους
1033 733 1180 823 εόρόντες
1200 761 1262 802 πο-

159 836 219 904 λόν
240 837 338 924 φόνον
357 840 465 904 adrat»
488 841 686 924 εἰργάσαντο,
708 843 764 904 καί
785 838 865 905 κατὰ
886 838 998 923 κρότος
1020 841 1140 915 ου’τοός
1161 863 1264 905 uoru-

132 938 370 1020 δγοονισόμενοι
392 939 447 1003 καί
464 943 560 1021 μέχρι
577 943 697 1004 πολλοῦ
717 936 958 1020 συνδιώξαντες,
980 942 1036 1021 κατ’
1051 937 1125 1015 τοός
1145 937 1265 1005 τοότιον

158 1036 290 1120 νεκροός
313 1037 553 1116 σκυλεύσαντες,
578 1035 635 1114 οδς
656 1039 761 1104 δὲκαὶ
783 1041 903 1119 ζῶντας
924 1036 1054 1125 ἑλόντες,
1076 1037 1133 1124 την
1151 1040 1266 1123 προτέ-

159 1161 220 1222 ραν
239 1129 338 1222 ἧτταν
359 1141 588 1204 α’νεκαλὲσανεο
608 1141 664 1204 κατ’
684 1137 764 1224 πρός
784 1139 952 1225 εὐετηρίαν
972 1135 1110 1214 ἓαυτοός
1131 1136 1265 1222 ἀνεκτή,-

99 1247 109 1260 “
159 1261 265 1305 cocco.
308 1236 385 1304 ὅδὲ
412 1241 475 1305 τεόν
497 1239 691 1324 Βοολγόρων
711 1237 869 1326 ἀρχηγός,
892 1239 909 1304 ό
935 1238 992 1321 τὴν
1014 1241 1118 1315 αἰτίαν
1139 1243 1198 1305 τοό
1219 1238 1264 1322 μή
1349 1260 1383 1276 ’·

160 1342 354 1425 κρατηθῆναι
383 1339 439 1406 τόν
465 1337 605 1424 πόλεμον
632 1339 877 1425 συνεισενεγκιόν
906 1339 962 1404 καί
991 1344 1102 1430 φθόνῳ
1131 1337 1166 1404 τό
1200 1341 1265 1403 πᾶν

117 1447 151 1501 10
159 1440 364 1524 σκαιιορῆσας
390 1445 442 1527 τῆς
463 1441 700 1528 χαλεπότητος,
732 1440 884 1530 όγεριόχῳ
904 1445 971 1510 τινί
990 1445 1046 1508 κατ’
1066 1447 1191 1526 θρασεῖ
1206 1463 1266 1504 κα-

158 1543 388 1624 τειιοχοδμενος
409 1545 504 1634 λἰιιτηι,
526 1545 581 1609 καί
597 1551 661 1618 τοῖς
681 1545 796 1608 τούτου
811 1546 886 1608 uoci
900 1540 1060 1620 α’νόλυτος
1075 1537 1158 1607 εἶναι
1181 1546 1295 1623 ilco-i.
1310 1553 1361 1612 1⁷4
1372 1572 1401 1612 τ.

159 1647 234 1728 ρεόν,
257 1644 484 1728 περιτυγχάνει
507 1645 651 1728 διώρυγι,
674 1645 730 1707 κατ’
750 1645 808 1707 του”
838 1645 937 1707 δἰττιου
958 1649 1062 1731 ταότη
1077 1643 1267 1726 ἀἐροβατῆ-

160 1767 216 1810 σαι
231 1741 328 1809 οἷονεί
339 1746 550 1829 βουληθέντος
567 1745 750 1828 ἐκτρέπεται
772 1746 827 1827 τῆς
845 1744 943 1826 ἕδρας
964 1741 1072 1823 αότός,
1087 1743 1143 1807 καί
1153 1745 1267 1824 πτιόμα
1354 1826 1356 1829 ι
1408 1796 1410 1801 ,

160 1848 200 1930 τῇ
222 1845 261 1930 γῇ
282 1846 501 1929 καταφέρεται
525 1841 687 1927 δύστηνον.
731 1849 790 1907 κατ’
806 1866 891 1918 τινες
913 1846 976 1908 τῶν
997 1847 1131 1908 Σκυθῶν
1152 1840 1267 1908 latua·-

118 1953 151 2006 15
160 1942 351 2024 ταλαβόντες
371 1943 467 2008 αότδν
482 1941 586 2029 Ιλόγχῃ
602 1945 715 2010 τοῦτον
734 1946 1007 2026 διαχειριζονται,
1029 1947 1173 2026 πόματον
1193 1935 1268 2027 δι’ρτι

161 2041 307 2124 μαθόντα
328 2043 370 2118 ὥς
392 2039 408 2106 ό
432 2042 553 2129 φθόνος
576 2046 609 2122 ἐξ
631 2035 768 2120 ἅπαντας
788 2042 927 2128 όφόαται
956 2043 1031 2130 ιιερδ
1049 2042 1105 2129 την
1126 2041 1265 2131 γραφήν,

162 2145 218 2208 καί
239 2141 367 2228 φθόρου
385 2143 563 2229 γεννητικός
585 2141 648 2208 ιτότε
669 2147 728 2206 rot
737 2141 923 2228 γεννήτορας
944 2141 1008 2210 εἴθ’
1030 2142 1149 2232 ἑτέραν
1169 2170 1266 2213 συντ·-

161 2245 355 2326 νηνεγμόνων
376 2245 468 2331 ου’τρό
485 2247 666 2327 καθέστηκε.
763 2285 770 2301 ι

265 2342 344 2408 Τότε
366 2341 418 2430 δή,
440 2345 521 2430 τότε,
545 2343 627 2410 κατό
650 2344 707 2431 τὴν
730 2346 829 2410 νόκτα
850 2348 906 2430 τῆς
928 2345 1124 2412 αὀοντοὶκτου
1149 2349 1266 2434 φυγῆς,

120 2449 197 2512 λθέκ
224 2446 278 2529 τῆς
298 2454 496 2530 κατασκοπῆς
526 2440 542 2510 ό
566 2443 784 2530 Βοτανειοὶτης
813 2445 849 2511 τό
874 2444 1090 2529 πραττόμενον
1112 2446 1266 2532 α’τόχημα
1340 2477 1343 2485 ·

162 2544 217 2610 κατ’
237 2543 276 2610 τό
307 2547 381 2634 παρ’
410 2548 524 2612 ε’λτιίδα
559 2551 599 2636 τῇ
628 2541 800 2629 Ῥωμαόων
836 2547 1012 2636 δοσβουλόηι
1044 2543 1267 2633 συμβεβηκότα

162 2645 338 2728 θεώμενος,
368 2646 459 2723 α’νιάς
482 2670 514 2712 τε
536 2649 652 2731 πολλῆς
673 2651 819 2733 όιιλήσδη
851 2651 912 2714 κατ’,
928 2650 982 2732 τῆς
998 2647 1171 2723 κακονοίας
1189 2649 1267 2722 τοός
1345 2693 1348 2705 «

164 2743 248 2814 adse
274 2749 576 2831 συμβουλεύσαντας
612 2751 804 2816 ε’ταλόνισεν.
855 2742 924 2814 εἶτα
952 2759 1019 2826 τοϊς
1053 2747 1135 2836 ἀμφ’
1165 2745 1267 2815 αότόν

234 2950 260 3004 3.
280 2947 461 3012 δονντόκτιυς
480 2951 526 3006 G(
621 2951 662 3005 16.
681 2967 716 3005 an
735 2946 939 3026 οεσόφιοταιδ4
1036 2952 1078 3006 17.
1098 2951 1214 3027 φθόνου
1234 2951 1264 3006 0.

163 3127 323 3181 Graecorum
351 3126 493 3181 eonsilium
518 3145 534 3180 a
558 3128 612 3182 auis
632 3129 746 3198 captivis
766 3136 898 3196 occupant
917 3128 1005 3182 exitus
1026 3136 1053 3180 et
1071 3126 1121 3180 hos
1140 3127 1267 3181 confusos

162 3199 331 3250 invenientes
343 3199 450 3252 multam
470 3201 577 3253 caedem
598 3217 689 3253 eorum
707 3208 948 3268 perpetraveruut3
967 3208 994 3252 et
1013 3200 1119 3252 fortiter
1139 3214 1186 3250 eos
1204 3197 1267 3250 bel.

161 3269 247 3322 lantes
268 3278 294 3321 et
312 3269 395 3340 longe
414 3283 607 3342 persequentes
628 3273 768 3325 ethorum
787 3282 906 3325 mortuos
930 3270 1096 3341 spoliantes,
1121 3269 1267 3324 nonnullos

162 3341 239 3392 etiam
253 3341 331 3394 vivos
349 3345 485 3411 capientes
503 3347 619 3414 priorem
635 3344 736 3398 cladem
752 3352 927 3398 correxerunt
941 3345 1011 3398 etad
1032 3344 1136 3410 copiam
1155 3343 1267 3412 (bonum

160 3418 270 3483 aunum]
297 3429 327 3466 se
351 3417 561 3486 recollegerunt.
599 3410 788 3486 Bulgurorum¹
803 3423 891 3470 autern
915 3418 969 3469 dux
995 3417 1041 3485 qui
1067 3431 1173 3468 causam
1200 3413 1268 3465 belli
1305 3478 1307 3481 Ι

160 3499 213 3536 non
241 3488 358 3537 conserti
382 3488 509 3541 intulerat
535 3498 561 3541 et
583 3490 685 3542 invidia
703 3496 784 3541 totam
803 3489 968 3542 machinatus
988 3497 1046 3541 erat
1063 3485 1266 3548 difficultatem,

119 3567 127 3572 ·
161 3554 276 3621 superbo
304 3563 330 3604 et
354 3557 416 3608 lorti
444 3569 536 3612 vectus
557 3577 625 3629 equo
651 3569 677 3612 et
696 3561 774 3611 huius
790 3561 938 3628 pedibusa
957 3561 1165 3630 captivitatense
1183 3565 1268 3609 tutum

162 3640 223 3676 esse
236 3623 372 3676 confidens
383 3631 457 3679 venit
475 3631 507 3682 ad
527 3631 624 3682 fossam
643 3638 746 3683 etcum
765 3647 848 3700 equus
870 3631 907 3683 ibi
925 3648 973 3699 per
992 3647 1056 3683 aera
1073 3629 1178 3697 ingredi
1198 3642 1266 3695 qua.
1364 3695 1369 3698 ,

161 3697 184 3747 si
204 3693 298 3760 vellet,
324 3697 454 3748 evertitur
472 3700 536 3749 sede
555 3701 614 3765 ipse
634 3709 661 3749 et
680 3717 742 3752 casu
762 3703 790 3752 in
808 3711 905 3754 terrant
923 3702 1049 3753 deiicitnr
1068 3700 1148 3749 tristi.
1186 3706 1268 3764 atque

161 3764 285 3818 nonnulli
308 3765 465 3833 Scytharum
483 3771 605 3838 aggressi
625 3783 683 3819 eum
706 3769 801 3821 lancea
829 3771 900 3821 hunc
918 3772 1079 3830 conficiunt,
1104 3775 1267 3834 postremum

161 3839 264 3890 demum
285 3846 509 3907 cognoscentem,
533 3840 660 3890 invidiam
678 3841 825 3906 perniciem
843 3840 939 3892 afferre
958 3849 985 3891 et
1004 3838 1103 3892 invidis
1124 3845 1150 3888 et
1167 3838 1202 3893 iis
1221 3839 1266 3908 qui

160 3909 258 3962 invidis
280 3917 397 3962 utuntur.

260 3997 323 4050 Tum
335 4000 417 4066 igitur
435 4007 515 4052 nocte
535 4000 664 4052 confusae
682 3999 762 4070 fugae
780 4016 814 4053 ex
840 4000 1027 4069 speculatione
1044 4000 1199 4056 Bataniates
1220 4001 1265 4054 fa.

160 4079 231 4122 ctum
251 4070 349 4122 malum
372 4077 400 4121 et
419 4085 487 4141 quae
511 4080 604 4124 contra
629 4087 702 4141 sporn
730 4073 891 4126 Graecorum
916 4075 1066 4125 temeritate
1094 4073 1163 4126 iacta
1189 4082 1265 4126 erant

161 4141 329 4207 conspiciens
342 4143 511 4212 aegritudine
527 4143 610 4196 multa
628 4143 753 4211 impletus
775 4155 816 4197 est
836 4155 863 4197 et
883 4153 993 4213 propter
1008 4159 1055 4197 eos
1073 4146 1118 4214 qui
1139 4145 1176 4197 ita
1192 4145 1263 4198 atul-

160 4213 235 4264 titiae
253 4222 377 4266 auctores
396 4214 502 4268 fuerant
520 4213 622 4268 doluit:
642 4216 738 4268 deinde
760 4219 816 4270 suis
835 4219 990 4285 imperavit,
1011 4232 1047 4270 no
1070 4218 1160 4271 orinrn
1178 4216 1264 4269 instar

159 4283 229 4336 inter
242 4299 277 4338 se
294 4285 487 4355 dissiparentur
500 4288 570 4342 sicut
584 4288 667 4340 ceteri
680 4281 781 4342 militas
791 4290 929 4345 ⁴iacientes
948 4289 1178 4357 conspicerentur,
1189 4299 1262 4341 nevo
