3017 4892
538 322 776 419 vnrsronrr.
920 291 954 414 J
1146 318 1220 391 arr

86 488 364 576 σῖυαφερόμενου
386 478 560 572 άυτικρυς,
582 528 619 540 -
643 493 735 554 τοῦτο
758 491 927 564 διοπτικῶς
950 481 1097 570 ἐπιγνούς
1119 506 1222 550 σπου·
1271 567 1275 587 η

89 590 163 673 δήν
189 589 371 674 ἐποιήσατο
402 589 458 672 τήν
488 584 580 654 νόσον
608 590 728 674 ταύτην
760 587 804 663 ὥς
826 592 872 664 είς
893 583 999 670 δεινήν
1021 583 1221 663 ε’λαύνουσαν

91 689 322 776 χαλεπότητα
344 694 469 773 στήοαι,
493 693 548 754 καί
564 688 659 771 νόμον
679 693 866 772 ἀντιστῆσαι
889 689 999 774 ταύτη,
1022 695 1088 761 τοῖς
1105 683 1225 750 ούτοισί

49 870 53 875 ¹
94 793 283 872 πάσχουσι
303 789 423 874 βοηθόν
437 789 490 853 καί
512 788 726 874 συλλήπτορα,
749 789 805 853 καί
817 799 883 864 τοῖς
905 793 1081 870 βασιλικοῖς
1103 780 1223 869 ύπηρί.

59 903 181 964 5ταις
210 894 270 953 καί
292 893 398 966 αύτοῖς
418 893 607 972 βασιλεύειν
628 891 791 980 εἰσάγοντα
810 889 867 973 τήν
896 890 994 972 χάριν
1018 889 1146 951 δικαίαν
1169 882 1225 950 καί

97 988 262 1072 ἔννομον,
281 993 337 1056 καί
359 993 526 1077 φροντίδος
548 985 697 1076 τοιαύτης
720 991 838 1067 αύτούς
860 992 1143 1066 α’παλλάττσυσαν,
1169 987 1225 1049 καί

100 1089 166 1174 τήν
192 1089 442 1176 ειίγνωμοούυην
466 1095 521 1155 καί
541 1094 715 1175 θεραπείαν
738 1096 967 1176 περιποιοῦσαν
987 1087 1224 1173 α’πόρθητοντῷ

101 1191 234 1273 θάρρει
258 1196 316 1256 τού
344 1193 565 1277 φυλάττεσθαι
589 1191 665 1268 τούς
686 1198 742 1258 τού
762 1196 920 1275 βασιλέως
950 1185 1154 1272 θεραπευτάς
1167 1183 1224 1250 καί

100 1287 194 1370 μετά
218 1290 366 1375 τελευτήν
399 1293 501 1356 αὐτοῦ
522 1289 625 1376 πάσης
655 1294 906 1374 δεισιδαιμονίαις
933 1294 1057 1373 α’θιηεῖς
1078 1287 1132 1353 καί
1161 1311 1223 1352 κα·-
1272 1301 1277 1305 “

48 1393 272 1466 λῡκσποιίας.
316 1387 392 1455 ὅθεν
414 1389 618 1475 πανταχόθεν
650 1399 695 1480 τιή
716 1387 816 1456 πάθει
837 1391 936 1479 τούτῳ
967 1394 1141 1472 θεραπείαν
1163 1392 1224 1472 θη.

109 1487 273 1574 ράμενος,
296 1491 415 1574 νεαρὰν
435 1498 627 1571 νομοθεσίαν
647 1495 792 1574 ἐκτίθησι
818 1494 989 1574 πρόρριζον
1010 1488 1251 1569 ἒκτίμνουσανλ.
1269 1499 1355 1556 rats.

106 1589 143 1654 τὸ
169 1595 344 1667 κἀκοθελὲς
366 1597 458 1656 τοῦτο
479 1595 533 1655 καί
554 1592 828 1675 παρανομώτατον
851 1592 1061 1675 ἐπιχείρημα,
1081 1588 1221 1675 φάμενος

110 1685 163 1755 ότι
198 1694 329 1757 πάντων
361 1687 562 1754 α’τοποότατὸν
588 1689 670 1756 ἔστιν
699 1694 737 1756 ἵν’
760 1689 872 1772 οἱμὲν
895 1690 1097 1765 δουλεύοντες
1130 1690 1224 1755 ideoi-

111 1817 179 1876 ται,
204 1792 363 1876 ἀγροίκοις
386 1790 531 1875 δηλονότι
556 1795 609 1856 καί
633 1799 778 1868 πολίταις
807 1797 863 1859 καί
885 1785 1043 1876 ύρχυυσι,
1066 1790 1149 1872 μετά
1171 1815 1224 1857 τε·

63 1901 103 1956 15
114 1889 235 1974 λευτήν
257 1893 362 1956 airon
391 1893 532 1975 λεγάτοις
558 1898 710 1975 τιμιδνται
733 1897 789 1959 καί
809 1896 1046 1980 φιδικομίσσοις
1071 1895 1126 1960 καί
1146 1918 1250 1979 rspo-⁸

114 1995 257 2073 σβείοις,
291 1991 370 2057 ἔνιοι
402 1998 436 2058 δὲ
470 1993 524 2058 καί
554 1999 798 2078 κληρονομίαις,
827 2000 882 2060 καί
910 1994 991 2077 μετά
1013 1998 1068 2079 τής
1101 1995 1224 2061 τούτων

117 2094 304 2179 προσθήκης
326 2094 424 2178 ἔχωσι
441 2097 498 2159 καί
516 2094 571 2171 τὰς
593 2097 676 2170 ἰδίας
698 2095 824 2179 κτήσεις
845 2097 1009 2180 α’νοντίρας
1029 2093 1144 2171 παντός
1166 2097 1224 2180 ζη·

116 2194 256 2274 τήματος
278 2199 333 2262 καί
355 2195 593 2280 προβλήματος,
617 2194 647 2263 οἱ
670 2200 705 2262 δὲ
736 2203 800 2262 τῶν
820 2202 979 2280 βασιλέων
1000 2198 1223 2281 θεραπευταί,

118 2285 164 2368 οἷς
183 2298 301 2382 μετ’ζαρν
323 2295 339 2358 ό
359 2296 500 2378 κάματος
526 2302 580 2362 καί
607 2296 642 2362 τό
679 2293 945 2382 αύτοιιρατσριιιόν
973 2297 1045 2370 δέος
1073 2297 1223 2379 διηνεκιός

71 2401 333 2481 λθπεριγίνεται,
365 2397 444 2480 πρός
464 2404 509 2488 τῷ
539 2400 594 2464 καί
610 2396 758 2484 τοιαύτης
793 2401 1009 2465 ε’πιτελευτίου
1038 2399 1222 2481 φιλοτιμίας

120 2501 173 2561 καί
193 2502 255 2564 τάν
278 2503 400 2565 οἰκείων
428 2501 665 2584 α’ποστεροῖυται
687 2500 774 2584 παραὶ
797 2502 858 2564 τοόν
877 2503 1046 2580 μετέπειτα
1066 2500 1224 2577 βασιλίσιν

121 2603 175 2660 καί
194 2601 255 2663 τάν
274 2598 396 2676 τούτοις
419 2600 668 2683 παρατυχόντων
691 2600 870 2685 ὑπηρετῶν,
896 2601 952 2663 καί
977 2599 1022 2674 οἷς
1051 2599 1222 2681 κακούργει

122 2697 175 2760 καί
197 2699 384 2783 προσάντεις
405 2699 434 2766 οῖ
454 2705 557 2777 καλῶς
579 2697 822 2785 διακονήσαντες
845 2697 1089 2766 οἷπελαύνοννται
1115 2699 1222 2810 οἰκιιέν

191 2862 224 2916 λδ
243 2860 374 2925 τοιαύτας
393 2863 422 2918 0.
521 2865 563 2918 22.
584 2862 797 2938 περιτυχόντων
815 2864 845 2920 0.
886 2871 890 2882 ’

127 3039 222 3092 ponere
241 3024 312 3091 buic,
331 3027 372 3078 sic
390 3025 497 3080 afflictis
519 3027 648 3079 auxilium
670 3035 696 3078 et
714 3027 834 3093 socium,
855 3033 883 3079 et
900 3042 970 3095 qnae
988 3025 1072 3095 regiis
1090 3026 1219 3080 ministris

128 3105 153 3148 et
171 3098 233 3163 ipsis
258 3087 373 3166 regibus*
393 3101 537 3151 adduceret
562 3100 671 3169 gratiam
697 3100 792 3151 iustam
820 3106 847 3150 et
865 3098 1011 3168 legitimam
1035 3105 1062 3158 et
1088 3113 1152 3149 cura
1170 3097 1219 3150 tali

129 3184 172 3220 eos
194 3167 319 3221 liberaret
345 3179 371 3222 et
389 3171 487 3223 bonnm
508 3173 623 3223 animum
653 3178 679 3221 et
705 3172 871 3223 curationem
902 3171 1031 3222 excitaret
1048 3168 1219 3233 inturbatam,

130 3253 182 3291 cum
201 3241 361 3294 confiderent
376 3252 509 3296 servatum
529 3245 561 3294 iri
576 3243 648 3312 regis
663 3244 798 3294 ministros
808 3241 854 3294 vei
871 3251 932 3310 post
950 3241 1050 3292 obitum
1071 3242 1128 3293 eins
1148 3240 1220 3292 omni

129 3315 308 3379 superstitione
335 3316 447 3367 intactos
473 3323 500 3367 et
523 3313 732 3378 iniuriar‘unde
757 3314 857 3383 ubique
882 3313 952 3365 malo
973 3312 1035 3363 buio
1054 3312 1219 3364 curationem

130 3399 221 3433 venans
239 3399 336 3435 novam
355 3386 443 3452 legem
465 3389 527 3451 edit,
550 3403 618 3455 quae
640 3387 766 3438 radicitus
787 3386 922 3437 scinderet
940 3383 1101 3436 malevolum
1120 3383 1173 3434 boc
1193 3389 1220 3433 et

131 3454 319 3504 iniustissimnm
338 3457 481 3524 inceptum,
502 3458 665 3508 contendens
686 3459 801 3508 omnium
820 3458 1014 3523 ineptissimum
1034 3471 1103 3519 esse,
1123 3468 1218 3508 servos

132 3525 238 3590 privatos
258 3527 402 3593 agrestium
422 3536 448 3577 et
467 3529 565 3578 civium
587 3533 612 3576 et
626 3527 720 3578 ducum
739 3537 801 3593 post
817 3527 918 3579 obitum
938 3543 1028 3580 eorum
1048 3527 1145 3595 legatis
1164 3525 1216 3577 bo·
1282 3549 1285 3554 ¹

132 3596 210 3646 norati
229 3604 254 3647 et
270 3597 482 3648 fideicommissis
504 3604 531 3648 et
548 3598 625 3648 donis
647 3597 814 3661 honorariis,
842 3598 987 3650 nonnullos
1008 3600 1086 3650 etiam
1105 3597 1217 3648 heredi.

133 3665 218 3718 tatibus
236 3675 262 3718 et
281 3683 339 3718 cum
367 3668 460 3719 barum
488 3669 645 3720 accessione
671 3667 770 3719 habere
797 3669 875 3718 etiam
895 3669 1012 3734 privatas
1030 3667 1216 3734 possessiones
1286 3681 1311 3728 f

134 3738 271 3804 superiores
302 3741 372 3790 omni
392 3741 548 3809 quaestione
571 3748 597 3790 et
615 3740 822 3805 impedimento:
844 3747 936 3791 contra
957 3754 1052 3807 regum
1070 3738 1215 3804 ministros,

134 3809 216 3876 quibus
233 3811 316 3863 maior
334 3811 410 3863 labor
429 3819 455 3863 ct
476 3811 644 3876 imperatoris
667 3819 751 3862 metus
770 3819 901 3876 perpetuo
923 3810 1006 3874 adsit,
1030 3817 1216 3877 praeterquam

135 3881 279 3933 orientalia
298 3883 331 3933 iis
352 3883 507 3950 contingant
525 3881 643 3933 defuncti
664 3883 747 3948 dona,
769 3882 847 3932 etiam
872 3882 926 3933 suis
946 3882 1046 3949 privari
1066 3897 1081 3931 a
1100 3882 1215 3947 posteris

134 3953 227 4021 regibus
245 3962 324 4022 atque
342 3969 432 4005 eorum
451 3955 589 4018 ministris,
609 3961 689 4020 atque
709 3961 738 4004 ut
765 3952 902 4004 maleficos
922 3960 949 4004 et
969 3952 1138 4004 adversarios
1157 3966 1213 4017 eos,

136 4025 174 4091 qui
190 4024 294 4092 pulchre
313 4026 487 4089 serviissent,
511 4023 611 4092 expelii
633 4024 753 4076 domibus
775 4030 802 4073 et
820 4023 945 4074 urbibus:
973 4031 1116 4090 propterea
1135 4026 1215 4075 etiam

135 4095 209 4164 legem
234 4097 264 4148 de
284 4097 316 4148 iis
336 4097 458 4163 scripsit,
484 4113 553 4164 qnae
572 4096 653 4148 talem
676 4095 816 4148 avaritiam
847 4103 873 4145 et
889 4095 1048 4161 pravitatem
1063 4095 1213 4162 impediret,

136 4175 161 4217 ut
175 4168 202 4219 ad
218 4183 305 4222 omnes
325 4169 416 4236 regios
442 4169 565 4220 homines
583 4175 734 4235 serpentem
761 4174 788 4217 et
811 4181 891 4233 reges
915 4166 1045 4218 servitute
1063 4167 1213 4232 privantem

136 4236 289 4305 plurimorum
310 4248 336 4291 et
354 4240 484 4294 bonorum
502 4241 619 4296 virorum
629 4276 638 4306 ,
663 4255 721 4291 cnm
740 4239 866 4290 timerent
884 4237 1006 4291 acerbam
1026 4244 1053 4291 et
1065 4236 1211 4292 violentam
