3017 4892
267 307 343 394 tit
571 321 794 397 moranus
821 321 1085 396 uumerus

265 501 469 582 Βλκχόρνοις
490 497 650 586 δνόκτορα
675 504 864 585 περιέλαβε,
885 506 931 589 τῇ
946 505 999 584 Ιδὲ
1018 501 1078 587 τὴν
1096 495 1206 585 ἷλλην
1226 487 1435 581 t'efflfli’

265 593 473 686 όπιφόνειαν,
496 603 553 666 κατ’
571 601 758 686 περιεσοόθη
779 608 879 686 μέχρι
903 606 1037 685 πολλοῦ,
1063 606 1164 670 πᾶσιν
1190 591 1431 683 &req-²05²

266 700 574 785 ἱπικηρυκευόμενον
598 705 780 787 ποροοοόον
799 706 835 767 ἐκ
852 707 910 787 τῆς
930 700 1014 778 ὲιόας
1031 705 1176 788 μεγάλης
1197 695 1428 778 δανόμενς·

266 795 297 864 οἱ
327 802 359 864 d’
399 802 717 888 ἐπιστημονικότεροι
746 806 812 868 τῶν
833 807 1022 887 θεωμένων,
1041 805 1097 869 καὶ
1115 802 1358 885 confinita-‘4⁰
1382 792 1425 860 τό

267 901 341 964 δέον
358 903 634 988 ἐπιγινώσκοντες,
665 904 729 970 α’πό
751 906 880 990 λα’μπης
899 910 1073 992 λαμκτῆρο
1103 904 1300 992 φωσφόρον
1323 903 1451 965 ἐντι-5

267 1005 409 1096 δημῆσαι
431 1010 497 1081 τοῖς
518 995 694 1088 βασιλειυις
714 1006 960 1092 προεσήμαινον,
980 1003 1065 1072 ὅστε
1083 1005 1303 1091 χρηματίσει
1329 1007 1423 1075 τθῖς

265 1099 327 1188 ptr
348 1105 483 1188 α’γαθοίς
502 1104 559 1172 κατ’
579 1103 618 1171 τό
641 1105 725 1190 όπὲρ
742 1107 846 1171 ου’τοό
858 1109 1018 1192 φρονοῦσι
1038 1110 1110 1192 φοῖς
1131 1104 1191 1170 κατ’
1211 1105 1420 1188 θαμηδών

265 1207 322 1270 κατ’
340 1203 449 1290 χορόν
471 1200 690 1290 όνεκλόλητον,
710 1214 777 1280 τοῖς
799 1208 836 1270 δὲ
856 1211 927 1270 κατ’
938 1207 1041 1271 αότοιῖ
1059 1211 1220 1289 μελετόσι
1246 1208 1313 1270 κατ’
1334 1205 1415 1268 ἇν-

264 1310 495 1388 τιταττομένοις
515 1305 604 1393 αὐτῷ
629 1302 734 1393 φλόγα
756 1311 803 1396 τῷ
821 1302 889 1372 όντι
909 1305 1011 1390 πυρός
1032 1311 1291 1393 κατατήκοοσιτν
1311 1305 1410 1371 τακό-

265 1429 339 1483 τους
368 1409 423 1472 καί
454 1412 701 1474 κατακαιόυσαν.
754 1410 814 1474 κοί
827 1433 864 1494 γε
896 1415 954 1493 τῆς
974 1412 1170 1494 συμβολικῆς
1187 1409 1448 1495 πορρὴοεωςίο

266 1509 307 1574 ου’
329 1507 521 1594 διήμαρτον·
565 1511 701 1593 δηλιόσει
724 1511 761 1574 δὲ
781 1508 905 1596 προῖοόν
929 1511 947 1576 ό
968 1510 1070 1596 λόγος.

369 1612 433 1675 Τοῦ
456 1613 492 1674 δὲ
516 1609 693 1693 όκτιοβριοο
714 1613 815 1697 μηνός
837 1610 1094 1696 παρεληλυθότος
1113 1611 1324 1698 ἄκοστατεκή
1338 1639 1400 1688 τις
1425 1649 1435 1664 x

146 1751 150 1762 ·
241 1712 414 1780 ’κακόνοια
437 1713 494 1795 τὴν
514 1708 652 1795 ἑσπέραν
674 1712 844 1798 αἰφνιδίους
863 1710 1094 1798 περιεδόκησεν.
1137 1716 1183 1788 εἷς
1206 1711 1280 1796 γᾰρ
1299 1714 1410 1802 Ἐκιξ

266 1815 407 1894 δομνον,
440 1811 477 1882 τό
499 1815 558 1878 νῦν
579 1817 768 1898 κεκλημένον
795 1812 1008 1896 Δυρράχιον,
1041 1811 1100 1896 τήν
1121 1814 1285 1897 δοοκικῆν
1306 1813 1394 1897 ἔχον

268 1913 374 1999 ἀρχὴν
396 1916 582 2002 Νικηφόρος
610 1916 768 2001 πρόεδρος
793 1910 811 1978 ό
833 1917 1025 2002 Βρυέννιος,
1046 1919 1103 1979 καί
1122 1914 1253 1998 ταύτης
1277 1941 1389 2000 παρσ-
1398 1923 1431 1973 15
1486 1917 1488 1920 ⁴

267 2015 400 2098 λυθείς,
422 2019 579 2099 βασιλέως
608 2011 712 2105 ἑαυτῷ
742 2020 932 2101 περιέθηκεν
962 2010 1083 2098 ὄνομα,
1110 2021 1168 2104 καό
1176 2022 1259 2093 ’τοῖς
1286 2022 1392 2084 ε’κεῖσε

258 2117 478 2202 ,στρατιοόταις
500 2120 555 2181 καὶ
576 2119 707 2193 ὀπαδοῖς
721 2118 778 2183 κατ’
798 2114 1051 2202 συστρατιώταις
1069 2117 1283 2205 χρησόμενος
1305 2116 1392 2199 ἐξει-
1486 2135 1488 2188 ἶ

268 2238 322 2281 σιν
345 2213 469 2280 όκεϊθιν
487 2217 568 2301 πρός
584 2218 859 2302 Ἀδριαυοόπολιν.
905 2217 922 2280 ό
945 2217 1061 2283 andree
1076 2216 1303 2306 ου’τόδελφος,
1322 2224 1392 2286 Ἰον-

268 2316 362 2400 όννης
391 2315 641 2398 ὀνομαζόμενος,
662 2317 753 2396 τινός
782 2323 844 2384 τῶν
873 2316 1029 2402 ἑσπερίων
1058 2321 1229 2402 δυνάμεων
1255 2326 1306 2398 εἰς
1332 2321 1390 2406 τὴν

268 2416 353 2483 ἰδίαν
382 2408 555 2500 ἐπιβουλὴν
586 2418 799 2503 καταρτίσας,
827 2422 902 2502 μεθ’
933 2409 979 2486 (όν
1005 2413 1089 2505 ἦσαν
1111 2419 1300 2506 Βαρόγγοον
1333 2421 1428 2507 tamti

269 2516 429 2604 Φρόγγιαν
449 2518 557 2604 πλήθη
577 2516 688 2604 πολλά,
712 2523 757 2609 τῷ
777 2523 971 2611 αόταδέλφιρ
985 2524 1165 2587 συνθέσθαι
1185 2526 1388 2608 παρέπεισε,

267 2618 329 2685 σόν
351 2620 461 2698 ου’τοῖς
483 2623 591 2688 δὲκαὶ
610 2621 666 2687 τόν
687 2621 852 2690 καταπόνου
874 2626 929 2709 τῆς
950 2617 1051 2708 αὐτῆς
1070 2621 1203 2711 πόλεως,
1222 2629 1388 2711 συγγενέα

1485 2700 1487 2757 l

346 2797 373 2853 5.
392 2802 519 2874 λαπτῆρα
538 2801 568 2856 O.
642 2799 684 2853 18.
705 2799 732 2870 ὁ]
745 2801 819 2857 ἔνθα
837 2798 873 2853 ti

269 2956 357 3002 antem
390 2949 572 3018 angustiarum
600 2948 696 3000 fretum
723 2957 906 3018 transgressus
938 2946 983 2998 hio
1014 2946 1224 3001 Blachernarum
1248 2950 1384 3017 templum

270 3020 414 3090 corripuit,
433 3020 493 3072 illic
518 3019 649 3088 reliquam
665 3019 802 3071 borealem
820 3019 989 3087 superficiem
1022 3028 1049 3071 et
1074 3027 1250 3073 conservatus
1274 3029 1318 3073 est
1337 3023 1383 3074 dia

268 3093 393 3147 'omnibus
412 3091 486 3145 clare
504 3093 628 3144 nuntians
646 3092 788 3143 adrentum
808 3107 842 3142 ex
861 3093 964 3143 oriente
982 3093 1071 3159 magni
1096 3092 1239 3144 exercitas,
1261 3095 1309 3160 qni
1330 3109 1382 3145 ac-

270 3167 386 3219 curatius
406 3159 692 3232 intelligebant,'quac
712 3161 844 3227 viderant,
875 3171 902 3214 et
921 3179 955 3214 ex
972 3164 1049 3232 signo
1068 3165 1251 3216 necessariam
1271 3179 1380 3232 cogno.

268 3239 389 3300 scebant,
412 3251 445 3287 cx
463 3234 588 3303 squalore
618 3234 704 3285 lacem
734 3234 868 3285 lucentem
891 3235 920 3286 in
948 3236 1048 3303 regiam
1075 3236 1247 3288 adventuram
1267 3235 1379 3287 divina.

259 3307 342 3372 bant,
360 3314 390 3357 nt
408 3307 485 3358 lieret
502 3305 581 3356 bonis
602 3305 679 3357 etde
699 3319 731 3356 eo
752 3305 931 3374 cogitantibus
952 3305 999 3357 lux
1018 3316 1045 3359 et
1062 3307 1183 3382 hilaritas
1204 3315 1232 3358 et
1248 3307 1378 3375 gandium
1483 3348 1484 3365 ,

268 3375 463 3439 inenarrabile,
486 3375 520 3426 iis
539 3383 636 3440 autem,
657 3378 703 3444 qui
729 3385 822 3429 contra
842 3393 901 3428 enm
919 3378 1110 3430 meditarentur
1129 3387 1156 3430 et
1174 3387 1378 3446 opponerentur
1483 3372 1484 3381 ’

247 3441 306 3514 ‘e'l,
327 3447 429 3502 damma
448 3461 546 3498 revera
564 3449 635 3516 ignis
660 3446 840 3516 liquefaciens
870 3447 920 3499 hos
940 3456 967 3500 et
992 3449 1167 3518 conflagrans.
1205 3458 1288 3519 atque
1306 3465 1375 3517 pro.

270 3521 340 3572 iecto
366 3519 396 3570 in
414 3516 563 3584 symbolica
582 3519 765 3585 praedictione
788 3535 842 3573 non
863 3529 1000 3573 errarunt:
1030 3522 1102 3590 quod
1120 3520 1268 3574 declarabit
1286 3523 1374 3573 oratio

268 3593 428 3662 procedens.

368 3679 434 3734 Cum
453 3686 542 3732 autem
554 3678 670 3734 October
681 3681 780 3734 mensis
798 3681 993 3748 praeteriisset,
1013 3681 1153 3734 seditionis
1173 3681 1302 3749 quaedam
1321 3681 1374 3732 im-

269 3753 410 3821 prudentia
436 3751 603 3806 occidentem
629 3761 741 3818 repente
761 3753 906 3805 concussit.
954 3751 1093 3818 Epidamni
1113 3753 1192 3815 enim,
1212 3753 1285 3820 qaod
1302 3766 1373 3803 nnnc

268 3833 381 3878 vocatur
394 3823 599 3891 Dyrrhachium,
611 3824 693 3876 ducis
712 3825 851 3891 imperium
872 3823 972 3875 babens
987 3822 1154 3892 Nicephorus
1173 3839 1285 3891 praeses
1302 3823 1375 3888 Bry-

270 3899 365 3949 ennius
384 3905 465 3965 atque
484 3896 536 3947 boo
553 3897 672 3959 solutus,
698 3898 771 3964 regis
789 3895 840 3947 sibi
859 3896 986 3961 imposuit
1003 3910 1110 3959 nomen,
1137 3903 1164 3946 et
1180 3896 1218 3947 ibi
1237 3895 1374 3948 versanti-

275 3965 324 4018 bus
342 3967 470 4020 militibus
493 3975 520 4018 ct
539 3967 678 4019 comitibus
699 3974 725 4017 ot
742 3967 825 4019 sociis
844 3980 908 4019 nsus
928 3967 1064 4034 egreditur
1083 3968 1145 4019 inde
1162 3965 1374 4032 Adrisaopolinz

273 4035 353 4088 buius
371 4039 462 4105 irater,
483 4039 596 4092 loannes
626 4039 720 4102 dictus,
741 4035 1070 4105 occidentales-quosdam
1095 4039 1229 4091 exercitus
1248 4039 1282 4090 ad
1298 4052 1375 4089 suum

272 4107 413 4160 consilium
432 4111 576 4176 instruens,
604 4110 674 4162 inter
696 4125 764 4177 quos
793 4117 868 4161 erant
886 4107 1068 4177 Rarangorum
1096 4119 1123 4162 et
1140 4109 1306 4180 Frangoram
1323 4123 1375 4160 co-

270 4182 333 4250 piae
351 4179 514 4247 permultae,
534 4182 582 4246 iis,
601 4190 631 4233 ut
657 4181 732 4234 fratri
752 4181 922 4245 accederent,
941 4183 1085 4248 persuasit,
1107 4197 1222 4251 cunique
1238 4183 1272 4233 iis
1292 4179 1375 4231 etiam

270 4251 410 4325 praelecto
437 4249 554 4305 eiusdem
580 4253 669 4318 urbis,
695 4253 741 4321 qui
770 4258 901 4321 cognatus
923 4252 1002 4309 baina
1021 4263 1049 4307 at
1072 4252 1231 4312 contribulis
1255 4259 1329 4305 erat:
1349 4259 1376 4304 et
