3017 4892
589 303 798 374 maroam.
1174 300 1248 383 τοῦ

122 475 167 540 δὲ
195 477 314 556 ζοόνττς
336 476 639 565 ᾔχμαλωιισθησαν.
683 475 800 557 ὁμοίως
821 477 857 542 δὲ
878 477 933 542 ιιαί
952 475 1042 564 τιαρόι
1064 481 1128 544 rtis
1149 473 1246 544 luno.

122 582 212 643 τῶν.
257 582 478 664 συνηθροίσθη
498 580 533 642 δὲ
556 580 612 641 καί
630 580 863 663 λαφυραγωγία
884 578 919 644 ἐκ
936 581 991 664 τῆς
1013 580 1140 646 ε’κείνων
1161 580 1246 644 α’πο·

124 681 268 764 σκευῆς,
291 679 420 744 καίτοι
408 681 646 766 ον’ταόίλφου
668 682 726 744 τοῦ
738 682 917 767 Βρυεννίσυ
940 678 1088 766 όχηματα
1107 682 1245 766 πρόσινιτ

127 781 193 844 καί
218 775 301 845 όαλα
324 782 377 846 καί
398 778 575 865 σὴμαντρα.

96 875 116 928 5
240 880 494 947 Ἐπανελθόντων
510 883 545 946 δὲ
566 854 874 964 τωντοῦηθαοιλίως
893 884 1096 970 στρατιωτῶν
1116 883 1163 959 είς
1183 883 1245 947 αιί
1296 927 1301 932 -
1401 879 1404 883 ’

127 983 207 1061 τόν,
240 985 328 1082 γσρρὶ
351 1009 399 1060 τις
425 986 534 1049 τοῦτον
561 987 618 1049 καί
637 983 714 1061 roric
734 1009 814 1070 πιρι
829 984 928 1052 αὐτόν
957 990 1139 1072 περιέλαβε
1181 993 1247 1104 sofr

132 1087 174 1150 δὲ
198 1081 391 1165 Βυζαντίοις
418 1086 511 1152 siclis
538 1083 661 1152 τούτων
690 1089 874 1170 &sponsane
900 1087 1084 1167 ἐδείκνυτο,
1118 1082 1169 1153 ότι
1189 1083 1246 1171 την

130 1189 200 1251 τοῦ
222 1189 382 1307 βσριλόως
408 1187 517 1274 μόχην
546 1187 602 1250 καί
622 1187 679 1252 τοῦ
703 1188 881 1272 Βρνεννίου
911 1186 1036 1274 κόνεριν
1058 1134 1245 1272 ἐλογίζοντο.

131 1283 204 1356 εἷλε
242 1288 305 1408 γόρ
336 1285 455 1364 πόντος
481 1290 551 1354 κατ’
572 1281 672 1414 όκρας
698 1287 714 1352 ό
745 1288 842 1364 πόθος
876 1291 933 1372 τῆς
961 1289 1017 1354 τοῦ
1043 1285 1244 1355 Βοτανιότου

83 1399 122 1454 10
130 1413 375 1477 χρηστοτητος,
405 1393 532 1477 εἀείτιτρ
567 1393 735 1475 ἐγίνωσκον
765 1392 867 1455 ου’τοό
895 1389 928 1456 τό
960 1394 1048 1473 γένος
1070 1391 1246 1475 περτφανὸς

132 1492 194 1556 καί
209 1489 291 1575 πρός
311 1490 386 1568 τοός
407 1488 597 1574 πολεμικοός
625 1492 749 1573 όγόνας
778 1489 921 1568 ἐπίδοξον
940 1487 995 1556 καί
1019 1487 1162 1574 χρηστόν
1180 1495 1244 1564 τοῖς

133 1592 283 1668 πολίταις
305 1596 360 1657 καί
380 1588 583 1676 οόντροφον,
617 1594 673 1655 καί
699 1588 798 1655 αότόν
820 1593 856 1654 δὲ
885 1594 1110 1673 παραπλησίαν
1131 1586 1244 1672 ἔχοντα

47 1749 54 1756 ,
136 1697 184 1779 τῷ
206 1697 290 1776 γε’νει
310 1693 369 1775 τὴν
387 1689 514 1775 γνοόγιην
536 1691 590 1755 καί
608 1688 663 1773 τὴν
685 1691 819 1775 α’νόρίαν
831 1691 886 1754 κατ’
898 1695 954 1774 τῆς
969 1690 1080 1775 ψυχῆς
1098 1687 1134 1756 τό
1156 1688 1244 1772 tyele

139 1791 407 1916 ἓγκαλλοόπιρμα·
456 1791 560 1868 οόόείς
581 1792 642 1877 γὰρ
667 1794 804 1874 πόλεμος
835 1790 1041 1875 α’γωνιοτικός
1062 1792 1117 1857 καί
1138 1789 1243 1876 βαρός

91 1886 169 1947 15
136 1915 224 1974 ειγεν
259 1891 357 1957 ου’τόν
385 1890 445 1971 ἔξω
474 1899 538 1958 τῶν
561 1896 610 1958 εἰτ’
633 1894 730 2018 αότρλ
753 1887 1071 2014 ἀνδραγαθημάτων,
1106 1890 1242 1974 orielem

137 1992 326 2078 παρασκευὴ
344 1995 406 2058 τιόν
431 1987 537 2098 όκρων
560 1993 733 2084 α’τιείρατόν
753 2018 788 2058 τε
809 1996 863 2059 καί
885 2016 1062 2080 αγευοτον,
1084 1990 1164 2058 α’λλό
1187 1995 1244 2072 καί

139 2091 334 2169 όοοκικός’
311 2091 415 2178 αρχός
436 2099 491 2162 καί
514 2095 615 2171 ου’τός
635 2099 785 2218 μεγιρτας
805 2094 957 2218 φρονήσει
978 2119 1032 2160 και
1028 2097 1168 2182 α’νόρίρ
1187 2095 1270 2161 soll.
1285 2106 1371 2163 λλὸτ.

139 2197 316 2279 ιίγαθότητι
344 2193 569 2318 κατεκόογησε.
621 2220 674 2260 και
702 2194 833 2279 ἡπόλις
860 2193 957 2261 αιίτόν
976 2191 1083 2318 η’γόπα
1104 2192 1157 2259 διὰ
1179 2219 1239 2278 την

140 2289 221 2379 όγαν
241 2294 412 2362 ἐπιείκειαν
434 2298 488 2361 καί
508 2297 670 2380 πραότητα
692 2321 746 2362 και
768 2295 802 2360 τό
828 2298 884 2380 τῆς
904 2293 1013 2419 χειρός
1034 2298 1068 2360 ἐν
1086 2297 1240 2417 πολέμοις

95 2398 193 2464 λθιιαί
213 2389 320 2472 ὅπλοις
348 2395 603 2524 α’καταγιόνιοτον
625 2401 679 2462 καί
707 2394 741 2462 ἐν
767 2394 927 2481 όοόροις’
906 2381 1107 2481 ασόγκριτον,
1129 2421 1181 2462 και
1201 2394 1239 2464 τό

140 2496 243 2575 δεξιόν
265 2504 320 2564 καί
341 2495 471 2584 εὔχαρι,
494 2503 548 2565 καί
567 2501 602 2565 τὸ
626 2497 729 2584 πόσης
743 2499 931 2577 α’λαζονείσς
952 2499 1007 2563 καί
1018 2497 1240 2583 ὑπερηφανίας

141 2601 303 2682 τυγχάνειν
326 2595 425 2667 αὐτόν
445 2601 664 2688 ὑψηλότερον,
693 2604 748 2665 καί
777 2597 811 2664 τό
833 2598 872 2684 δὴ
894 2600 1014 2680 μεῖζον,
1035 2601 1239 2683 ἀνέγκλητον·

143 2699 267 2767 eattae
287 2700 347 2784 γὰρ
369 2700 496 2766 ἀδικίαν
517 2701 835 2787 κατενεκληθηπαρό
858 2723 940 2777 τινος
962 2706 1038 2785 παρ’
1060 2693 1152 2774 όλαις
1170 2705 1240 2777 ταῖς

198 2859 254 2932 τι.
274 2877 306 2933 ιε
326 2892 368 2930 om
390 2878 420 2932 ο.

145 3041 215 3111 lique
234 3045 339 3096 ratione
367 3044 444 3095 etiam
478 3059 511 3094 ex
532 3043 675 3111 equitibus.
719 3050 849 3113 congesta
871 3050 959 3095 autem
979 3049 1020 3094 est
1042 3042 1121 3094 etiam
1140 3042 1239 3108 praeda
1322 3094 1325 3098 A

147 3129 177 3165 ex
194 3114 300 3167 illorum
318 3115 515 3182 impedimentis
534 3123 560 3166 et
579 3116 667 3168 fratris
686 3115 817 3182 Bryennii
837 3131 929 3167 currus
948 3114 1049 3167 virides
1071 3120 1098 3165 et
1115 3114 1201 3182 signa

237 3203 364 3257 Reversis
382 3215 470 3258 autern
490 3206 563 3273 regis
588 3204 716 3257 militibus
736 3205 769 3256 ad
796 3184 855 3256 enm
875 3204 998 3272 gaudium
1018 3202 1147 3272 quoddam
1165 3202 1237 3253 hune

146 3276 235 3344 etqui
249 3278 320 3328 circa
339 3293 398 3328 eum
413 3286 496 3342 erant,
517 3279 598 3345 cepit.
635 3277 773 3343 Byzantiis
795 3285 882 3329 antem
899 3275 968 3328 nihil
988 3275 1082 3326 horum
1100 3272 1167 3326 utile
1186 3288 1236 3357 ap-

145 3347 261 3414 parebat,
288 3365 346 3400 eum
364 3351 438 3417 regis
465 3365 580 3418 pugnarn
604 3357 631 3401 et
648 3348 779 3416 Bryenuii
802 3355 966 3415 reputarent.
1005 3346 1149 3412 occupavit
1166 3346 1237 3397 euim
1327 3406 1331 3411 ⁵

146 3433 229 3468 omues
247 3433 374 3475 summum
393 3421 554 3472 desiderium
572 3422 678 3472 virtutis
697 3421 870 3484 Bataniatao,
899 3419 1111 3488 quandoquidem
1130 3431 1235 3485 eogno-

146 3483 247 3540 soebaut
275 3491 332 3539 eins
356 3505 441 3556 genus
466 3490 566 3542 clarum
591 3492 668 3541 etad
687 3491 788 3542 bellica
812 3493 955 3543 certamina
973 3489 1099 3555 illustre,
1123 3497 1149 3540 et
1167 3487 1236 3538 utile

147 3558 243 3610 civibus
265 3566 291 3608 et
308 3559 488 3641 coniunctum,
507 3569 587 3627 περιτο
606 3562 691 3626 ipsum
711 3562 824 3613 similem
843 3562 944 3613 habere
962 3563 1057 3630 generi
1075 3561 1235 3613 senteutiam

148 3637 172 3680 et
188 3628 365 3680 fortitudinem
386 3637 413 3680 et
430 3631 510 3680 animi
529 3645 618 3681 sanam
636 3629 834 3698 gloriationem.
859 3630 963 3687 nullum
982 3633 1051 3682 enim
1069 3631 1198 3683 bellum
1190 3645 1235 3680 m-

148 3716 205 3768 gens
229 3707 255 3751 et
273 3715 356 3767 grave
385 3700 501 3752 habehat
519 3715 578 3751 eum
603 3709 678 3754 extra
696 3701 825 3754 victorias
847 3699 940 3751 nullus
959 3708 1099 3784 apparatus
1117 3715 1234 3754 summo.

147 3787 197 3822 rum
223 3780 360 3837 expertem
380 3780 407 3824 et
425 3773 546 3836 inanem,
565 3773 612 3824 sed
637 3780 664 3823 et
688 3772 763 3824 ducis
781 3773 949 3839 magistratus
971 3781 998 3823 et
1015 3774 1089 3839 ipsos
1106 3772 1234 3824 maximos

147 3843 279 3910 prurientia
300 3851 326 3894 et
346 3843 501 3896 fortitudine
521 3850 547 3894 et
571 3845 669 3895 virtute
689 3845 803 3894 ornarit.
847 3851 926 3911 atque
945 3843 1007 3896 urbs
1027 3858 1086 3894 eum
1105 3841 1235 3910 diligebat

148 3922 247 3981 propter
265 3928 389 3967 summam
409 3915 576 3967 elementiam
594 3923 621 3967 et
641 3915 779 3966 lenitatem
799 3923 825 3966 et
842 3930 946 3966 manum
965 3916 993 3966 in
1010 3913 1091 3967 hellis
1112 3923 1138 3966 et
1156 3915 1233 3967 armis

149 3988 263 4038 invictam
283 3987 355 4038 etin
374 3988 450 4040 donis
468 3985 712 4054 incomparabilem,
731 3995 758 4038 et
775 3987 846 4054 quod
863 3983 956 4038 dexter
977 3995 1004 4038 et
1015 3995 1105 4054 gratus
1125 3987 1233 4039 etomni

149 4056 287 4110 humilitate
307 4066 334 4110 et
352 4059 477 4126 superbia
496 4067 553 4111 erat
573 4060 706 4126 superior,
727 4067 769 4123 et,
790 4059 860 4127 quod
877 4059 960 4111 maius
979 4066 1034 4122 est,
1051 4059 1165 4111 noudum
1183 4074 1232 4109 ac..

149 4138 256 4188 ansatus:
275 4131 391 4183 noudum
408 4133 478 4182 enim
490 4140 599 4199 propter
613 4131 769 4184 iniustitiam
786 4138 926 4183 aecusatus
944 4138 1003 4182 erat
1019 4147 1035 4182 a
1054 4145 1185 4199 quoquam
1204 4129 1232 4180 iu

149 4203 257 4262 omuibus
275 4205 331 4258 auis
350 4203 519 4264 actionibusz
545 4211 623 4274 atque
641 4205 719 4260 testis
737 4204 812 4271 ipsa,
832 4203 878 4274 qui
897 4202 948 4254 hoc
966 4203 1072 4270 serlbo,
1091 4217 1150 4261 sum
1168 4214 1231 4269 ago,
