3017 4892
273 341 330 414 ss
557 338 775 411 utentum
810 282 1075 419 emimontu
1169 309 1181 329 ‘

272 507 400 581 σθίντες
420 510 487 579 τοῖς
495 512 707 589 σπαραγμοῖς
721 507 786 569 τῶν
806 503 918 585 τειχεόν
936 504 980 577 τίς
1001 500 1107 586 φυγὴν
1127 492 1294 583 ὅρμησαν.
1323 496 1393 565 καί

270 604 474 690 reinstetin
503 605 626 671 curiana
659 607 848 688 προαίρεσιν
869 604 899 668 ci
922 606 1066 683 πολέμιαι
1097 600 1195 683 όμόσε
1215 609 1286 678 ταῖς
1311 599 1390 667 πό-

270 690 620 791 maeotidumque
643 711 750 794 πολλῷ
771 708 827 771 καί
847 708 907 793 βοῇ
933 702 1150 788 διαθήσοντι,
1173 705 1230 767 καί
1251 701 1386 777 ταύτας

200 875 202 878 ,
269 808 324 873 καί
353 808 436 893 μίρη
468 813 528 873 τοῦ
557 813 685 889 τείχοας
702 809 890 881 διττθετικεός
924 808 1197 889 καταστρέψαντος
1225 800 1386 887 αἱροῦσιν

231 991 233 994 ι
270 905 332 973 sisci
358 908 474 993 κρότος
487 906 544 993 τὴν
564 909 677 990 πόλιν,
698 911 752 973 καί
770 912 889 991 γίνεται
913 906 1010 993 φόνος
1037 909 1100 972 τῶν
1129 902 1218 971 ἔνδον
1240 902 1413 988 &podir-5

268 1033 331 1085 τας.
374 1002 447 1075 τότε
465 1006 527 1094 peip
549 1008 674 1091 ἡλικία-ς
703 1002 777 1075 οὔτε
800 1007 928 1096 eiicere<
955 1001 1026 1073 αὕθ’
1046 1004 1198 1089 αἱρέσεως
1219 1003 1306 1081 ἔλεος
1325 996 1382 1093 ἦν,

270 1109 352 1177 dirici
380 1111 496 1185 πάντες
529 1111 646 1195 ἡβηδόν
677 1111 868 1199 ἀνῃροῦντο,
901 1112 956 1175 καί
987 1107 1132 1189 ποταμός
1161 1110 1292 1188 αἳματος
1314 1105 1380 1194 τὴν

269 1210 399 1298 είιιτρόν
419 1210 537 1295 scitne
567 1214 624 1285 καί
654 1210 806 1297 δύστηνον
832 1212 1008 1277 κατεδίαινε
1040 1209 1139 1274 πόλιν.
1190 1206 1380 1293 περιεσώθη

270 1317 308 1381 δὲ
325 1315 386 1380 ccv·
409 1316 579 1398 κρατίστου
604 1304 726 1397 ταύτης
737 1308 1020 1397 πολλοστημόριον,
1042 1308 1105 1379 σόν
1126 1317 1190 1386 τοῖς
1211 1312 1378 1386 κακίστοις

269 1410 489 1502 wamia
509 1411 570 1497 ssia
591 1411 766 1500 ἀκρόπολιν
788 1413 887 1479 α’νιόν.
932 1416 995 1479 τῶν
1016 1414 1045 1477 δ’
1066 1415 1100 1479 ἒν
1122 1410 1426 1495 passimoni-10

267 1501 425 1587 νωνόσοι
447 1514 528 1581 κατό
547 1539 619 1580 τινα
639 1519 858 1601 χρηστοτέραν
883 1514 1077 1599 σνγκόρησιο
1105 1514 1162 1579 τόν
1185 1515 1220 1579 ἐκ
1240 1518 1296 1579 τοῦ
1317 1538 1376 1579 σι-

239 1620 243 1625 ’
267 1615 368 1706 diique
399 1620 553 1705 uiuiparos
582 1608 739 1700 όλεθρον,
772 1616 978 1704 αἰχμαλωσίᾳ
1008 1618 1105 1703 πικρᾷ
1133 1614 1373 1701 παρεδόθησαν.

268 1718 350 1787 dud
374 1720 431 1787 καί
452 1716 482 1783 oi
503 1722 558 1803 τῆς
586 1716 788 1803 ἀκροπόλεως
822 1722 896 1803 γιητ’
930 1716 1132 1799 ὲτιισιτισ-μόν
1158 1714 1296 1801 ἔχοντες,
1315 1720 1374 1782 καί

267 1818 444 1910 ejsudem
475 1824 541 1889 τεόν
569 1819 749 1903 ἀναγκαίων
785 1818 994 1903 προεχόμενοι,
1029 1817 1211 1910 ὁμολογίαις
1239 1812 1371 1905 ὕστερον

266 1920 477 2002 δασσωόνδοις
496 1924 552 1987 καί
563 1920 662 2006 μόνης
675 1924 733 2005 τῆς
753 1924 836 2003 ζωῆς
857 1918 1008 2003 ἐχούσαις
1028 1920 1084 2005 τὴν
1106 1918 1216 2006 ἔφεσιν
1235 1924 1288 1987 καί
1306 1923 1370 1985 aaa
1379 1924 1418 1975 15

266 2026 316 2087 τοί
336 2024 586 2105 παραδεδώκασι
606 2021 642 2087 τὸ
657 2021 886 2106 κρησφύγετον,
909 2025 964 2087 καί
982 2024 1106 2105 γέγονεν
1125 2015 1188 2085 int
1209 2024 1370 2103 πολεμίοις

266 2120 400 2206 τοιαύτη
421 2123 512 2199 πόλις
530 2122 610 2204 μετὰ
632 2125 694 2188 τῶν
712 2123 886 2204 πολιχνίων
906 2126 961 2189 καί
983 2124 1047 2187 τῶν
1069 2122 1239 2208 ὑπαίθρων
1260 2118 1368 2189 adedo
1457 2163 1460 2165 -

267 2226 310 2289 δι’
331 2224 507 2308 ἀπληστίαν
532 2226 588 2290 καί
614 2220 789 2307 χρημάτων
822 2217 954 2308 ἄκαιρον
982 2224 1148 2310 peinais,
1177 2222 1223 2307 wi
1247 2223 1369 2301 εἰδότος

265 2328 324 2392 resi
342 2322 567 2408 βασιλεύοντος
589 2318 639 2389 ὅτι
661 2321 813 2402 πολλάκις
834 2328 893 2406 μὲν
915 2319 1016 2409 ὤνησε
1036 2326 1092 2391 καί
1111 2324 1277 2413 διαφόρως
1298 2316 1367 2410 do

265 2430 361 2503 θονας
387 2429 471 2511 χείρ,
499 2428 534 2491 δν
562 2428 599 2492 δὲ
627 2434 693 2501 τοῖς
728 2427 909 2509 ἀναγκαίαις
934 2426 987 2492 διδ
1018 2428 1144 2509 παντός,
1169 2424 1309 2511 ὀλιγάκις
1331 2428 1414 2493 δὲθθ

265 2524 326 2591 κόν
342 2528 390 2613 μὴ
417 2538 483 2602 τοῖς
501 2529 686 2611 α’ναγκαίοις
706 2530 913 2611 κατέβλαψε,
951 2531 1007 2593 καί
1037 2527 1081 2604 τός
1114 2520 1366 2609 advertimus

226 2648 232 2657 ·
266 2630 330 2701 τεόν
349 2627 522 2715 maim
538 2631 656 2713 χρῆσιν
684 2622 753 2712 ἅμα
776 2631 1040 2716 παραπεμφαίνει
1061 2631 1116 2709 καί
1135 2628 1363 2716 χρησιμότιγτα.

368 2732 440 2797 Κατ’
466 2728 506 2796 τό
526 2732 587 2814 μὲν
609 2729 693 2799 κατὰ
717 2728 777 2815 τὴν
798 2730 908 2800 Ἀσίαν
943 2734 1054 2800 τοῦτον
1084 2724 1152 2816 εἶχε
1173 2728 1228 2797 τόν
1249 2728 1366 2815 τρόπον

337 2919 364 2973 2.
382 2918 483 2976 πόλισι
501 2917 532 2973 0.
655 2920 699 2974 20.
719 2920 883 2993 daupeinins
900 2919 931 2975 0.

266 3090 344 3148 sitnm
362 3092 465 3160 hostes,
484 3102 559 3147 recta
577 3109 626 3162 per
644 3101 734 3161 portas
753 3094 837 3147 multo
863 3111 922 3148 curn
941 3094 1058 3148 clamore
1084 3104 1111 3149 et
1127 3093 1241 3149 tumultu
1259 3092 1363 3167 irrupe-¹

265 3172 328 3219 runt
346 3172 373 3217 et
389 3164 458 3218 hune
479 3174 506 3218 et
523 3175 613 3234 partes
630 3168 697 3217 muri
711 3174 831 3233 prompta
853 3168 1007 3219 incursione
1023 3170 1190 3221 destruentes
1214 3172 1319 3237 capiunt
1336 3170 1363 3221 vi

266 3237 358 3288 urbem
377 3246 404 3288 et
423 3238 507 3288 oritur
525 3238 621 3289 caedes
647 3242 755 3302 eorumj
781 3240 825 3306 qui
844 3240 914 3291 intus
944 3249 1027 3306 erant,
1053 3243 1167 3309 ingens:
1188 3242 1363 3309 nequeenim

266 3308 361 3359 aetatis
379 3322 468 3375 neque
480 3317 590 3360 naturae
600 3324 689 3377 neque
699 3309 907 3362 benevolentiae
920 3314 1102 3365 misericordia
1123 3322 1187 3378 erat,
1208 3314 1255 3365 sed
1274 3329 1362 3365 omnes

266 3378 390 3447 vigentes
409 3379 637 3432 interficiebantur
656 3388 683 3431 et
701 3379 797 3432 flumen
817 3384 953 3450 sanguinis
965 3386 1139 3437 miserandam
1159 3385 1226 3436 hanc
1247 3392 1273 3435 et
1291 3382 1362 3435 inie-

266 3449 346 3500 iicem
378 3450 505 3517 irrigavit
528 3450 627 3502 urbem.
677 3452 782 3521 aufugit
805 3464 893 3505 autem
926 3455 1128 3509 fortissimorum
1153 3456 1232 3508 huius
1257 3456 1362 3507 minima

265 3536 399 3588 perseum
417 3523 540 3588 pessimis
559 3522 670 3576 ducibus
695 3527 723 3575 in
748 3541 837 3577 arcem
856 3528 1021 3580 ascendens:
1048 3536 1184 3594 captorum
1203 3536 1298 3591 autem,
1318 3528 1362 3594 qui

264 3588 390 3645 feliciore
409 3609 472 3646 casu
494 3594 557 3647 ierri
576 3603 687 3647 mortem
707 3596 865 3665 effugerent,
886 3601 1035 3666 captivitati
1054 3600 1166 3651 acerbae
1185 3600 1274 3651 traditi
1292 3606 1360 3663 sunt,

263 3665 311 3720 sed
330 3667 408 3717 etiarn
428 3666 473 3734 qui
491 3668 519 3718 in
538 3682 600 3718 arce
620 3677 703 3732 erant,
722 3666 812 3737 neque
826 3680 999 3722 commeatum
1015 3671 1145 3723 habentes
1160 3680 1187 3722 et
1203 3672 1294 3738 inopia
1312 3685 1361 3720 ne.

264 3739 441 3789 cessariorum
470 3739 586 3791 coniecti
610 3738 779 3806 pactionibus
805 3751 899 3809 postea
927 3759 975 3809 per
999 3743 1118 3795 inducias
1138 3742 1216 3794 sactis
1236 3750 1262 3792 et
1280 3741 1361 3794 soiius

263 3808 337 3860 vitae
356 3806 514 3873 habentibus
540 3814 741 3865 concessionem
768 3823 794 3865 et
819 3814 871 3879 ipsi
896 3813 1059 3866 tradiderunt
1084 3814 1252 3883 coniugium·
1268 3823 1294 3865 et
1313 3812 1362 3864 fuit

264 3876 313 3929 suh
331 3878 452 3933 hostibus
471 3883 539 3934 haee
557 3883 619 3935 urbs
639 3900 697 3935 curn
717 3886 821 3951 oppidis
842 3893 868 3935 et
886 3886 985 3951 campis
1011 3886 1076 3953 ipsis
1096 3894 1205 3954 propter
1223 3882 1361 3937 insatiabi-

263 3947 365 4000 litatem
384 3959 411 4003 οι
429 3953 581 4005 divitiarum
599 3956 812 4023 intempestivam
833 3956 993 4020 custodiam,
1013 3958 1153 4009 nesciente
1171 3973 1246 4025 rege,
1266 3971 1361 4022 saepe.

264 4033 375 4073 numero
394 4023 528 4089 profuisse
547 4032 574 4075 et
591 4028 750 4094 tempestive
779 4025 920 4093 benignam
947 4043 1066 4093 manum,
1086 4032 1114 4080 in
1132 4030 1295 4081 necessitate
1314 4042 1361 4079 au.

263 4099 318 4143 tem
336 4093 455 4157 omniuo,
473 4110 533 4145 raro
552 4106 640 4148 autem
659 4099 738 4148 etiam
757 4098 780 4149 si
805 4110 859 4147 non
885 4111 951 4164 opus
971 4108 1043 4151 esset
1060 4102 1202 4165 nocuisse,
1223 4108 1250 4150 et
1267 4112 1362 4150 nomen

264 4163 351 4233 ipsum
369 4180 458 4216 rerum
476 4165 581 4218 utilium
600 4168 782 4237 (divitiarum)
802 4184 877 4221 usum
896 4169 975 4222 simul
995 4172 1147 4241 significare
1167 4180 1194 4223 et
1212 4171 1360 4223 utilitatem.

361 4248 657 4328 decorassemus
675 4257 729 4309 hoc
746 4258 824 4313 modo
844 4272 874 4311 se
892 4258 1025 4314 habebant
1044 4262 1122 4315 etad
1140 4269 1238 4315 tantum
1257 4262 1365 4329 destrue
