3017 4892
271 277 320 350 28
566 283 785 365 rotcausus
813 283 1076 354 d'l'dALlonll

270 447 465 528 sculpturata,
489 440 536 513 ύτι
556 450 615 511 τού
642 447 755 530 καιροῦ
778 446 922 540 διδόντος
949 444 981 512 τύ
1004 445 1160 533 πρότερον
1187 442 1397 531 aalma.

271 570 327 668 ρον
344 545 447 624 αύτύς
467 549 521 633 τήν
541 549 726 636 φιλοτιμίαν
749 549 892 628 ἐδίξατο,
931 550 987 614 καί
1007 544 1076 616 τότε
1090 546 1201 616 λοιπδν
1220 551 1265 626 εἰς
1286 549 1396 638 ἔργον

271 645 398 730 ύλύγος
419 644 630 736 ἐκβέβηκεν,“’
613 675 661 715 οτι
683 653 726 736 τῷ
746 648 960 734 Ἐπιμηθεῖ
932 674 964 715 το
982 654 1042 732 μὲν
1059 655 1166 731 μέλειν
1188 653 1246 715 cdx
1266 643 1317 736 η’ν,
1342 654 1390 718 τὸ

266 750 307 814 δέ
327 747 549 846 μεταμέλειν’
536 753 617 835 ενήν.
641 749 775 827 πολλοὺς
805 753 871 814 d'’
856 750 1116 838 εμπεριπατήσας
1137 751 1290 829 διαύλους
1312 751 1386 838 πρὸ

271 853 333 914 τοῖν
354 854 485 933 τειχῶν,
514 845 583 917 εἶτα
615 849 689 927 τούς
710 847 889 926 ἑαλωκότας
920 849 1112 938 προαγαγών
1137 876 1193 915 κοι
1187 853 1384 936 διαχειρῖ.
1396 864 1415 915 5

270 954 394 1018 οασθοι
425 949 554 1029 τούτους
581 951 849 1033 ἐπαπειλούμενος
879 953 911 1016 εἰ
934 951 978 1037 μή
999 950 1056 1036 τήν
1087 949 1211 1031 είοοδον
1232 954 1323 1040 αύτῷ
1347 952 1386 1018 οἱ

236 1079 241 1090 ’
270 1047 359 1126 ἐντδς
388 1054 613 1138 διατρίβοιεν,
633 1051 677 1128 τδς
699 1049 779 1136 ἐγνον
799 1050 902 1137 μάτην
922 1050 957 1117 ad
989 1056 1046 1118 τού
1071 1054 1163 1136 λόγου
1184 1057 1386 1137 θυροκοπόν

271 1151 327 1216 καί
346 1153 425 1236 πρὸς
450 1157 582 1240 Κρήτας
603 1157 775 1241 κρητίζων,
795 1154 1032 1239 σ’πισθύρμητος
1053 1156 1168 1239 γέγονε.

374 1259 445 1320 Καί
473 1280 562 1332 τινας
597 1255 717 1341 ήμέρας
751 1259 785 1320 ἐν
815 1255 1016 1338 Θερμοπύλαι
1049 1254 1382 1343 ἐπιστρατευσάμενος

240 1438 249 1447 ⁸
272 1349 405 1439 ἐτέρας,
434 1355 614 1440 ἀρξαμένου
635 1358 694 1420 τού
715 1352 858 1441 πλήθους
881 1357 981 1421 ου’τού
1001 1356 1151 1442 δπορρεῖν
1172 1361 1228 1423 κατ’
1250 1361 1293 1446 τῷ
1309 1363 1428 1439 βυτ-10

270 1461 357 1520 τελεῖ
374 1461 559 1542 προσιέναι,
588 1451 669 1541 ύρος
698 1460 821 1522 ἐκεῖθεν
843 1456 955 1533 νυκτὸς
985 1455 1062 1544 πρὸς
1079 1451 1217 1541 ἑσπέραν
1237 1459 1381 1546 ἐβάδιζε,
1451 1497 1459 1502 -

219 1613 220 1621 ,
269 1550 333 1622 καί
346 1583 425 1623 κατα
451 1561 506 1640 τής
523 1557 710 1623 Ῥαιδεστου
731 1555 838 1641 (πόλις
860 1553 952 1621 δὲ’
916 1551 994 1675 κύτη
1017 1555 1182 1642 παράλιος,
1204 1583 1259 1642 της
1269 1565 1380 1642 Προι

200 1742 204 1750 l
269 1655 420 1743 κοννήσου
445 1661 612 1747 α’τιένοντι)
636 1661 833 1748 πανστρατιᾷ
866 1655 1068 1744 ἐξυρμήσατο
1089 1657 1185 1780 1(μόνη
1206 1657 1267 1745 γὰρ
1293 1657 1379 1746 αύτη

269 1761 333 1824 τιύν
356 1762 586 1826 Μακεδονικῶν
615 1763 653 1824 ου’
680 1752 878 1845 συναπήχθη
905 1756 1007 1866 τούτῳ
1039 1761 1096 1824 καί
1128 1761 1376 1848 συνεφρόνησε),

269 1861 415 1926 σπεύδων
434 1886 511 1927 κατα
536 1885 649 1946 κροτος
680 1859 764 1928 ἑλεῖν
793 1860 850 1947 τήν
883 1850 986 1957 πύλιν
1003 1887 1057 1926 και
1052 1860 1123 1926 δι’
1154 1861 1253 1989 αύτής
1274 1887 1377 1930 κατα·
1389 1873 1421 1926 15

179 1959 184 1966 ’
269 1964 381 2044 πλῆξαι
412 1959 487 2036 τούς
517 1961 767 2048 ἀντιβαίνοντος.
818 1987 1008 2048 προσραγεις
1035 1966 1070 2029 δὲ
1092 1970 1157 2040 τοῖς
1179 1963 1300 2047 τείχεσι
1320 1991 1377 2032 και

266 2061 415 2145 μηχανὰς
436 2061 608 2149 ἐπιστήσας
629 2067 748 2152 ου’τοῖς,
773 2067 835 2130 τῶν
864 2061 954 2131 ἔνδον
971 2063 1142 2150 εὐρώστως
1162 2064 1375 2149 ἐντανοονιζο.

268 2157 414 2244 ptrue*
376 2188 550 2250 οπρακτος
573 2163 750 2252 α’πηλλαμη,
772 2168 873 2252 μηδὲν
901 2157 1173 2251 κατονρθοοκυς
1144 2190 1247 2251 ιονπερ
1262 2170 1376 2232 διενο-

269 2266 401 2354 η’σσιο.
427 2261 499 2344 ἐξ’
483 2268 603 2332 εκτίνου
625 2266 732 2333 τοίνυν
752 2293 810 2354 την
828 2267 1071 2358 παρεμβολήν’
1055 2292 1090 2334 εν
1113 2275 1180 2343 τοῖς
1199 2273 1374 2393 μεσοηείοις

267 2371 463 2452 προθέμενος
496 2367 681 2448 ἐκαραδόκει
703 2367 752 2434 τύ
763 2375 889 2453 μέλλον.
942 2363 1079 2454 ήρξαντο
1100 2372 1136 2434 δὲ
1156 2395 1206 2435 και
1226 2366 1291 2434 α’πύ
1312 2373 1417 2437 educo

268 2471 324 2551 τῆς
344 2463 427 2544 ὲιύας
455 2469 564 2534 πολλοὶ
598 2468 678 2554 πρὸς
701 2470 760 2555 τήν
783 2471 1019 2554 βασιλεύουσαν
1040 2473 1200 2556 ἐπιρρεῖν,
1226 2475 1373 2562 πανταχῇ

269 2566 477 2653 γραμμάτων)
498 2571 773 2656 ἐπιφοιτήσαντοτν
794 2573 984 2653 βασιλικῶν·
1036 2577 1092 2638 καί
1112 2570 1272 2656 προϊόντες
1292 2578 1372 2650 τινὲς

270 2665 452 2746 ἆποοιιύδις
486 2668 649 2758 ἐξήπτοντο
682 2678 744 2772 τοῖν
766 2677 973 2757 πεμπομένων
994 2673 1055 2759 πρὸ
1085 2679 1139 2759 τῆς
1160 2677 1371 2760 παρεμβολῆς,

269 2996 344 3066 quod
373 3010 432 3050 cam
451 2996 609 3054 occasioei
627 2995 797 3063 praebuisset
824 2995 980 3060 victoriam,
1008 2993 1118 3049 mollius
1149 2997 1209 3064 ipse
1238 3003 1369 3048 certamen

270 3077 420 3122 tractasset.
459 3077 539 3137 atque
555 3076 610 3119 tum
630 3077 729 3120 eventa
748 3069 886 3134 probatum
907 3077 948 3121 est
971 3068 1153 3135 proverbium,
1173 3068 1245 3136 quod
1263 3068 1370 3134 Epime-

270 3141 334 3194 tlseo
344 3157 433 3193 curam
449 3156 502 3193 non
514 3149 657 3206 suppetere
671 3143 717 3203 ait,
731 3150 874 3207 suppetere
884 3141 1086 3208 poeniteutiam
1105 3139 1202 3191 multas
1214 3147 1302 3190 autem
1314 3155 1370 3189 eum

226 3213 447 3296 percurrisset
466 3215 522 3263 vias
543 3221 604 3262 aute
623 3227 727 3276 muros,
748 3213 844 3264 deiude
863 3221 955 3279 captos
967 3213 1138 3296 produxisset
1155 3220 1183 3262 et
1202 3227 1232 3263 sc
1248 3211 1370 3265 trucidari

272 3284 347 3334 hos'
340 3299 472 3336 iussurum
490 3284 624 3334 minitatus
645 3292 734 3348 esset,
764 3285 816 3335 uisi
834 3285 931 3336 aditum
951 3286 976 3334 ei
1001 3285 1046 3350 qui
1064 3285 1136 3336 intus
1156 3291 1231 3334 erant
1248 3282 1369 3334 tradidis-

271 3363 340 3419 seut,
359 3363 498 3422 postquam
519 3357 648 3423 cognovit
666 3355 764 3409 lrustra
782 3356 853 3407 dieta
872 3372 932 3409 esse
950 3353 1043 3421 serbe,
1063 3363 1152 3422 portas
1170 3348 1280 3421 pulsans
1300 3361 1326 3405 et
1343 3361 1371 3404 ut

271 3427 303 3478 ed
324 3427 465 3480 Cretenses
485 3427 560 3495 quasi
580 3425 716 3480 Cretensis
734 3429 860 3479 mentitus
878 3429 966 3480 rediit.

370 3497 404 3549 Et
427 3497 571 3548 nonnullos
598 3499 656 3551 dies
682 3498 876 3566 Thermopylae
909 3508 1047 3567 postquam
1074 3505 1162 3549 eastra
1186 3499 1277 3565 posuit
1293 3495 1368 3558 alios,

219 3608 224 3617 .
270 3570 484 3636 eam·ooepisset
508 3569 648 3620 multitudo
674 3571 699 3620 ei
718 3570 837 3622 defluere
867 3579 894 3622 et
921 3572 953 3623 ad
978 3585 1070 3638 regem
1094 3570 1150 3634 ire,
1177 3569 1294 3622 surrexit
1311 3568 1370 3619 inde

269 3649 352 3694 noctu
373 3640 449 3691 etad
469 3641 633 3692 occidentem
661 3643 717 3694 ibat
742 3651 770 3694 et
787 3652 880 3695 eontra
898 3643 1050 3694 Raidestum
1076 3641 1154 3710 (urbs
1172 3649 1214 3691 est
1231 3640 1298 3690 haee
1314 3654 1368 3690 usa-

271 3715 359 3767 ritima
378 3712 576 3764 Proconnesum
601 3718 711 3786 versus)
738 3731 797 3767 cam
821 3724 879 3767 toto
894 3715 1014 3766 exercitu
1033 3721 1127 3764 vectus
1150 3720 1206 3776 est3
1217 3710 1282 3776 sola
1303 3712 1368 3762 euim

272 3785 339 3836 lraec
357 3784 420 3835 urbs
441 3785 669 3837 Macedonicarum
693 3798 748 3838 aon
776 3788 904 3840 subducta
930 3784 1125 3848 arctandos,
1154 3793 1181 3835 et
1198 3782 1369 3834 meditabatur

271 3857 381 3909 studens
402 3857 430 3906 vi
450 3869 583 3923 occupare
601 3859 692 3911 urbem
720 3867 747 3909 et
771 3875 820 3926 per
845 3874 903 3909 eam
927 3866 1057 3910 terrorem
1077 3857 1191 3907 iniicere
1209 3855 1368 3923 aggredian.
1420 3897 1424 3903 ,

270 3926 350 3979 tibus.
389 3942 533 3995 aggressus
560 3938 646 3982 autem
675 3931 783 3982 moenia
811 3939 838 3980 et
859 3929 989 3981 machinis
1014 3929 1145 3994 oppositis
1168 3928 1218 3990 iis,
1249 3940 1309 3976 cum
1327 3926 1369 3992 qui

270 4001 340 4050 intus
361 4007 437 4050 esunt
455 3998 546 4051 valide
564 4002 730 4064 resisterent,
752 4000 860 4052 infectis
877 3998 958 4052 rebus
977 3999 1060 4060 abiit,
1079 4007 1219 4066 postquam
1239 3995 1307 4048 nilril
1326 4011 1369 4047 re.

270 4071 388 4136 portavit
406 4084 506 4134 eorum,
527 4086 595 4138 quae
614 4074 753 4124 meditatus
772 4079 838 4122 erat.
877 4086 911 4122 ex
931 4086 963 4121 eo
981 4072 1064 4138 igitur
1081 4078 1203 4136 tempore
1222 4070 1326 4130 castris,
1343 4069 1368 4119 ia

270 4142 471 4194 mediterraneis
491 4144 585 4208 positis
606 4143 777 4210 exspectabat
802 4142 927 4193 laturum.
966 4148 1111 4209 coeperant
1136 4150 1223 4192 autem
1243 4141 1321 4190 etiam
1338 4153 1369 4190 ex

270 4213 375 4269 oriente
393 4213 469 4266 multi
481 4215 519 4280 ,ad
539 4215 681 4286 capitalem
699 4214 812 4267 affluere
837 4214 937 4284 ubique
965 4214 1051 4268 literis
1070 4212 1216 4284 divulgatis
1234 4212 1326 4282 regiis,
1345 4217 1369 4262 et
