3017 4892
146 400 150 402 Α
248 354 320 429 tot
544 359 765 454 menaeus
794 357 1052 427 lmlnrounn

242 531 325 616 μετὰ
346 536 404 597 τοῦ
434 528 583 609 συνόντος
604 534 705 597 crisos?
728 532 883 617 προγονοό
907 536 965 595 τοῦ
986 535 1199 616 Ἀνδρονίκου,
1223 529 1259 605 ὃν
1281 538 1354 607 αρ’.

244 658 298 709 τος
318 639 453 717 βασιλέα
474 633 703 719 χειροτονήσας
722 634 765 709 οἷς
787 635 939 717 ἐνέχυρον
970 627 990 715 ῆ
1010 636 1232 721 συστράτηγον·
1249 632 1353 721 εἶχεν,

244 728 266 818 ῆ
285 734 382 800 τόπον
403 735 652 821 α’ντισηκιόσοντα
673 734 798 818 τούτου,
832 731 866 797 εἴ
884 762 926 823 πη
948 730 1098 809 πολλάκις
1121 735 1272 822 παρήκων
1293 744 1356 805 καί

230 830 371 921 ,όπλίτης
390 833 608 919 ἐπιτιθέμενος
635 845 701 911 τοῖς
720 838 849 919 ἐχθροῖς
872 836 999 918 καιρίαν
1033 834 1075 911 σός
1098 830 1268 921 ἅνθρωπος
1291 844 1353 905 δέ-

242 944 336 1019 ξοιτο.
382 936 480 1015 αότός
500 942 536 1003 δὲ
549 938 628 1018 μετὰ
646 934 749 1022 πόσης
769 940 824 1020 τῆς
842 940 941 1001 ἵππου
957 940 1147 1003 ιιατιδίωκεν
1168 938 1267 1005 όπίσω
1283 947 1376 1013 τῶνὸ

243 1043 401 1109 ἐναντίων.
445 1042 500 1105 καί
522 1038 574 1104 διὰ
597 1044 721 1104 πολλαῖν
743 1039 951 1123 ὑψηλοτάτων
972 1042 1095 1119 dovotio
1117 1043 1255 1123 τῶντῆς
1282 1048 1349 1107 Τε-

229 1142 360 1228 ’φρικῆς
384 1142 609 1225 διερχόμενος,
641 1140 696 1204 καί
724 1150 790 1215 τοῖς
818 1142 950 1223 ἐχθροῖς
978 1142 1163 1223 ἐπιτεθῆναι
1195 1141 1276 1205 sarai
1308 1146 1347 1208 τὸ

244 1238 411 1325 ἕχκοόρσιον
447 1240 653 1325 ι’πτιγόμτνος,
674 1238 758 1307 οότω
793 1240 848 1307 τόν
870 1238 1010 1323 στρατόν.
1034 1240 1267 1325 κατειργάσατο
1289 1244 1348 1327 τός,

245 1345 346 1407 καίτοι
369 1345 432 1406 τῶν
453 1340 581 1426 ἐχθρῶν
601 1342 730 1427 ἔγγιστα
749 1337 971 1424 τυγχανόντων
1000 1344 1056 1403 καί
1075 1344 1259 1408 erassem»
1282 1346 1350 1409 uri-

244 1448 330 1523 τοῖς,
352 1440 395 1527 μῆ
430 1442 591 1509 δόνασθαι
619 1452 686 1518 τοῖς
707 1447 782 1528 περὶ
802 1438 897 1507 αὐτόν
929 1444 1177 1526 ταχυιλρομῆσαι
1200 1444 1251 1509 διό
1280 1450 1348 1511 τοῖν
1359 1472 1396 1523 10

244 1546 347 1609 ἳππων
365 1530 429 1631 {aad
458 1544 584 1630 μνήμης
615 1539 702 1623 ἄξιον
736 1541 929 1627 κατόρθωμα
961 1542 1211 1623 διαπράξασθαι.
1257 1539 1349 1627 ὅμως

242 1649 350 1726 μέντοι
371 1648 413 1733 τῷ
433 1646 577 1734 α’δοκήτηι
598 1643 857 1730 τοῦπράγματος
873 1646 1147 1708 καταστισθὲντων
1167 1646 1230 1711 τοῖν
1251 1648 1347 1711 ἑνου-

240 1750 331 1829 reba,
368 1748 424 1812 καί
445 1749 484 1834 τῆ
506 1746 597 1837 φήμη
631 1751 684 1831 τῆς
706 1749 761 1812 τοῦ
796 1748 952 1827 βασιλέως
983 1744 1169 1819 ἐπιστασίας
1202 1748 1347 1830 ἰσχυρῶς

241 1842 524 1936 όπιναρκησόντων,
539 1847 637 1923 πολός
654 1849 714 1930 μὲν
727 1843 823 1931 φόνος
845 1841 962 1909 τούτων
983 1846 1104 1926 ἐγένετο
1120 1846 1238 1910 αὐτίκα
1259 1851 1348 1911 νιότα
1370 1874 1373 1881 ·

242 1948 427 2015 δεδωκότων
457 1951 512 2015 καί
537 1948 617 2034 πρός
639 1946 742 2035 φυγῆν
776 1942 990 2031 ὁρμησάντων.
1035 1937 1105 2009 ὅσοι
1126 1947 1161 2010 δὲ
1183 1950 1239 2010 καί
1261 1950 1389 2031 ζωήν-15

242 2048 315 2137 ριίρ
346 2044 512 2131 ἑάλωσαν,
542 2051 637 2115 ου’ὃὲν
665 2048 831 2112 α’πσόναντο
859 2048 916 2129 τῆς
937 2044 1036 2121 edlu}
1070 2048 1160 2131 ζωῆς,
1179 2046 1347 2130 μαχαίρας

203 2225 206 2230 1
240 2147 332 2231 ἔργον
350 2149 519 2231 γενόμενοι.
576 2150 596 2235 ῆ
627 2153 737 2232 μέντοι
771 2150 838 2213 λεία
862 2152 967 2227 πόσα,
1000 2147 1061 2238 α’πό
1087 2142 1260 2229 ἄνθραόπου
1284 2149 1347 2221 ἓως

241 2250 380 2335 κτήνους,
401 2254 658 2334 όλιυθερωθεῖσα
680 2250 889 2334 τὸνβασιλέα
910 2247 964 2313 καί
986 2245 1110 2335 γλσόσση
1125 2250 1180 2311 καί
1197 2247 1346 2327 θαόματι

244 2351 462 2436 ἐπευφήμησε.
512 2354 567 2416 καί
600 2352 662 2435 γὰρ
698 2348 888 2433 θαυμαστόν
925 2352 968 2435 τῷ
986 2340 1072 2417 ,όντι
1102 2352 1156 2413 καί
1185 2344 1348 2429 ἀξιόλογον

242 2453 376 2535 μέμονεν,
410 2454 462 2516 ἵνα
480 2450 639 2534 βασιλικός
662 2452 829 2534 Ῥωμαίων
860 2451 1006 2533 ἀκρατῶς
1036 2448 1133 2535 διώκη
1160 2452 1258 2533 χωρίς
1288 2452 1393 2532 τῆςρρ

243 2550 361 2628 οἰκείας
376 2554 572 2637 ἀποσκευῆς,
592 2553 671 2637 μετὰ
692 2552 867 2635 μόνου-τοῦ
891 2554 974 2641 ἰδίου
998 2552 1172 2627 ὁπλιτικοῦ,
1197 2548 1251 2615 dur*
1268 2542 1344 2625 ὅλας

197 2740 200 2756 Ι
243 2649 364 2738 ῆμέρας
382 2651 475 2738 σ’κτοό,
497 2654 551 2720 διό
572 2654 675 2723 τόπων
697 2656 825 2739 ἀδήλων
838 2676 872 2718 τε
893 2657 950 2719 καί
962 2653 1102 2737 aeaeae,
1120 2650 1177 2717 καί
1188 2649 1233 2737 μῆ
1258 2652 1344 2715 oino-

242 2749 582 2844 νπωνυοῆς.
710 2846 714 2849 ,
1038 2754 1041 2759 ·

1384 2247 1389 2278 l

276 2942 460 3018 aneas
553 2935 556 2940 “

244 3151 305 3189 cum
326 3136 383 3189 eius
401 3136 544 3205 privigno,
564 3138 609 3205 qui
630 3136 739 3200 ederat,
757 3134 928 3200 Andronico,
956 3148 1034 3202 quem
1053 3132 1158 3201 quidem
1174 3132 1234 3200 ipse
1251 3136 1368 3201 regem‘

244 3223 337 3260 creans
355 3215 386 3259 ot
405 3210 502 3277 pignos
528 3217 575 3260 aut
602 3208 707 3275 imperii
733 3208 834 3260 socium
861 3206 976 3259 habebat
1002 3214 1048 3258 aut
1066 3212 1237 3273 aequaturum
1256 3204 1345 3255 locum

244 3279 323 3330 huius
349 3281 372 3329 si
399 3294 452 3347 que
479 3294 560 3346 saepe
584 3279 716 3331 accedens
736 3286 763 3329 et
782 3295 840 3330 cunr
858 3280 934 3347 gravi
954 3286 1085 3331 armatura
1103 3277 1204 3329 instans
1223 3275 1345 3328 hostibus

246 3348 342 3401 vulnus
368 3348 504 3401 letiferum
521 3357 550 3401 ut
575 3350 655 3401 homo
683 3352 829 3417 acciperet.
877 3352 935 3417 ipse
963 3357 1050 3401 autem
1070 3364 1128 3402 oum
1149 3355 1205 3400 toto
1226 3348 1346 3415 equitatu

214 3418 226 3512 ή
244 3419 457 3488 persequebatur
476 3420 568 3472 hostes
589 3430 615 3472 et
633 3436 682 3489 per
703 3422 801 3475 multos
823 3421 966 3475 altissimos
985 3421 1070 3474 colles
1089 3428 1178 3471 terrae
1198 3419 1346 3486 Tephricae

244 3493 407 3559 perveniens
434 3500 461 3543 et
486 3491 606 3544 hostibus
632 3494 732 3544 instare
764 3510 796 3545 ex
825 3493 935 3563 obliquo
961 3494 1124 3555 contendens
1142 3493 1179 3542 ita
1199 3492 1347 3543 exercitum

243 3562 368 3631 perfecit,
387 3570 417 3613 ut
435 3578 592 3632 quemquam
610 3562 703 3617 hostes
722 3566 837 3632 proximi
856 3574 946 3621 essent
968 3574 994 3616 et
1010 3566 1044 3616 eb
1063 3564 1096 3615 iis
1116 3564 1346 3629 conspicerentur,

243 3645 332 3688 tamen
350 3649 405 3687 non
424 3643 537 3703 possent
556 3637 612 3687 eius
631 3636 761 3690 militibus
780 3652 829 3704 per
849 3654 932 3707 equos
952 3635 1079 3689 celeriter
1111 3650 1218 3688 currere
1238 3642 1347 3695 etme.

242 3709 327 3759 moria
359 3708 467 3775 dignum
494 3708 593 3759 factum
618 3718 863 3777 agererettamen
892 3726 950 3762 curo
969 3711 1154 3776 inexspectata
1172 3722 1202 3756 re
1223 3706 1347 3756 concussi

246 3788 336 3831 esseut
360 3778 451 3833 hostes
477 3779 590 3832 etfama
619 3782 733 3848 impetus
762 3785 835 3850 regis
855 3782 933 3834 valde
952 3780 1111 3845 horrerent,
1137 3792 1233 3845 magua
1253 3776 1348 3829 caedes

245 3850 338 3901 horum
358 3851 427 3903 facte
444 3860 495 3916 est,
515 3867 574 3903 cum
594 3853 681 3905 statim
699 3861 775 3922 terga
796 3855 932 3908 dedissent
952 3862 979 3903 et
997 3855 1023 3903 io
1044 3853 1133 3921 lugam
1153 3866 1182 3902 se
1193 3849 1348 3911 vertissent,

243 3935 298 3971 non
317 3937 392 3973 usum
412 3922 562 3974 habuerunt
579 3940 644 3977 suae
663 3926 746 3988 vitae,
767 3925 849 3993 gladii
870 3940 936 3990 opus
957 3924 1036 3977 faeti:
1056 3923 1156 3991 praeda
1165 3928 1253 3972 autem
1264 3919 1350 3969 omnis

244 3992 277 4042 ab
300 3990 407 4043 homine
425 4010 511 4063 usqae
529 3996 563 4047 ad
580 3996 709 4062 pecudem
729 3996 841 4047 liberata
859 4012 950 4062 regem
970 4006 998 4047 et
1016 3996 1109 4063 lingua
1134 4002 1160 4044 et
1175 3992 1350 4057 admiratione

249 4060 414 4115 celebravit:
435 4068 531 4117 etenim
550 4066 708 4119 admirabile
727 4066 850 4132 proiecto
872 4076 898 4117 et
924 4068 1098 4119 memorabile
1127 4065 1185 4129 luit,
1213 4063 1283 4131 quod
1302 4076 1352 4112 rex

249 4134 412 4187 Graecorum
432 4136 629 4189 incontinenter
650 4138 865 4204 persecutionem
892 4142 1046 4206 exsequitur
1070 4140 1129 4191 sine
1157 4135 1273 4203 propriis
1297 4134 1351 4181 im.

248 4204 409 4273 pedimentis
437 4220 496 4258 cum
522 4207 581 4259 sole
607 4221 656 4262 sua
674 4210 766 4277 gravis
784 4216 936 4261 armaturae
956 4226 1035 4265 manu
1055 4216 1126 4265 totos
1146 4209 1203 4263 dies
1224 4212 1282 4258 octo
1301 4218 1353 4269 per

247 4278 309 4334 loce
328 4278 420 4346 ignote
440 4285 467 4331 et
485 4278 668 4349 inviaueque
683 4280 783 4335 excidit
802 4282 949 4350 proposito.
