3017 4892
261 306 336 387 Μ
563 310 789 386 tricatam·
808 308 1068 387 tt'ttttortn
1150 417 1159 427 θ

260 506 312 551 σιν
331 482 412 571 π’ρδς
434 487 489 554 τὸν
511 485 705 571 βουλόμενον
720 487 776 552 καί
796 485 970 571 ἀκώλυτον,
991 485 1045 551 καί
1064 478 1164 563 οὕτως
1179 480 1299 561 ὁδεύει,
1316 484 1402 553 διὰ

260 583 385 679 σάντων
397 585 430 653 εδ
449 588 571 672 α’γαδόν
592 594 647 674 τῆς
672 591 843 675 εὐθηνίας,
869 587 1035 675 φθονήσας
1055 591 1108 671 τῆς
1128 588 1304 670 εοέτηρίας
1331 586 1404 674 τῷ

260 683 367 777 κόσμῳ
388 688 554 774 φοίνδακα
577 690 664 765 έκτός
685 692 742 755 τοῦ
763 682 871 767 ἄστεος
891 686 1137 774 διααγκοίκιοτος,
1151 690 1397 768 εἰιοικοδομειζ

246 789 320 855 Ικείν
340 788 439 881 τούτῳ
464 795 737 877 συναθροίζεσθαι
757 792 815 868 τοὶς
841 787 966 872 δμαξας
994 791 1188 873 ἐπισκήπτει,
1208 790 1398 875 βασιλικῷ

261 887 423 977 γροίμματι
445 894 539 957 τοῦτο
558 894 796 976 διορισάμενος·
839 896 895 958 καί
907 886 1100 973 μενοσαίλιον
1117 891 1242 974 τίθησιν
1263 890 1315 963 εἷς
1337 887 1392 954 τὸ
1404 890 1432 943 5

260 990 503 1075 ἀναγκαιότατον
526 997 658 1078 χρῆμα,
687 993 741 1059 τὸν
774 1001 879 1077 σῖτον,
910 993 1046 1075 μηδενὸς
1065 994 1244 1071 δυναμένου
1272 992 1309 1056 εἰ
1325 987 1386 1072 μὴ

262 1089 324 1157 α’νιδ
347 1096 406 1157 τοῦ
434 1091 611 1179 φοδνδακος
633 1092 874 1181 ἐξωνήσασθαι,
895 1092 1077 1179 φοδνδακος
1102 1095 1157 1156 τοῦ
1178 1093 1292 1155 δολίου
1317 1092 1392 1154 καί

166 1212 171 1226 ’
262 1191 493 1273 δαιμονιοίδους
522 1193 706 1279 πράγματος
737 1193 793 1259 καί
821 1195 981 1277 ὀνόματος.
1035 1196 1069 1271 ἐξ
1096 1183 1136 1255 οὗ
1163 1190 1225 1272 γὰρ
1249 1188 1388 1265 ἐκεῖνος

261 1294 380 1377 έκοίγη,
410 1292 429 1374 ἡ
452 1293 585 1379 εὖθηνία
608 1297 671 1359 τοῖν
692 1294 813 1360 πόλεων
835 1284 956 1383 ᾤχετο,
977 1294 1030 1359 καί
1051 1294 1070 1377 ἡ
1091 1295 1147 1359 τοῦ
1168 1294 1259 1355 θετον
1288 1290 1381 1373 ὀργὴ
1431 1350 1436 1354 .

260 1392 299 1458 τὰ
320 1389 382 1457 διεδ
404 1393 586 1475 Ῥωμαίους
614 1392 769 1476 μειζόνως
798 1398 980 1476 κατέλαβεν.
1023 1394 1061 1460 οδ
1090 1394 1175 1477 γάρ,
1197 1385 1310 1475 ὥσπερ
1334 1389 1378 1455 τό
1396 1402 1438 1455 1⁰

261 1490 413 1578 πρότερον
434 1485 481 1578 ἦν,
503 1492 519 1558 δ
540 1491 728 1577 βουλόμενος
757 1497 900 1575 έξωνεῖτο
922 1495 978 1560 τδν
1008 1502 1096 1560 σῖτον
1126 1493 1181 1557 καί
1203 1489 1286 1572 μετὰ
1311 1489 1380 1571 τοῦ

261 1597 439 1670 πωλοῦντος
461 1593 662 1680 οονήλλαττε,
684 1597 790 1660 narret
806 1620 864 1676 περ
896 1595 940 1678 μὴ
963 1593 996 1661 έν
1018 1598 1097 1681 τῷδε
1118 1598 1161 1679 τῷ
1182 1596 1375 1681 κατακοντίρν

261 1698 427 1781 ἠρέσκετο,
456 1701 638 1777 μετέβαινεν
665 1699 710 1771 εἰς
740 1697 776 1761 τὸ
798 1692 875 1761 ἄλλο
906 1701 961 1762 καί
988 1692 1085 1771 αὖθις
1105 1698 1151 1771 εἰς
1173 1696 1292 1779 ἕτερον,
1316 1691 1377 1757 καί

262 1795 324 1862 dud
356 1801 419 1861 τοῖν
448 1797 579 1879 &paida
609 1798 628 1882 ἡ
657 1800 774 1880 πρᾶσις
803 1797 938 1881 έγίνετο·
989 1791 1057 1863 ἀλλ’
1087 1796 1298 1881 εἰσερχόμενα
1329 1795 1373 1859 τοὶ

261 1896 405 1982 γεώργια
432 1900 465 1962 έν
490 1901 526 1986 τῇ
541 1901 597 1963 τοῦ
619 1898 799 1985 φοιίνδακος
828 1896 934 1985 εἱρκτῇ
962 1898 1095 1972 οιτοόνος
1118 1892 1204 1979 εἶχον
1224 1898 1418 1969 ένοίκουςίό

262 2002 321 2064 rod
341 1997 518 2084 φοιίνδακος
546 2002 601 2065 καί
631 2004 859 2085 οιτοκανιήλους
888 1997 1036 2077 πολλούς,
1058 2001 1112 2063 καί
1132 1991 1219 2061 οὗτοι
1240 2019 1373 2079 προαρ-

262 2094 414 2175 νιίζοντες
428 2077 491 2163 ιητὸν
508 2108 593 2167 σῖτον
610 2103 781 2179 έξωνοῦντο
802 2106 857 2167 καί
874 2102 1056 2184 δαετίδουν,
1076 2103 1131 2163 καί
1144 2099 1373 2182 διηγωνίζοντο

263 2199 448 2281 κερδαίνειν
466 2201 519 2264 ε’νιί
557 2206 598 2289 τῷ
625 2202 799 2281 νομίσματι
824 2201 1005 2282 νομίσματα
1032 2204 1115 2283 τρία.
1166 2194 1309 2282 ἠγόραζε
1330 2198 1370 2261 δὲ

263 2299 325 2365 α’ντό
349 2305 410 2365 τῶν
433 2298 563 2380 ἆμαξοδν
586 2304 701 2382 ου’δείς,
725 2296 800 2367 οὔτε
815 2301 963 2376 ναυτικὸς
979 2298 1114 2383 εἰσοίγων
1136 2298 1293 2372 ον’τὸνείς
1310 2294 1373 2380 τὴν

263 2402 496 2483 βασιλεύουσαν
532 2397 604 2468 οὔτε
635 2404 762 2480 α’στικός
793 2395 867 2467 οὔτε
899 2396 1043 2488 ἄγροικος
1076 2396 1148 2465 οὔτε
1180 2394 1271 2473 ἄλλος
1305 2395 1416 2473 ori-20

263 2504 350 2578 δείς·
394 2502 464 2566 ἀλλ’
495 2498 556 2567 αἰιιὸ
578 2507 641 2569 τοῖν
669 2503 888 2587 σιτοκαντὴλων
910 2507 966 2567 τοῦ
993 2500 1172 2589 φοιίνδακος
1205 2500 1370 2585 ἡπροῖοις

264 2605 461 2686 προέβαινεν,
485 2603 528 2679 ὥς
550 2608 661 2669 ἐκεῖνον
682 2606 850 2688 ἐβούλοντο
872 2607 927 2669 καί
953 2604 973 2668 ὁ,
992 2603 1233 2688 προκαθήμενος
1258 2584 1379 2665 ον’τοῖν

263 2702 388 2787 λομεοδν
406 2705 652 2791 φοονδακοίριος,
674 2702 710 2784 ὃς
732 2709 925 2789 καινοτομοῐν
950 2702 1023 2779 τούς
1048 2702 1101 2769 τὸν
1121 2712 1207 2769 οἶτον
1228 2704 1369 2785 καταβι.

333 2868 361 2921 3.
380 2882 471 2939 margo
490 2874 664 2945 νομμέρνιον
688 2872 736 2925 καλ
757 2869 851 2944 φέρον
870 2872 966 2927 είτουν
984 2867 1157 2940 πανήγυριν.

262 3013 376 3067 iiberum
393 3016 483 3069 facere
503 3018 689 3069 commercium
710 3032 769 3067 enm
787 3018 883 3084 quovis
902 3024 930 3067 et
949 3015 1109 3082 expeditum,
1129 3022 1209 3081 atque
1234 3012 1270 3063 ita
1295 3026 1367 3078 pro.

263 3088 361 3139 cedere
379 3090 486 3141 omnino
505 3090 618 3142 salutem
638 3088 825 3151 abundantiae,
848 3089 973 3140 invidens
993 3088 1099 3154 copiam
1116 3086 1223 3149 mundo,
1237 3083 1367 3135 horreum

263 3168 337 3213 extra
356 3160 447 3211 urbem
467 3162 596 3227 pessimus
623 3160 701 3210 homo
722 3160 888 3224 exaedificat,
909 3168 935 3211 et
953 3161 981 3210 in
1000 3159 1051 3210 boc
1072 3159 1132 3224 cogi
1152 3171 1247 3207 currur
1272 3154 1365 3218 iubet,

262 3233 345 3297 regiis
364 3230 451 3284 literis
477 3231 527 3282 boc
547 3232 700 3297 perficiens,
721 3238 747 3281 et
760 3232 943 3299 monopolium
963 3232 1076 3297 imponit
1092 3229 1205 3280 maxime
1232 3241 1365 3277 necessa-

262 3304 319 3355 riae
340 3302 390 3363 rei,
413 3302 554 3365 frumento,
576 3318 634 3352 cum
652 3318 730 3353 nemo
750 3311 843 3369 posset
861 3304 912 3355 nisi
933 3319 967 3355 ex
990 3303 1088 3353 horreo
1111 3316 1220 3361 emere,
1247 3298 1364 3360 horreo,

263 3373 391 3428 insidiosa
411 3381 437 3424 et
455 3373 559 3440 ingenti
580 3389 610 3425 re
629 3382 709 3442 atque
728 3376 944 3442 significatione:
964 3391 998 3425 ex
1017 3388 1070 3441 quo
1090 3374 1160 3423 enim
1179 3370 1246 3421 illud
1265 3370 1365 3422 induc.

262 3456 317 3499 tum
338 3451 386 3506 eet,
406 3443 523 3496 felicitae
546 3444 650 3496 urbium
669 3446 856 3511 evanescebat,
877 3455 903 3499 et
921 3448 962 3500 ira
980 3446 1071 3497 divina
1089 3460 1132 3495 ree
1144 3443 1259 3495 Graecae
1277 3441 1364 3507 magio

265 3516 398 3570 obtinuit:
417 3532 505 3583 neque
528 3518 606 3581 enim,
628 3525 657 3568 ut
677 3526 755 3569 antea
775 3519 879 3583 iuerat,
899 3520 944 3587 qui
965 3516 1060 3581 veliet,
1081 3515 1185 3566 emebat
1204 3512 1366 3564 frumentum

264 3599 291 3643 et
310 3605 369 3640 cum
387 3588 521 3641 vendente
542 3591 774 3641 commutationem
793 3591 885 3655 inibat,
906 3598 986 3659 atque
1004 3590 1027 3640 ai
1044 3590 1072 3639 in
1091 3587 1144 3638 boc
1168 3586 1230 3637 loeo
1257 3584 1281 3633 ei
1307 3598 1364 3634 non

264 3663 394 3731 placeret,
414 3660 542 3713 tranabat
560 3661 593 3712 ad
611 3658 858 3731 alium'rureusque
877 3662 909 3715 ad
928 3661 1026 3723 aliurn,
1052 3668 1078 3711 et
1098 3675 1132 3711 ex
1150 3655 1271 3719 curribus
1290 3669 1363 3705 ven.

263 3736 329 3787 ditio
341 3732 445 3807 vflebat:
467 3732 514 3783 sed
534 3732 624 3801 fruges
644 3750 711 3801 quae
730 3734 939 3801 importabantur
958 3735 984 3783 in
1005 3732 1094 3783 horrei
1121 3737 1242 3795 acptum,
1268 3727 1366 3779 darda-

262 3808 353 3857 narioa
372 3804 504 3859 habebant
523 3805 701 3859 inhabitantes
721 3805 820 3859 horreo
841 3814 867 3857 et
885 3804 1012 3872 propolas
1031 3803 1144 3855 multoe:
1164 3808 1244 3867 atque
1263 3798 1291 3849 bi
1318 3812 1366 3849 ra-

262 3879 368 3943 pientes
389 3877 546 3927 frumentun
558 3877 680 3929 emebant
700 3886 725 3929 et
737 3878 904 3945 reponebant
918 3884 946 3928 et
964 3876 1101 3927 certabant
1113 3873 1213 3925 lucrari
1232 3886 1291 3922 asae
1309 3877 1366 3920 trec

263 3961 354 3998 aseer:
375 3946 479 3999 emebat
497 3956 585 3999 autem
605 3965 639 4001 ex
650 3950 770 4002 curribus
782 3964 870 4012 nemo,
890 3963 979 4015 neque
1005 3955 1086 3998 nauta
1110 3942 1269 4011 importabat
1297 3938 1368 3990 illud

262 4019 291 4067 in
310 4016 411 4080 urbem,
434 4034 521 4085 neque
541 4019 655 4073 urbanus
675 4038 763 4089 noque
782 4020 902 4088 agricola
920 4018 1092 4086 nequeullua
1112 4013 1284 4066 aliurzeeda
1297 4024 1367 4076 pro-

263 4086 335 4156 polis
355 4086 445 4137 horrei
466 4091 584 4142 venditio
599 4093 770 4159 procedebat,
790 4095 859 4144 eieut
872 4090 912 4141 illi
925 4090 1068 4142 volebant:
1088 4096 1168 4155 atque
1187 4085 1296 4151 praeses
1314 4094 1368 4131 eo-

264 4176 332 4224 rum,
351 4157 479 4226 perditor,
498 4161 588 4213 borrei
609 4165 813 4226 administrator,
835 4163 881 4229 qui
901 4175 972 4213 novo
998 4161 1077 4212 modo
1103 4157 1219 4210 vexabat
1245 4156 1370 4208 trumen-

264 4239 320 4284 tum
339 4230 500 4285 deducentes
521 4239 549 4283 et
561 4232 719 4289 frumentum
739 4234 781 4288 hie
800 4235 913 4302 turpiter
934 4232 1066 4287 adimebat
1085 4239 1111 4283 et
1129 4230 1223 4299 gravia
1242 4223 1370 4295 vectiga-
