3017 4892
275 367 352 442 225
563 362 783 439 minumus
813 364 1078 479 ΑῊΗΙΟΤΑΕ

233 598 240 612 ,
274 533 421 622 ταφογὴν
444 535 499 598 καί
518 534 735 620 παράκλησιν·
758 537 813 598 καί
826 536 950 619 αύτίκα,
972 535 1056 618 μηδὲ
1075 522 1188 617 βραχύ
1205 552 1238 595 τι
1259 527 1435 611 μελλή*
1497 529 1498 596 t

273 657 352 719 σας,
373 632 450 700 ναύν
479 637 579 701 ἐκεῖσε
613 640 672 719 τῆς
695 636 921 719 παναχρύντον
948 636 1112 718 δεσποίνης
1138 635 1200 697 καί
1227 628 1431 696 θεοτόκου

271 739 457 821 δομηθῆναι
477 738 659 821 προσέταξε.
712 740 768 801 καί
793 740 917 802 πολλῶν
946 727 1045 800 ύντοιν
1075 736 1228 816 τεχνιτῶν
1261 736 1303 797 ἕν
1334 736 1430 802 τοῖς

215 920 220 929 ς
249 840 404 922 πλοίοις,
427 840 483 901 καί
502 843 622 921 χειρῶν
655 838 689 902 ἕν
710 834 864 921 μυριάσιν
894 838 1152 923 ἀριθμουμένων,
1174 832 1255 909 ναδς
1277 836 1427 916 α’πηρ-

275 938 370 1022 τίσθη
392 935 445 1001 διὰ
466 942 562 1022 τριῶν
584 937 712 1022 ἡμερῶν
740 936 930 1021 περικαλλὴς
958 938 1014 1001 καί
1032 932 1215 1017 σεβύομιος,
1239 936 1452 1021 analeo-5

275 1040 347 1123 ειδῆ
375 1038 431 1103 τὸν
460 1030 582 1125 ύροφον
612 1034 695 1121 ἔχων
731 1037 788 1104 καί
815 1042 1030 1124 παραπτίροις
1062 1039 1301 1121 κεκοσμημένος
1342 1036 1425 1099 καί

275 1144 359 1206 κιόσι
381 1144 437 1205 καί
454 1141 626 1224 προνύοις,
649 1142 704 1205 καί
727 1140 835 1229 κόσμῳ
865 1142 1088 1224 διηνθισμένος
1119 1135 1308 1224 μορμύρων
1340 1140 1422 1200 καί

275 1249 417 1326 μορφαῖς
442 1241 540 1324 ύγίοιν
573 1239 860 1327 περιαστρύπτοιν,
888 1244 944 1305 καί
971 1233 1053 1315 ὅλοις
1078 1241 1323 1323 α’πηρτισμένος
1352 1238 1415 1314 εἷς

276 1339 468 1425 ὡραιότητα.
520 1344 576 1406 καί
602 1346 774 1426 προσέταξε
799 1344 947 1427 ’σημῆναι
976 1337 1012 1405 τύ
1036 1337 1198 1423 ἐπαγωγὸν
1219 1335 1307 1423 πρύς
1337 1338 1411 1402 ευ·-

273 1538 407 1627 φοινήν,
427 1540 620 1626 ἐ’θαύμασύν
641 1566 675 1609 τε
702 1542 738 1609 τὸ
760 1541 843 1627 ταχύ
880 1541 934 1608 καί
954 1542 1103 1609 σύντονον
1123 1546 1184 1605 τού
1208 1539 1403 1661 ρίκοδομή-

276 1666 377 1725 ματος
396 1646 455 1709 καί
475 1642 508 1709 τύ
534 1644 757 1730 προσφώνημα
779 1647 837 1729 τῆς
863 1646 910 1720 εἰς
930 1645 1110 1727 δοξολογίαν
1139 1641 1280 1727 α’γούσης
1301 1643 1400 1707 σύλ-

274 1762 395 1830 πιγγος,
418 1770 472 1809 και
467 1748 636 1829 θορύβου
657 1749 851 1830 πλησθέντες
865 1747 920 1808 καί
939 1746 1084 1829 ταραχῆς
1105 1744 1223 1827 μερίδα
1245 1746 1307 1828 τὴν
1327 1744 1394 1829 νῆ-

182 1884 186 1895 =
276 1868 335 1911 σον
356 1850 411 1932 τῆς
427 1846 607 1929 Ῥωμαϊκης
629 1848 793 1929 δυνάμεως
814 1844 1080 1931 προύπετύνιαοαν
1100 1842 1244 1910 ἔσεσθαι.

383 1947 513 2023 Τούτοις
532 1943 639 2022 τοῖς”
618 1969 722 2032 εργοις
746 1948 801 2032 τῆς
831 1947 994 2028 εύσεβείας
1017 1944 1285 2030 παρακληθείς“
1266 1970 1286 2008 ο
1312 1946 1432 2021 triete

274 2047 337 2133 τὴν
363 2044 648 2132 ύντοκρυπτομίνην
680 2050 741 2113 τῶν
771 2051 981 2133 Σαρακηνούν,
1010 2046 1065 2111 καί
1092 2040 1206 2129 αρδην
1226 2046 1388 2112 αι’πολέσαι

275 2150 460 2229 μέλλουσαν
480 2142 579 2213 αύτύν
599 2146 660 2213 σύν
682 2152 720 2236 τῇ
740 2151 884 2235 στρατιᾷ,
905 2145 1050 2235 φανερὰν
1071 2141 1304 2231 ἀπειργάσατο.
1348 2142 1388 2233 ἦν

273 2245 339 2333 γύρ
361 2251 566 2331 συγκείμενον
596 2256 663 2324 τοῖς
681 2270 713 2313 τε
742 2250 802 2313 τού
824 2246 991 2324 Χύνδακος
1016 2252 1213 2333 Σαραιιηνυῖς
1242 2247 1388 2323 καὶτοῖς
1497 2239 1498 2262 ἶ

274 2346 336 2431 τὴν
355 2345 466 2431 χώραν
489 2351 610 2413 οἰκοῦσι
633 2348 750 2434 (πολλὴ
771 2345 831 2432 γὰρ
859 2344 878 2431 ἦ
910 2351 1003 2431 χώρα
1022 2350 1077 2432 τῆς
1102 2346 1232 2433 Κρήτης
1250 2349 1311 2413 καί
1330 2372 1385 2412 πο-

280 2448 500 2533 λυάνθρωπος,
519 2443 736 2529 ἓβδοματικοδν
760 2449 887 2534 ἦμερούν
916 2443 1035 2535 δρύμον
1065 2448 1120 2513 καί
1139 2453 1238 2514 πλείω
1260 2448 1298 2529 τύ
1319 2452 1426 2533 uti-²⁰

107 2558 110 2567 “
201 2606 208 2615 .
277 2571 334 2624 νιος
356 2545 476 2631 ἔχουσα
497 2546 625 2638 εδζύνφ
647 2550 754 2635 ἀνδρί)
780 2548 833 2613 διὰ
847 2553 925 2631 μιᾶς
943 2550 1064 2635 ἡμέρας
1086 2550 1304 2635 ύρθριούτερον
1325 2551 1386 2615 ύπὸ

281 2644 483 2736 συνθήματος
495 2652 688 2737 *ἐπιτεθῆναι
710 2657 776 2726 τοῖς
792 2648 969 2733 Ῥωμαίοις
991 2650 1046 2716 καί
1066 2655 1164 2733 μέσον
1183 2649 1305 2727 αύτούς
1325 2654 1416 2734 ἔμω.

1491 2673 1498 2767 i

353 2811 396 2867 16.
413 2820 475 2879 poet
492 2792 670 2885 Σαρακηνῶν
686 2812 763 2866 deeat
781 2811 892 2885 ἔφοδον
909 2812 955 2865 rel
976 2812 1138 2887 ἐπιβουλήν.
1191 2861 1196 2871 „
1494 2811 1496 2856 t

282 2972 326 3029 dei
338 2983 448 3029 matrem
462 2985 489 3029 et
505 2984 671 3045 persanctarn
689 2977 820 3029 domiuum
837 2977 991 3047 coniugium
1010 2984 1037 3029 et
1054 2978 1283 3046 implorationem
1303 2984 1386 3047 atque
1495 2985 1496 3046 t

283 3049 369 3101 statim
387 3064 477 3119 neque
495 3049 603 3116 paulum
622 3056 760 3101 cunctatus
779 3049 905 3116 ternplum
927 3050 964 3101 ibi
982 3051 1095 3101 maxime
1113 3065 1196 3117 purae
1215 3048 1337 3101 dominae
1358 3056 1388 3099 et

283 3121 373 3173 matria
396 3122 440 3172 dei
459 3121 594 3172 aedificari
620 3121 713 3185 iussit,
742 3128 846 3172 etcum
876 3120 952 3174 multi
974 3127 1064 3174 essent
1082 3121 1198 3173 artifices
1220 3122 1248 3172 in
1265 3121 1387 3187 navigiis

283 3200 310 3242 et
327 3206 420 3243 manus
439 3201 594 3243 sexcentae
606 3200 824 3256 numerarentur,
851 3192 978 3260 templum
1006 3201 1168 3244 exstructum
1194 3199 1235 3244 est
1262 3207 1310 3259 per
1327 3198 1387 3242 tres

282 3261 339 3313 dieu
360 3261 550 3329 perpulchrum
570 3271 765 3331 mauguinum,
785 3265 897 3317 rotundo
918 3264 1025 3333 [neugio
1044 3264 1191 3330 praeditum
1211 3271 1237 3314 et
1255 3264 1387 3315 adiacen-

282 3330 353 3383 tibus
372 3341 493 3383 ornatum
513 3340 539 3384 et
558 3331 688 3385 columnis
709 3342 735 3385 et
753 3336 912 3420 porticibu52
937 3342 964 3386 et
984 3344 1078 3387 ornatu
1097 3336 1248 3387 distinctum
1265 3348 1388 3384 marmo-

282 3403 328 3469 ris,
350 3410 377 3454 et
394 3404 487 3470 figuris
507 3412 658 3456 sanctorum
677 3403 784 3489 fulgens
800 3415 826 3457 et
843 3409 949 3459 omuino
966 3408 1189 3459 accommodatum
1208 3406 1240 3457 ad
1260 3404 1387 3472 pulchri.

281 3474 411 3537 tudinem,
435 3481 461 3524 et
479 3476 556 3527 iussit
568 3476 720 3543 significare
740 3478 925 3530 invitationem
943 3480 976 3529 ad
994 3480 1129 3545 pietatem
1168 3485 1250 3545 atque
1269 3476 1387 3527 audien-

281 3553 323 3597 tea
342 3546 434 3613 quiin
453 3543 519 3597 urbe
540 3554 614 3598 eraut
631 3547 699 3617 ligni
719 3564 813 3601 sonum
831 3550 919 3601 mirati
944 3558 1005 3601 sunt
1024 3550 1189 3601 celeritatem
1211 3556 1237 3599 et
1256 3554 1389 3599 constan.

281 3616 345 3669 tium
364 3616 480 3669 aedificii
500 3626 527 3669 et
545 3618 699 3687 clangorem
719 3620 799 3671 tubae
826 3622 858 3673 ad
876 3620 1002 3704 gloriam
1008 3622 1123 3689 agentis,
1140 3629 1221 3688 atque
1240 3617 1389 3687 perturba.

282 3690 357 3741 tione
375 3688 479 3755 impleti
498 3698 525 3740 et
542 3690 620 3743 turba
637 3690 750 3745 insulam
770 3701 871 3760 partem
898 3693 1004 3760 imperii
1024 3692 1136 3745 Romani
1156 3692 1215 3743 iure
1233 3699 1294 3743 ante
1314 3698 1389 3740 tcm-

279 3776 331 3830 pus
351 3762 452 3829 opinati
471 3769 540 3815 eunt.
587 3822 590 3827 ¹

381 3858 429 3911 liis
455 3858 532 3912 iactis
558 3861 665 3927 pietatis
685 3868 820 3928 permotus
844 3860 909 3912 deus
935 3859 1050 3912 celatum
1075 3836 1216 3912 eonsilium
1233 3858 1386 3911 Saraceno-

284 3943 342 3979 rum
362 3930 487 3997 quodque
511 3930 628 3983 funditus
656 3933 849 3984 exstincturum
874 3940 930 3983 erat
954 3947 1014 3982 eum
1043 3948 1102 3983 cum
1121 3932 1251 3994 exercitu,
1269 3928 1387 3980 manife-

281 4006 354 4049 etum
372 4001 503 4058 reddidit:
523 4012 689 4055 convenerat
709 4005 780 4055 enim
804 4003 874 4054 inter
898 4002 1046 4056 Saracenos
1066 4002 1214 4057 Chaudacie
1238 4000 1341 4052 incolas
1361 4007 1389 4050 et

286 4083 344 4131 cun,
364 4072 411 4137 qui
431 4081 527 4125 terram
546 4074 708 4127 inhabitant:
730 4092 789 4127 cum
808 4075 878 4125 euim
902 4081 974 4125 terra
993 4074 1089 4128 Cretae
1106 4062 1202 4143 maffia
1223 4081 1250 4123 et
1269 4071 1389 4123 hemini-

284 4139 334 4193 bus
353 4140 488 4195 abundans
514 4155 616 4212 septem
641 4148 742 4199 dicrum
767 4147 820 4195 iter
845 4152 872 4195 et
898 4146 1011 4213 amplius
1031 4146 1200 4216 longitudine
1223 4144 1321 4195 habeat
1338 4158 1389 4193 ex.

278 4211 374 4279 ·peditu
391 4213 469 4277 viru,
490 4228 538 4280 per
558 4233 638 4269 unum
659 4220 728 4270 diem
747 4216 854 4268 facilius
868 4225 926 4268 erat
942 4234 975 4270 ex
989 4227 1068 4285 pactu
1089 4216 1344 4287 aggredillomanoa
1364 4220 1391 4265 et

279 4286 384 4338 inediae
400 4298 450 4338 οοε
469 4299 611 4354 occupare,
630 4297 660 4341 ut
677 4306 712 4341 ne
730 4289 802 4357 ignia
815 4288 922 4358 quidem
935 4298 1035 4357 ουειοε,
1054 4298 1084 4345 nt
1102 4291 1186 4356 uiant,
1206 4286 1389 4343 autumant.
