3017 4892
583 340 793 411 numm
925 295 961 375 -'
1163 326 1240 412 ιοτ

130 510 201 581 εἴτε
215 519 345 599 σημείου
365 513 423 579 ούκ
445 512 568 596 δγαθδν
581 511 735 601 ἐπεφάνη,
758 511 877 600 πολλὴν
890 518 1054 581 ineruisse
1067 513 1125 599 τὴν
1145 512 1241 597 ἔρευ-

129 642 192 681 υαν
215 618 271 679 καί
289 612 345 697 την
367 616 505 700 ζήτησιν,
524 614 568 698 μή
592 612 654 679 πού
676 641 707 681 τι
722 620 787 681 τοδν
808 615 940 681 δεόντων
962 616 1017 682 καί
1038 615 1241 697 ἁρμοζόντων
1315 670 1318 674 ,

128 715 354 801 παρελείφθη,
383 709 403 796 ἢ
438 720 596 798 παρθένος
625 717 659 781 ἐκ
679 720 744 782 τῶν
770 720 998 803 φυλαττουσῶν
1028 716 1062 781 ’τὸ
1082 717 1240 781 άθάνατοκ

128 820 197 899 πύρ
222 814 279 898 την
291 804 472 901 παρθενίαν
490 816 622 902 δκλάπη,
641 811 662 901 ἢ
678 822 879 903 παρανομίας
893 814 1044 901 ἐπράχθη
1062 816 1240 897 ὀνείδισμα,

96 918 190 984 buci
209 918 309 998 χόλος
327 920 475 983 ε’ντεύθεν
498 922 584 993 θεῖος
606 928 672 992 τοῖς
689 918 861 1001 Ῥωμαίοις
881 916 1053 984 inauratae.
1098 921 1152 981 καί
1173 919 1241 982 διε·-

130 1016 325 1102 ρευνιύμενοι
357 1016 506 1094 πολλάκις
526 1013 674 1104 εύρισκον
698 1017 768 1108 τάς,
789 1020 853 1085 τῶν
874 1014 1089 1102 άτεπημάτων
1113 1022 1242 1093 αἰτίας·
1351 1083 1354 1089 ,

130 1118 191 1183 καί
215 1118 441 1201 διορθούμενοι
461 1116 601 1201 ταύτας,
631 1123 685 1185 καί
704 1118 739 1186 τύ
765 1125 864 1192 θεῖονΙ
878 1122 1141 1202 ε’ξευμενίσασθαι
1161 1128 1241 1205 πλη·

133 1219 387 1305 ροφορηθέντες,
418 1217 497 1301 μετά
528 1219 676 1307 τοιαύτης
705 1221 910 1306 παρασκευῆς
939 1219 1001 1286 καί
1030 1217 1174 1304 θάρσους
1195 1222 1271 1299 είςι.
1288 1238 1376 1296 tosa.

134 1321 210 1396 τούς
233 1322 398 1403 πολέμους
411 1323 564 1409 ἐχώρουν,
581 1326 641 1387 ’καί
661 1322 849 1413 κατύρθουν
869 1319 997 1402 αύτούς,
1017 1319 1071 1396 ἐπί
1091 1320 1240 1405 μεγάλοις

84 1434 123 1488 10
133 1428 298 1506 τροπαίοις
313 1424 371 1498 τάς
387 1428 476 1499 νίκας
490 1426 682 1509 ἐπαίροντες.
705 1422 776 1489 tuat
788 1421 845 1487 καί
861 1423 954 1487 τούτο
974 1433 1040 1499 τοῖς
1057 1432 1241 1508 στρατηγοῖς

135 1523 190 1589 διά
216 1518 357 1610 σπουδῆς
384 1525 440 1591 καί
469 1530 636 1613 φροντίδος
659 1527 793 1609 ε’γίνετο,
825 1524 861 1589 τδ
885 1523 1054 1608 καθαρμὸν
1077 1522 1241 1588 ποιεῖσθαι

133 1628 174 1713 τῇ
195 1631 327 1714 στρατιᾷ
350 1626 469 1701 παντὸς
492 1613 686 1707 ἀδικήματος
707 1628 765 1689 καί
785 1621 1004 1710 ῥυπάσματος,
1026 1629 1081 1689 καί
1099 1620 1182 1705 μετά
1204 1621 1240 1688 ab

134 1730 281 1809 καθῆραι
302 1726 421 1811 ταύτην
442 1726 478 1790 τὸ
501 1721 760 1810 προκινδυνεύειν
785 1729 839 1809 τῆς
871 1729 1022 1809 πατρίδος
1044 1718 1173 1805 άμεινον
1193 1717 1263 1789 εἶ»-

134 1850 189 1890 ναι
211 1827 432 1908 διελογίζοντο.
484 1832 549 1901 τοῖς
581 1829 616 1891 δὲ
649 1832 706 1892 νύν
732 1824 902 1908 Ῥωμαίοις
930 1827 1023 1892 οὐδὲν
1048 1827 1167 1900 τούτων
1187 1823 1242 1889 διά

91 1934 124 1988 15
136 1927 304 2011 φροντίδος
334 1928 442 2006 ἐστίν,
475 1929 544 1991 ἀλλ’
576 1924 606 1991 οἱ
626 1930 685 2007 μὲν
715 1926 854 2011 άρχηγοί
879 1925 1000 1991 τούτων
1026 1926 1082 1991 καί
1100 1931 1243 2008 βασιλεῖς

137 2024 301 2109 προφάσει
325 2027 522 2110 δημοσιακῆς
544 2029 699 2113 α’φελείας
723 2028 763 2091 τὰ
790 2033 936 2110 χείριστα
957 2031 1012 2092 καί
1023 2029 1170 2108 ’θεομισῆ
1187 2027 1245 2090 καί

137 2127 310 2216 παράνομα
340 2126 609 2213 διαπράττονται,
641 2124 657 2191 δ
689 2132 724 2192 δὲ
750 2130 809 2192 τού
840 2133 976 2211 στρατοῦ
1009 2123 1242 2212 προηγούμενος

135 2224 181 2309 μὴ
205 2233 410 2310 προσανέχειν
433 2231 477 2317 τῷ
501 2222 637 2320 πολέμι’ρ,
660 2233 743 2314 μηδὲ
765 2232 805 2315 τῇ
828 2234 958 2314 πατρίδι
980 2224 1241 2312 reprendatur«
1302 2243 1310 2255 ‘

136 2327 397 2409 προαιρούμενος,
421 2332 475 2393 καί
493 2327 551 2414 τήν
566 2334 605 2395 ’ἐκ
627 2332 682 2414 τῆς
702 2332 790 2415 νίκης
812 2327 907 2407 δόξαν
929 2330 1143 2416 περιφρονῶν,
1162 2323 1242 2409 πρὸς

93 2424 171 2497 sort
197 2429 372 2509 κερδαίνειν
393 2423 463 2495 δλον
486 2424 602 2495 ἑαυτὸν
627 2431 784 2507 ἐπιτείνει,
814 2427 943 2514 κοίτην
966 2428 1160 2514 στρατηγίαν
1181 2429 1241 2507 ε’μ-

138 2531 251 2610 ποριάν
274 2531 422 2613 κέρδους,
458 2522 715 2616 ούκεύπραγίοιν
735 2534 791 2596 τού
813 2532 897 2595 ι’δίου
922 2528 1037 2618 ἔθνους
1056 2530 1126 2591 οόδ’
1146 2526 1241 2590 eddo-
1269 2556 1275 2564 ’
1321 2577 1328 2593 1

138 2631 208 2705 ξίαν
230 2632 411 2713 πεποίηται.
456 2632 490 2696 τὸ
516 2632 551 2695 δὲ
574 2631 682 2695 λοιπὸν
701 2636 833 2716 πλῆθος,
856 2634 890 2695 ἐκ
913 2624 974 2696 τῶν
996 2629 1161 2714 ἡγεμόνων
1182 2625 1239 2702 τοὶς

139 2727 289 2813 α’φορμάς
308 2734 491 2817 λαμβάνον,
512 2728 571 2807 τάς
604 2732 728 2806 α’δικίας
749 2729 945 2806 άκαθίκτους
967 2778 976 2796 .
999 2778 1009 2795 .
1033 2778 1042 2795 .
1076 2732 1131 2793 καί
1150 2730 1241 2793 εἶναι·

143 3036 243 3089 tionem
265 3036 522 3103 inquisitionemque
540 3038 575 3087 ne
596 3035 657 3103 quid
677 3033 825 3086 necessarii
845 3040 872 3085 et
889 3032 944 3100 apti
963 3030 1162 3101 negligeretur,
1182 3031 1241 3084 sive

145 3110 221 3178 virgo
242 3124 275 3159 ex
303 3108 345 3171 iis,
366 3123 434 3175 quae
457 3106 642 3159 custodiebant
665 3115 802 3158 aeternum
828 3106 927 3173 ignem,
957 3104 1112 3172 virginitate
1136 3103 1241 3167 privata

145 3179 204 3243 luit,
225 3180 283 3231 sive
303 3178 393 3248 legum
413 3177 597 3247 neglectarum
617 3177 687 3230 iacta
707 3185 764 3229 erat
776 3177 922 3245 ignominia
941 3183 968 3226 et
985 3176 1024 3225 ira
1044 3173 1241 3226 indellomanis

146 3251 234 3303 divina
258 3251 416 3303 minabatur.
438 3259 482 3301 =et
509 3258 668 3319 quaerentes
690 3262 883 3316 saepenumero
911 3245 1084 3298 inveniebant
1110 3246 1241 3311 iniquita.

145 3330 195 3373 tum
214 3338 307 3375 causas
323 3332 349 3375 et
368 3324 534 3390 corrigentes
568 3335 613 3372 eas
635 3331 715 3390 atque
733 3336 763 3373 se
783 3335 881 3372 numen
899 3319 1018 3371 divinum
1036 3316 1158 3385 placasse
1175 3331 1241 3382 per.

146 3409 248 3445 suasum
268 3394 396 3445 habentes
415 3410 474 3445 cum
491 3393 539 3447 tali
557 3402 684 3460 apparatu
705 3401 732 3443 et
750 3393 838 3443 animo
857 3392 885 3442 in
904 3388 1105 3441 bella'ibantet
1123 3387 1241 3439 feliciter

147 3463 273 3531 gerebant
292 3481 339 3527 ea,
361 3467 463 3531 maguis
481 3466 600 3531 tropaeis
619 3465 747 3517 victorias
766 3463 910 3515 tollentesr
929 3461 1140 3529 quandoquidem
1162 3460 1240 3510 etium

147 3535 196 3585 boc
215 3534 326 3586 ducibus
345 3535 432 3586 studio
454 3545 481 3587 et
500 3552 579 3587 curae
599 3536 667 3600 luit,
686 3544 716 3586 ut
736 3537 916 3602 expiationem
933 3533 1105 3585 instituerent
1132 3531 1239 3582 exerci-

147 3607 184 3655 tui
203 3607 288 3657 omnis
306 3606 422 3655 iniuriae
442 3613 469 3656 et
486 3608 719 3659 contaminationis
739 3615 767 3658 et
787 3609 895 3674 expiato
921 3595 973 3655 hoo
996 3618 1166 3671 propugnare
1191 3615 1239 3667 pro

147 3678 229 3742 patria
248 3675 344 3728 melius
363 3691 423 3728 esse
445 3677 585 3729 ducebant.
625 3677 759 3729 hodiernis
783 3687 871 3730 autem
898 3678 1023 3727 Romanis
1047 3673 1116 3724 nihil
1146 3674 1240 3738 borum

149 3761 225 3799 curae
245 3755 302 3799 est:
324 3746 370 3798 sed
389 3747 469 3799 duces
488 3748 592 3817 quidem
612 3748 704 3798 borum
717 3750 957 3817 -regesquespecie
977 3745 1101 3815 publicae
1116 3744 1240 3797 utilitatis

128 3819 258 3886 ¹pesssima
279 3826 305 3869 et
321 3818 372 3869 deo
392 3820 524 3871 iuvisset
550 3818 690 3887 illegitima
709 3821 865 3886 perficiunt:
886 3821 1020 3884 exercitus
1038 3826 1126 3868 autem
1152 3818 1240 3883 impe.

147 3898 214 3941 rator
233 3905 288 3941 non
306 3890 448 3942 intendens
466 3892 579 3942 animum
602 3889 677 3943 bello
695 3908 785 3959 neque
803 3893 905 3959 patriae
924 3890 1043 3943 tribuere
1061 3890 1131 3940 iusta
1157 3890 1240 3940 satias

148 3963 243 4014 ducens
267 3968 294 4012 ct
311 3959 426 4029 gloriam
444 3964 574 4014 victoriae
592 3961 735 4031 negligens
754 3963 786 4013 ad
809 3964 912 4015 lucrum
930 3980 960 4015 se
978 3970 1061 4014 totum
1079 3961 1196 4013 aduertit
1215 3968 1241 4011 et

147 4034 287 4101 imperium·
301 4042 476 4084 mercaturam
495 4034 573 4097 lucri,
592 4048 646 4085 non
666 4034 798 4084 fortunam
817 4036 859 4085 sui
889 4034 985 4101 populi
1008 4048 1097 4100 neque
1125 4032 1239 4099 gloriam

147 4106 331 4158 reddideruntr
352 4104 457 4172 reliqua
476 4113 563 4156 autem
582 4104 733 4169 multitudo,
751 4121 768 4156 a
786 4104 897 4156 ducibus
915 4107 994 4173 copia
1019 4106 1104 4169 iacta,
1129 4105 1241 4155 iniurias

147 4178 281 4231 indomitas
302 4178 442 4229 committit
463 4184 490 4227 et
507 4178 652 4243 impudenti
671 4177 772 4244 impetu
790 4183 918 4244 cognatos
945 4176 1015 4228 male
1042 4185 1070 4227 et
1097 4175 1241 4227 crudeliter
1265 4179 1277 4208 ἕ

147 4250 321 4319 persequitur,
341 4240 463 4316 rapiens*
477 4256 505 4301 et
529 4248 657 4301 evincens
682 4246 751 4317 quae
776 4246 818 4301 bis
835 4254 898 4301 snut
916 4249 1043 4316 propria,
1072 4255 1100 4299 et
1125 4247 1241 4300 bostium
