3017 4892
574 328 798 424 narona.
1162 299 1260 400 'ses'

132 501 214 589 γυνῆ
237 504 281 595 τῷ
304 470 443 597 κάστρῳ
457 504 513 585 τῆς
538 503 732 584 Μεταβολῆς
759 475 1039 617 ε’μηιλοχωροῦσα,
1062 522 1114 563 και
1110 492 1239 561 πλού-

133 629 194 671 του
216 602 331 679 ἱκανῶς
353 600 493 685 ἔχουσα,
526 598 768 685 προεξωνῆσοτο
788 597 843 663 τόν
858 593 944 663 ίδιον
966 590 1068 683 ἄνδρα
1092 598 1148 663 καί
1171 600 1238 681 οἷμ-

138 712 283 791 φοτέρων
308 706 370 769 τῶν
392 706 520 786 ἐχθρῶν
543 696 772 787 ε’λυτρῶσατο,
801 701 914 765 τούτου
935 702 994 781 μὲν
1018 700 1047 765 οἱ
1070 706 1238 787 πεμφθὲν-

130 831 185 883 τες
207 812 241 872 ἐκ
262 810 420 889 βασιλέως
442 805 611 887 ἀπέτυχον,
635 800 689 866 τόν
712 805 747 867 δὲ
771 804 926 885 Καίσαρα
953 798 1050 886 μόνον
1080 802 1241 887 ἐξωνησά-

106 923 229 990 5μενοι
243 910 398 991 ἐπανῆγον
419 907 463 981 εἰς
480 902 536 988 τῆν
549 906 702 986 βασιλίδα
722 908 785 968 τῶν
806 903 937 967 πόλεων.
981 905 1015 966 ἐν
1038 904 1072 966 δὲ
1094 906 1131 989 τῆ
1148 893 1239 989 Προ-

136 1011 260 1075 ποντίδι
280 1012 456 1092 γενομένων
480 1006 586 1069 ου’τῶν
606 1005 797 1089 εὐλαβηθείς
820 1003 836 1067 δ
861 1007 992 1086 Καίσαρ
1015 999 1101 1081 ἴσως,
1124 1003 1174 1066 ἵνα
1194 1000 1238 1086 μῆ
1313 995 1315 1006 “

134 1111 179 1185 ῶς
202 1110 380 1193 α’πσστάτης
407 1110 617 1193 καταγνωσθῇ
638 1104 692 1169 καί
714 1098 855 1180 δ’ποπτος
884 1100 917 1169 τό
945 1101 1006 1168 άπδ
1040 1104 1133 1166 τοῦδε
1160 1130 1239 1187 τυγ-
1249 1104 1330 1161 f.208
1342 1123 1366 1161 r.

135 1212 219 1297 χάνη
240 1210 295 1273 καί
315 1211 577 1293 περιεσκεμμένος
598 1200 619 1290 ῆ
641 1203 696 1271 καί
717 1202 920 1290 ἀπόβλητος,
953 1205 1010 1268 συίι
1037 1201 1138 1288 ἔκρινε
1156 1206 1236 1285 μετά
1276 1257 1280 1261 .

136 1314 288 1395 κοσμικῆς
309 1310 363 1392 τῆς
388 1310 555 1392 περιβολῆς
583 1305 747 1393 ἐπιστῆναι
782 1307 823 1395 τῷ
859 1308 982 1394 α’νεψιῆί
1009 1310 1064 1369 καί
1090 1309 1238 1389 βασιλεῖ,
1293 1304 1300 1317 ’

91 1423 127 1477 10
137 1410 219 1476 attat
235 1406 292 1493 τῆν
307 1408 460 1493 ιωσμικῆν
481 1406 718 1489 τίποβαλδμενος
735 1409 842 1489 τρίχα,
862 1410 1076 1488 μεταθέμενος
1099 1408 1143 1480 εἰς
1164 1404 1238 1481 τοδς

135 1511 307 1595 μοναχοός,
329 1502 427 1583 οὕτως
450 1511 483 1574 ἐν
506 1511 629 1573 ου’τελεῖ
646 1510 690 1594 τῷ
712 1506 854 1591 σχῆματι
877 1515 940 1581 τοῖς
961 1510 1136 1588 βασιλείοις
1170 1511 1240 1572 ε’νὲι-

135 1619 236 1695 μιξεν.
280 1609 370 1677 ὁπότε
399 1612 539 1686 καὶτοῖς
565 1610 745 1683 εδουνὲτοις
767 1606 905 1691 ἀνδράσι
927 1606 1090 1725 θάμβος’
1075 1605 1163 1695 επῆει
1187 1613 1242 1673 καί

136 1708 302 1798 ἔκπληξις
347 1715 421 1793 περί
440 1709 500 1793 γάρ
525 1711 587 1773 τῶν
610 1706 840 1794 οἷφρουοόντων
869 1733 921 1773 και
949 1704 989 1772 τά
1028 1712 1162 1774 τοιαῦτα
1194 1708 1237 1793 μῆ

140 1811 367 1895 διακρινόντων
391 1811 480 1895 λόγος
506 1809 621 1885 ου’δεις.

61 1958 63 1961 -
94 1926 127 1980 15
237 1909 340 1997 Ἐπῆει
364 1904 422 1975 στίν
442 1911 567 1992 θάμβος
593 1921 658 1987 τοῖς
680 1902 764 1986 ὅπως
781 1936 810 1975 οι
802 1910 1029 1993 “¹’Poeptc1mv
1008 1917 1145 1996 αρχηγοί
1156 1911 1239 1993 μετά

137 2011 294 2099 τοσαότης
315 2014 525 2097 περιφανείας
543 2014 598 2075 καί
622 2010 837 2096 λαμπρότητος
865 2010 944 2076 κατά
970 2022 1035 2077 τῶν
1067 2012 1243 2099 ὁμοφύλων
1284 2008 1288 2016 ’

138 2113 424 2195 ἐπιστρατεύοντες,
459 2105 558 2189 οότως
581 2110 699 2192 ἀτίμως
721 2110 776 2175 καί
799 2114 919 2196 γοερῶς
946 2115 1001 2177 καί
1020 2112 1102 2193 μετά
1132 2112 1240 2177 τοιαδ-

138 2238 192 2301 της
216 2213 375 2287 εδτελείας
399 2211 455 2303 καί
477 2211 659 2292 δυσθυμίας
680 2216 868 2296 πεποίηνται
889 2210 949 2297 τῆν
976 2211 1139 2294 ἐπάνοδον,
1168 2215 1241 2279 α’ντί
1312 2290 1318 2295 ,

137 2320 196 2380 sesi
214 2318 289 2399 πρίν
313 2317 501 2392 τελουμένου
525 2320 591 2387 τοῖς
614 2311 711 2378 πάλαι
727 2312 899 2395 Ῥωμαίοις
922 2317 1072 2398 λαμπροῦ
1093 2313 1148 2378 καί
1167 2338 1241 2379 στε-

93 2412 330 2502 ιθφανηφόρου
354 2414 516 2498 θριάμβου
549 2418 780 2497 καταγέλαστον
804 2413 991 2506 κατάγοντες
1012 2441 1063 2479 και
1087 2440 1240 2481 πανευτε-

136 2520 279 2581 λίστατον
301 2518 452 2599 θέατρον,
485 2539 543 2599 την
570 2507 665 2597 ἧτταν
698 2516 737 2579 οδ
773 2516 835 2580 τῶν
866 2518 1112 2600 συστρατιωτῶν
1142 2516 1239 2597 μόνον

94 2698 97 2703 Ι
138 2615 217 2681 άλλά
240 2615 293 2680 καί
314 2616 368 2701 τῆν
391 2610 515 2681 εαυτῶν
543 2615 759 2680 κακοπάθειαν
780 2617 834 2680 καί
864 2619 1098 2700 σκληροτυχιάν
1119 2615 1237 2701 δδυνη-
1293 2627 1317 2648 ’·

138 2720 200 2800 ρῶς
222 2713 480 2803 θριαμβεύοντες.
532 2717 563 2781 τί
581 2723 696 2781 τουτου
719 2720 828 2801 γίνοιτ’
857 2709 897 2780 άν
920 2713 1143 2800 διαδηλότερον
1163 2720 1237 2781 θεο-

208 2896 250 2951 10.
270 2887 498 2969 δποβιιλλδμεκοε
517 2893 547 2951 O.
635 2894 676 2947 15.
697 2891 815 2955 αδτστξλ
833 2909 867 2946 an
885 2902 946 2954 sets
963 2894 1201 2978 προειρημένοιςλ

138 3044 301 3109 versabatur,
321 3051 348 3095 et
366 3044 518 3097 divitiarum
537 3042 601 3096 satis
613 3040 737 3106 babebat,
757 3048 834 3093 antea
852 3040 904 3091 iam
923 3041 1081 3096 redemisset
1097 3058 1172 3094 suum
1190 3045 1235 3095 ri.

136 3132 191 3169 rum
220 3124 247 3168 et
275 3117 395 3184 utrisque
420 3116 534 3167 inimicis
560 3113 702 3179 solvisset,
727 3112 799 3165 hunc
817 3112 939 3182 quidem,
970 3113 1015 3181 qui
1033 3114 1107 3165 missi
1127 3101 1237 3166 etanta

138 3204 218 3257 rege,
237 3202 291 3241 aon
311 3195 372 3240 sunt
399 3188 480 3251 nacti,
502 3186 641 3240 Gaesarem
662 3194 750 3238 autem
775 3184 860 3237 solum
885 3184 1055 3236 redemerunt
1073 3193 1100 3236 et
1118 3186 1236 3238 reduxe-

139 3268 199 3311 runt
218 3260 246 3310 in
264 3260 356 3311 urbem
376 3258 526 3327 capitalem.
561 3274 676 3326 cumque
697 3258 725 3308 in
744 3256 907 3325 Propontide
927 3265 1026 3321 essent,
1046 3257 1148 3308 veritus
1165 3257 1236 3311 Gae-

138 3347 188 3395 sar,
206 3346 241 3381 ne
259 3331 328 3383 forte
348 3338 471 3399 tanquam
490 3339 609 3397 apostata
629 3331 797 3382 damnaretur
816 3337 843 3381 et
874 3337 1013 3395 suspectus
1042 3336 1136 3395 postea
1160 3330 1238 3381 lieret

140 3411 164 3454 et
182 3404 281 3455 vitatus
299 3409 327 3452 et
347 3403 477 3466 deiectus,
496 3402 618 3475 nolebat
625 3417 683 3452 cum
702 3402 799 3451 amictu
817 3401 917 3469 insigni
938 3402 1042 3452 adstare
1068 3410 1182 3469 cognato
1210 3408 1237 3452 et

138 3471 205 3538 regi,
218 3471 287 3521 sed
280 3486 379 3537 insigni
397 3473 520 3537 deposito
541 3448 618 3525 crine
634 3480 818 3539 transgressus
837 3472 869 3523 ad
887 3472 1032 3526 monachos
1052 3473 1113 3523 ita'
1105 3489 1134 3524 m
1152 3473 1235 3523 forma

139 3542 186 3594 vili
199 3541 299 3605 regiam
312 3541 409 3591 subiit:
428 3542 532 3607 quando
550 3544 628 3592 etiarn
643 3542 817 3625 prudentibus
833 3544 899 3594 viris
918 3552 1010 3610 stupor
1029 3543 1119 3594 obibat
1133 3552 1159 3595 et
1171 3559 1236 3610 per·
1238 3569 1242 3572 ·

138 3611 268 3663 turbatio.
288 3626 348 3661 nam
369 3610 400 3660 de
419 3611 628 3676 imprudentibus
649 3619 676 3661 et
695 3613 740 3677 qui
759 3612 824 3662 talia
841 3628 895 3662 non
915 3614 1069 3676 diiudicant,
1086 3612 1178 3665 nullus
1195 3620 1237 3665 est
1262 3620 1266 3624 '

138 3696 232 3735 sermo.

187 3754 191 3759 “
236 3750 332 3805 (lbibat
351 3766 415 3820 ergo
435 3758 528 3817 stupor
546 3750 597 3815 his,
617 3750 686 3819 quod
702 3750 953 3805 Graecorumduces
971 3767 1030 3803 cum
1049 3759 1123 3803 tante
1141 3752 1234 3821 splen.

139 3825 248 3877 dorcet
273 3822 388 3875 candere
415 3830 509 3875 contra
537 3830 664 3890 cognatos
691 3822 847 3887 bellantes,
876 3831 928 3873 tarn
948 3824 1062 3889 turpiter
1089 3831 1124 3879 et,
1138 3826 1234 3876 misere

140 3905 164 3948 et
181 3894 228 3947 tali
249 3910 307 3946 cum
327 3892 432 3946 vilitate
452 3902 479 3946 et
497 3895 577 3945 animi
597 3893 747 3945 abiectione
766 3900 839 3945 retro
858 3894 947 3945 ierunt
962 3908 1010 3960 pro
1030 3902 1109 3945 antea
1127 3905 1233 3963 peracte

139 3984 153 4019 a
172 3966 270 4034 priscis
290 3965 397 4019 Graecis
417 3965 556 4032 splendido
577 3974 604 4017 et
623 3973 749 4016 coronato
769 3963 900 4031 triumpho
920 3964 1060 4017 ridiculum
1073 3966 1234 4022 deducentes

138 4047 163 4091 ct
181 4038 338 4089 vilissimum
354 4035 546 4109 spectaculum,
565 4038 598 4089 de
616 4034 695 4088 ‘clade
715 4051 770 4087 non
788 4034 953 4119 collegarum
971 4036 1124 4089 militarium
1148 4039 1234 4092 solum

39 4134 41 4137 ·
137 4110 180 4164 sed
204 4110 283 4161 etiam
310 4109 343 4160 de
374 4123 422 4159 sua
449 4104 555 4159 fortuna
589 4116 617 4159 et
646 4108 796 4159 calamitate
823 4107 888 4159 dura
914 4109 1013 4160 misere
1031 4110 1231 4177 triumphantes.

138 4182 197 4249 quid
215 4181 266 4233 bne
286 4196 316 4231 re
335 4186 426 4245 potest
444 4195 503 4231 esse
518 4178 616 4231 clarius
635 4180 730 4233 mentis
751 4178 884 4231 alienatae
907 4180 1119 4232 documentum?
1137 4197 1233 4251 quam-

137 4251 225 4305 ebrem
246 4254 324 4304 etiam
344 4251 481 4302 admiratio
500 4266 543 4301 me
563 4252 693 4333 incessit,
722 4252 854 4320 quomedo
873 4250 1033 4305 Graecorum
1052 4268 1146 4321 reges,
1173 4268 1232 4305 cum

183 4348 264 4403 ilict.
281 4346 364 4401 Attal.
377 4348 451 4403 Hac
1004 4348 1037 4401 13
