3017 4892
586 272 815 408 meremus
1069 408 1073 421 ,
1170 274 1241 403 rsa
1292 406 1300 414 .

144 513 269 581 ἐνίσιιον
302 512 476 597 Τουριιιιιέν
505 510 721 597 ἐφελόμενος,
746 508 909 599 ζπαρήχδη
933 512 993 593 μέν
1016 511 1083 574 κατ’
1107 500 1184 589 ὅφιν
1201 508 1270 597 τρί’

141 622 274 700 βασιλεῖ
298 614 486 695 δεδεμένος,
511 619 647 695 τιμωρία
676 614 705 676 δ’
737 616 906 699 ἐψηφίσθη
938 613 996 676 rad
1017 605 1244 695 ἁμαρτήματος

135 716 392 802 Χτίπερφέρουσα·
449 710 486 776 od
508 714 570 796 γάρ
592 716 626 777 ἐν
647 712 811 799 χρήμασιν
840 714 859 797 ή
882 715 979 797 ζημία
1002 704 1151 793 διάρέστο
1174 708 1244 772 ar'll’

146 819 182 881 ἐν
208 813 297 901 ῥινὸς
319 815 450 902 ἐκτομῇ.
492 809 592 877 πολλά
617 815 652 878 δέ
675 817 951 897 παρακαλέσαντος
973 813 1033 876 rod
1055 805 1245 893 οἷνθράποο,

115 916 202 995 δοιοί
225 915 330 981 πάντα
351 912 390 980 τά
414 910 530 980 ἑαυτοῦ
550 916 737 998 προεμένου,
761 917 817 979 καί
833 915 1094 998 προβαλλομένου
1115 911 1245 993 μεσίτην

144 1019 203 1103 τήν
234 1015 411 1082 πάνσεπτον
436 1014 541 1080 εἰκόνα
573 1018 629 1098 τῆς
664 1008 871 1098 πανυμνήτου
897 1014 1063 1096 δεσποίνης
1093 1009 1241 1074 &rosinae

144 1121 202 1201 τῆς
222 1119 511 1200 Βλαχερνιτίσσης,
543 1111 613 1200 ήτις
639 1112 748 1179 εἰώθει
769 1123 833 1189 τοῖς
860 1122 980 1189 πιστοῖς
999 1116 1188 1195 βασιλεῦσιν
1211 1111 1246 1175 ἐν
1266 1140 1286 1184 t·

145 1220 362 1302 ἐκστρατείαις
382 1216 426 1291 (ἐς
446 1212 696 1299 άπροσμάχητσν
712 1208 808 1279 ὅπλον
824 1216 1168 1298 συνευστρατεάεσθαι,
1190 1202 1273 1275 adal

146 1320 246 1401 εἰσήει
278 1311 377 1394 οἶκτος
405 1320 448 1405 τῷ
476 1323 619 1403 βασιλεῖ,
642 1316 710 1380 ἀλλ’
732 1316 801 1380 οὐδ’
831 1314 929 1392 αίδιές
949 1317 1004 1398 τῆς
1024 1317 1058 1379 ἐκ
1078 1316 1135 1378 τοῦ
1158 1315 1247 1377 θείου

101 1420 362 1500 ίθείιιονίσμοτος
393 1418 545 1493 α’συλίας·
597 1418 733 1502 ἐρῶντος
768 1420 795 1481 δ’
830 1417 931 1483 ου’τοῦ
962 1414 1250 1495 audacissumos*

146 1517 246 1600 οιάτής
269 1523 323 1601 τῆς
346 1516 463 1594 εἰκόνος
483 1520 741 1602 βασταζομένης,
771 1514 941 1601 άπετμήδη
962 1513 1036 1598 τήν·
1051 1514 1122 1599 ρ’ϊνα
1144 1513 1161 1579 ὁ
1181 1515 1249 1577 δεί-

146 1622 251 1703 λαιος,
281 1615 399 1704 κράξας
426 1623 507 1701 μέγα
537 1619 593 1681 καί
623 1614 772 1694 στενάξας
803 1614 837 1679 τά
859 1612 985 1697 βύθιον.
1028 1611 1109 1695 ro'ra¹
1122 1612 1161 1698 δή
1183 1609 1249 1678 τότε

143 1709 284 1803 μεγάλην
305 1716 385 1800 ἡμῖν
404 1716 536 1783 ἔσεσθαι
571 1716 628 1801 τήν
659 1719 693 1781 ἐκ
714 1722 773 1780 τοῦ
806 1719 895 1780 θείου
918 1719 1045 1796 νέμεσιν
1068 1736 1249 1800 προοοττευ-

145 1817 252 1901 σάριην
273 1819 381 1894 αὐτός.

103 1939 137 1993 15
242 1912 499 2003 Ἀντεισαγαγιέν
535 1923 571 1985 δέ
596 1923 641 1996 εἰς
667 1916 712 1985 τά
735 1910 817 1983 ἄστυ
848 1921 969 2003 πλῆθος
993 1914 1172 2000 Ῥωμαϊκὸν
1197 1913 1252 1979 καί

50 2003 59 2013 ”
147 2017 322 2103 στρατηγὸν
345 2016 524 2104 ἐπιστήσας,
549 2023 728 2103 ἐπανῆλθεν
757 2022 802 2095 εἰς
824 2018 880 2106 τήν
913 2015 1128 2104 παρεμβολήν,
1151 2012 1250 2081 παιά-

147 2110 213 2194 νοις
243 2125 298 2184 καί
329 2121 505 2205 εὐφημίαις
534 2124 589 2184 καί
610 2132 775 2204 νικητικοῖς
804 2124 1029 2207 ἐπιφωνήμασι
1050 2119 1249 2201 σεμνυνόμε-

146 2243 208 2294 νος.
250 2224 290 2303 τή
310 2223 339 2285 δ’
357 2219 509 2303 ἐπαύριον
528 2225 695 2303 μέλλοντος
725 2223 826 2287 αὐτοῦ
849 2218 1054 2306 συνθήμασιν
1077 2214 1248 2305 ἐγγράφοις

146 2318 201 2384 ιιαέ
221 2319 346 2408 δαπάνη
369 2323 432 2383 τῶν
453 2318 542 2385 ἔνδον
563 2324 787 2405 καταγοράσαι
820 2319 854 2386 τά
881 2322 1037 2407 φρούριον
1058 2318 1114 2383 καί
1133 2320 1248 2383 ου’τίκα

103 2423 223 2505 σαπρὸς
243 2416 278 2486 τέ
300 2424 406 2485 Χλίατ
429 2420 650 2505 ἀναδραμεῖν,
685 2422 777 2507 φήμη
801 2447 848 2496 τις
871 2424 1059 2513 ἐπεφοίτησε
1079 2422 1248 2501 πολεμίους

147 2512 245 2587 ποδέν
265 2524 452 2608 ἐπιτεθῆναι
472 2533 536 2598 τοῖς
558 2525 603 2598 είς
617 2520 673 2607 τήν
696 2526 784 2590 λείαν
802 2526 921 2603 ἐξιοῦσι
943 2523 1146 2608 στρατιωτῶν
1164 2522 1250 2603 ἐπη-

148 2628 253 2709 ρέταις
275 2629 618 2709 προοαπαγγέλλουσα,
639 2628 693 2688 καί
714 2623 936 2707 διαταράττειν
966 2621 1022 2686 καί
1041 2620 1250 2707 κατατρίχειυ

149 2723 277 2799 αὐτούς.
321 2722 509 2811 φθανοιίσης
530 2726 565 2790 δέ
585 2725 642 2811 τήν
663 2721 776 2811 ἐτίραν
804 2722 924 2811 ἐτέρας,
946 2721 1035 2813 ᾠήθη
1058 2723 1074 2789 d
1096 2720 1250 2807 βασιλευς
1322 2815 1326 2820 ⁸

177 2881 187 2903 ⁰
220 2910 246 2961 5.
271 2923 306 2961 an
322 2908 460 2982 μεσῖτινδ
550 2912 591 2964 13.
610 2908 881 2985 προωπτευσιίμηνῖ

151 3097 237 3151 poena
255 3090 342 3133 autem
362 3090 457 3136 statuta
476 3090 518 3137 est
535 3092 647 3155 peccato
665 3087 767 3137 maior:
793 3100 882 3153 neque
902 3085 972 3137 euim
998 3082 1097 3138 mulcta
1115 3083 1250 3150 punieba-

150 3164 200 3220 tur,
220 3156 267 3206 sed
294 3154 402 3208 naribus
420 3156 624 3209 abscindendis:
645 3174 703 3209 cum
722 3172 788 3209 vero
810 3157 919 3210 multum
938 3163 1061 3224 precatus
1082 3162 1153 3207 esset
1171 3154 1250 3205 bomo

151 3235 177 3277 et
195 3227 283 3277 omnia
301 3242 349 3278 sua
369 3228 516 3294 proiic'eret
535 3238 562 3281 et
580 3231 752 3297 protenderet
770 3230 913 3297 imaginem
932 3228 1180 3281 reverendissimam
1199 3228 1251 3277 do.

150 3298 234 3349 minae
260 3297 469 3351 Blacheruensis
494 3301 536 3351 dci
564 3302 654 3353 matris
678 3302 837 3369 hymnisque
863 3301 1031 3364 celebratae,
1058 3315 1126 3369 quae
1146 3298 1251 3367 quidem

149 3369 253 3421 solebat
276 3384 335 3420 cum
354 3370 478 3424 fidelibus
498 3373 607 3441 regibus
632 3374 658 3422 in
685 3374 899 3440 expeditionibus
924 3374 1000 3443 quasi
1019 3373 1147 3442 invictum
1169 3369 1251 3423 telum

89 3487 95 3499 ,
148 3440 301 3506 proficisci,
327 3448 415 3492 tamen
440 3457 494 3493 nou
513 3444 625 3495 incessit
642 3445 825 3496 misericordia
852 3461 961 3514 regem,
981 3444 1029 3497 scd
1046 3460 1080 3495 nc
1098 3443 1252 3496 reverentia

150 3510 254 3577 quidem
291 3513 439 3563 sanctitatis
474 3513 581 3564 divinae
611 3515 773 3582 imaginisz'
790 3517 817 3565 in
847 3525 992 3584 conspectu
1023 3524 1110 3567 autem
1142 3515 1199 3565 eius
1225 3518 1253 3564 et

151 3582 266 3633 omnium
290 3588 371 3647 atque
396 3584 463 3633 adeo
482 3585 566 3648 ipsius
590 3586 713 3652 imaginis
730 3595 817 3637 tactae
836 3588 918 3639 miser
935 3587 1043 3639 naribus
1062 3587 1181 3653 privatus
1201 3591 1251 3646 est,

150 3664 272 3717 magnum
301 3649 399 3701 tollens
432 3651 575 3702 clamorem
606 3662 633 3703 et
657 3670 693 3723 px
719 3657 774 3706 ulto
800 3666 909 3722 pectore
940 3658 1085 3723 suspirans.
1113 3664 1166 3705 tum
1185 3667 1251 3706 vero

152 3720 274 3787 equidem
291 3736 410 3789 magnam
429 3722 507 3773 nobis
526 3723 655 3775 ultionem
673 3740 688 3775 a
707 3727 758 3776 deo
779 3735 933 3779 eventuram
952 3743 1011 3777 esse
1031 3726 1165 3777 divinatus
1184 3741 1250 3775 sum.
1277 3794 1280 3803 Ι
1350 3766 1354 3776 ,

222 3809 308 3872 Quum
326 3826 391 3862 vcro
408 3811 568 3864 Graecorum
588 3813 782 3865 multitudinem
801 3817 828 3865 iu
847 3815 937 3867 urbem
955 3814 1103 3867 induxisset
1113 3822 1140 3865 et
1158 3815 1251 3866 ducem

151 3882 183 3933 iis
202 3880 393 3947 praefecisset,
419 3885 446 3935 in
466 3892 553 3936 castra
571 3885 665 3949 rediit,
692 3887 837 3953 pacanibus
857 3895 884 3937 et
902 3884 1022 3939 cantibus
1042 3902 1073 3937 ac
1092 3885 1251 3939 carminibus

152 3950 354 4017 triumphalibus
382 3955 551 4007 celebratus:
569 3965 678 4023 postero
697 3966 784 4009 autem
805 3958 847 4009 die
869 3974 925 4009 cum
953 3956 1119 4024 pactionibus
1145 3958 1251 4024 scriptis

151 4040 181 4075 ac
200 4022 345 4090 largitione
364 4026 512 4078 incolarum
532 4027 671 4079 castellum
697 4030 748 4080 sibi
783 4029 927 4080 conciliare
954 4037 981 4079 et
1006 4030 1092 4081 statim
1117 4028 1250 4083 Chliatum

152 4096 251 4147 reverti
272 4094 367 4159 vellet,
388 4098 455 4148 lama
474 4100 636 4164 percrebuit,
657 4099 749 4153 hostes
769 4100 866 4153 alicubi
888 4102 987 4151 instare
1006 4103 1092 4153 servis
1112 4102 1181 4151 inter
1197 4102 1251 4150 mi.

151 4166 212 4218 lites
231 4167 374 4233 praedandi
392 4173 474 4221 carisa
492 4172 609 4238 egressis
636 4187 737 4241 eosque
762 4173 918 4241 dispergere
943 4188 974 4223 ac
997 4173 1118 4241 perdere.
1156 4171 1250 4222 nuntio

153 4244 237 4291 autem
256 4240 350 4325 nuptio
369 4240 486 4300 instante
504 4256 552 4301 rex
577 4242 669 4308 ducem
689 4243 786 4307 sultaui
806 4246 934 4313 quendam
954 4260 1012 4298 cum
1032 4244 1164 4299 exercitus
1175 4248 1252 4309 parte
