3017 4892
604 323 814 400 msroam
1015 285 1020 290 ’
1221 274 1293 395 ετ

164 493 306 573 γίνεται,
342 489 404 556 τοῖν
419 481 587 567 Ῥωμαίων
620 487 839 570 ἄρκευθέντοον
869 481 992 558 τούτοις
1012 478 1069 547 καί
1087 476 1272 567 χειροήθεις

165 590 343 672 οἰηθέντων
358 589 491 673 ποιῆσαι
510 583 587 662 τούς
607 587 767 670 μηδέποτε
796 585 983 668 γενομένους
1001 584 1079 668 μηδ’
1097 583 1161 661 ἕξιν
1181 576 1271 663 ἕχον-

164 715 225 766 τας
246 691 404 774 γίνεσθαι.
447 689 503 752 καί
524 683 554 752 oi
581 688 641 770 μὲν
660 687 799 770 α’ρχηγοί
820 681 937 751 τούτων
955 685 998 771 τῷ
1015 687 1147 766 βασιλεῖ
1163 705 1271 764 παρα-

167 795 362 873 adprosam,
395 786 425 854 oi
458 791 494 856 dd
527 789 632 854 λοιποί
660 795 725 863 τοῖς
746 785 839 864 ἰδίοις
867 782 987 872 χάραξι
1011 781 1272 871 σςνετηρὴθησαν

137 887 316 968 ὁπ’πύθεῖς.
681 885 684 888 ’
827 967 833 977 .

206 1007 210 1018 “
268 990 479 1079 Λοοφησύσης
509 995 545 1058 dd
564 993 618 1076 τῆς
641 990 757 1071 νόσου,
774 989 828 1054 καί
847 980 953 1073 ὥσπερ
975 981 1081 1075 ύφεοιν
1104 982 1167 1050 riui
1190 987 1269 1068 θύρ-

165 1117 229 1179 μης
252 1090 420 1177 εύριύστοος
440 1093 694 1178 συγκινουμίνων
709 1092 816 1156 αύτούν
832 1093 892 1156 ταί
911 1085 1007 1168 δόξαν
1026 1081 1273 1172 παρευχηκύτων

163 1191 278 1276 ἰσχύος
299 1191 588 1278 δυσκατεργάστου,
609 1190 727 1258 σκοτιόν
747 1187 840 1274 ἔσχον
862 1185 878 1252 ὅ
898 1187 1050 1272 βασιλεύς
1071 1184 1148 1262 τὀύς
1168 1187 1273 1271 οἷρχη-
1354 1217 1359 1222 ·

165 1291 242 1377 γούς
273 1293 379 1360 aaron
416 1288 605 1360 ἀποστεῖλαι
636 1295 859 1369 συνετίσοντας
888 1287 986 1374 τυχὸν
1019 1287 1054 1355 τὸ
1089 1283 1272 1375 ὁμόφυλον·

122 1392 262 1478 ιοὲτυχε
282 1393 343 1478 γὰρ
361 1392 481 1472 ου’τούς
503 1397 558 1479 τῆς
578 1399 634 1459 τοῦ
652 1395 744 1460 θείου
766 1393 902 1478 λουτροῦ
916 1390 1155 1474 παλιγγενεοιλις
1175 1413 1273 1454 κατα-

166 1498 279 1575 ξιτύσαι
302 1499 356 1561 καί
384 1501 567 1582 φιλοτιμίας
597 1498 732 1575 ιίξιύσοι
762 1493 922 1579 μεγίστης.
972 1488 1027 1558 καί
1061 1486 1100 1572 δη
1131 1497 1271 1553 ποιεῖται

163 1595 293 1674 τούτους
322 1599 379 1682 τῆς
408 1595 516 1682 μάχης
547 1593 631 1679 τύχοι
663 1599 938 1679 καταλλακτῆρας,
968 1593 1025 1656 κατ’
1053 1599 1123 1668 ταῖς
1143 1587 1274 1664 οἰκείαις
1362 1643 1365 1647 .

163 1702 318 1780 φατρίαις
351 1690 450 1772 αὖθις
484 1693 644 1774 οἷναοούζει
672 1699 727 1762 καί
754 1695 984 1778 παροδεύουσιν.
1033 1686 1113 1773 ἔγνον
1130 1691 1185 1776 ,δὲ
1204 1686 1274 1754 τότε

164 1798 292 1878 πρῶτον
314 1790 363 1862 ὅτι
378 1793 486 1881 μύτην
509 1798 654 1862 Αἰθίοπα
677 1797 832 1860 λευκᾶναί
843 1817 891 1868 τις
912 1794 1129 1872 ἐπιβάλλεται,
1150 1787 1207 1856 καί
1226 1785 1274 1854 ύτι

122 1906 155 1960 15
164 1887 239 1980 ὅφιν
259 1899 389 1982 τρέφειν
411 1900 465 1960 καί
480 1885 616 1980 πονηρὸν
636 1893 814 1979 εὐεργετεῖν
836 1887 955 1974 ὅμοιον,
976 1889 1033 1957 καί
1052 1890 1119 1956 οὐδ’
1139 1885 1272 1956 ἕκαστον

164 1993 285 2060 τούτων
309 1995 328 2076 ἦ
356 1995 454 2081 χάρις
485 1989 660 2060 ύποτίκτειν
692 1993 808 2060 εἴωθεν
837 1985 982 2058 εύνοιαν·
1032 1986 1115 2056 κατοὶ
1142 1986 1202 2073 γάρ
1231 1987 1268 2054 τύ
1344 2073 1352 2083 ,

164 2096 279 2160 οἰκεῖον
301 2093 393 2170 ἔθνος
423 2097 581 2178 γενόμενοι
603 2095 710 2185 ,πάντα
744 2095 896 2179 πράττειν
926 2087 986 2159 ὅσα
1006 2087 1040 2158 τύ
1066 2088 1141 2180 ἔθος
1161 2089 1270 2166 αὐτοῖς

162 2191 296 2281 παρῄνει
327 2200 383 2260 κοί
411 2198 592 2282 διηρέθιζεν
628 2197 686 2278 ουίι
716 2197 904 2284 ἀπείχοντο,
936 2201 1082 2278 συνεχεῖς
1111 2187 1270 2278 τ’τδρομᾲς
1303 2186 1336 2264 ’4

161 2291 434 2378 ε’ργοιζόμενοικοί
453 2301 761 2384 λαφυραγωγούντες
782 2293 819 2361 τύ
840 2293 944 2386 κύκλῳ
965 2298 1021 2360 καί
1032 2295 1095 2358 πύν
1109 2289 1145 2359 τύ
1168 2315 1269 2376 προσ·

56 2420 67 2426 ·
117 2393 260 2478 λθτυχύν
280 2395 478 2482 ληιζόμενοι,
511 2397 567 2464 καί
590 2399 646 2482 την
669 2396 852 2482 Ῥουμαϊκην
885 2401 954 2481 γην-
976 2405 1042 2472 τοῖς
1074 2384 1396 2476 simoneni-1⁷³¹·

163 2492 320 2563 Αύσύνων
342 2501 525 2576 πιαίνοντες.
548 2501 598 2566 od
621 2503 677 2566 καί
693 2497 942 2584 συνηναγκάσθη
961 2496 1056 2562 πάλιν
1078 2490 1095 2559 ri
1115 2495 1269 2580 βασιλεύς

164 2599 244 2667 κατὰ
268 2601 330 2664 τοῖν
351 2598 528 2686 βαρβάρων
548 2601 660 2667 ε’λύσαι
679 2596 835 2682 ’στρατιὰν
849 2597 1037 2682 α’ξιύμαχον.
1079 2599 1135 2664 καί
1154 2602 1270 2664 συνελ-

164 2695 285 2786 θούσης
306 2693 407 2785 αύτῆς
434 2701 489 2766 καί
520 2710 585 2780 τοῖς
616 2701 772 2776 ἐναντίοις
800 2700 1136 2786 ύντιπαροιταξομίνης
1164 2695 1269 2788 μάχαι

240 2878 281 2932 10.
301 2878 503 2943 annotatione?
599 2880 641 2931 11.
662 2876 812 2945 diodone?
884 2877 926 2932 16.
946 2878 1046 2952 ἑτέρου
1058 2891 1094 2931 aa
1112 2874 1269 2950 ἑκατέρουλ

103 3048 110 3052 -
161 3033 280 3078 reantur.
320 3034 347 3079 et
367 3026 505 3094 dissipatio
525 3033 580 3078 tum
600 3027 735 3080 exereitus
752 3026 797 3091 iit,
825 3041 884 3078 euru
904 3024 1016 3080 Romani
1036 3024 1157 3076 contenti
1176 3030 1268 3076 assent

162 3096 203 3150 bis
223 3107 297 3152 etse
318 3113 365 3150 eos
383 3108 538 3151 mansuetos
565 3107 689 3165 putarent
708 3098 836 3162 iaeturos,
867 3097 914 3165 qui
932 3111 1066 3164 nunquam
1086 3095 1157 3148 tales
1172 3095 1269 3147 flerent
1308 3153 1312 3157 ,
1373 3108 1377 3113 ·

145 3184 250 3236 -neque
269 3169 423 3222 facultatem
442 3170 572 3222 baberent
592 3171 671 3234 buius
688 3172 740 3222 rei.
786 3179 868 3238 atque
894 3169 976 3220 duoes
995 3168 1103 3236 quidem
1119 3166 1214 3218 borum
1234 3166 1268 3220 ad

161 3254 252 3364 reglem
269 3243 417 3308 mittuntur,
437 3244 521 3295 ceteri
541 3250 629 3294 autem
643 3243 763 3310 ipsorum
780 3242 888 3294 munitis
903 3240 972 3292 locis
992 3237 1204 3293 observabantur
1222 3239 1267 3291 ia..

161 3326 197 3362 eo
211 3328 295 3366 umes.
382 3333 387 3340 ·

260 3383 325 3437 Cum
347 3393 436 3438 autem
462 3397 595 3440 cessasset
619 3385 727 3440 morbus
754 3392 782 3436 et
806 3385 877 3437 sicut
900 3391 1041 3450 serpentes
1067 3381 1159 3434 calore
1178 3381 1268 3434 aalide

159 3465 349 3508 removerent
374 3457 416 3507 illi
442 3467 469 3510 et
487 3460 641 3525 opinionem
662 3458 843 3511 obtinuissent
858 3455 964 3508 roboris
983 3452 1179 3518 intractabilis,
1197 3466 1266 3504 con-

159 3525 249 3582 silium
267 3525 358 3576 babuit
376 3542 424 3578 rex
442 3529 523 3580 duces
542 3546 634 3582 eorum
651 3528 772 3582 mittendi
801 3536 830 3580 ut
860 3528 997 3580 erudirent
1019 3541 1106 3594 genus
1123 3532 1267 3592 cognatam

159 3596 231 3662 quod
247 3595 346 3648 aderat.
359 3598 456 3648 aeeidit
469 3601 539 3650 enirn
551 3609 581 3651 ut
594 3615 640 3652 eos
654 3599 778 3654 novando
793 3599 886 3651 divino
897 3599 1028 3664 baptismo
1038 3597 1150 3664 dignare
1164 3594 1268 3646 veilent
1306 3629 1310 3636 -

161 3663 309 3720 ethonore
329 3665 424 3734 dignos
453 3666 553 3720 babere
571 3671 695 3721 maximo.
747 3677 828 3736 atque
853 3671 894 3720 sie
919 3670 984 3719 facit
1009 3681 1056 3719 eos
1203 3679 1266 3714 mox

160 3737 349 3792 conciliatores
370 3746 397 3790 et
415 3738 569 3792 domesticis
588 3739 713 3807 gentibus
731 3753 824 3791 rursus
843 3739 961 3790 restituit
991 3745 1018 3790 et
1036 3737 1125 3790 tradit.
1154 3739 1210 3789 inte
1223 3735 1267 3788 le.

158 3810 198 3862 xit
216 3817 304 3861 autem
324 3817 377 3860 turn
397 3811 518 3876 primum,
539 3811 638 3862 trustra
651 3810 814 3876 Aethiopem
833 3809 925 3862 albane
944 3809 1063 3877 aliquem
1080 3809 1139 3872 niti,
1160 3817 1188 3860 et
1205 3825 1266 3862 ser.

158 3889 266 3947 pentem
291 3881 366 3934 aiere
391 3889 418 3933 et
436 3881 506 3932 malo
533 3882 686 3934 beneficere
712 3881 782 3932 idem
801 3895 879 3945 esse,
904 3896 994 3948 neque
1024 3880 1154 3948 cuiusque
1173 3880 1266 3934 borum

157 3955 270 4022 gratiam
294 3968 389 4019 parere
414 3952 504 4007 solere
522 3953 759 4017 benevolentiam
785 3953 885 4004 etenim
914 3967 974 4004 cum
1000 3952 1124 4019 proprius
1150 3952 1267 4020 populus

158 4025 221 4078 iacti
242 4033 332 4076 essent
346 4025 545 4090 ommutescere,
566 4027 599 4078 ad
613 4039 752 4094 quaemus
770 4039 817 4077 eos
836 4023 992 4076 hortabatur
1011 4032 1038 4076 et
1056 4022 1199 4088 excitabat,
1212 4038 1266 4077 nou
1332 4070 1336 4077 a

158 4096 336 4160 desistebant,
362 4113 420 4148 eum
447 4099 590 4165 continuos
618 4099 733 4164 impetus
752 4096 874 4150 iacerent
893 4103 920 4147 et
936 4095 1087 4162 spoliarent
1105 4111 1176 4163 quae
1194 4097 1267 4146 eirea

155 4176 235 4222 erant
248 4176 275 4219 et
288 4183 465 4238 quaeeunque
477 4178 660 4234 occurrerent,
680 4171 821 4238 privarent
840 4175 867 4220 et
879 4167 1006 4223 Graecam
1024 4175 1122 4220 terram
1135 4166 1266 4234 sauguine

157 4237 445 4296 ussermannus
471 4250 581 4310 propter
607 4242 678 4312 quod
698 4242 778 4294 etiarn
803 4247 912 4296 eoaatus
938 4247 981 4300 ast
997 4254 1090 4299 rursus
1106 4254 1155 4292 rex
1174 4245 1266 4292 eonas
