3017 4892
263 333 312 414 tt
548 339 771 411 ntentans
800 337 1062 410 nmattortn

263 508 397 590 σάμενον
422 507 466 570 δι’
496 504 606 570 adseri.
658 503 700 574 oie
731 507 760 568 δ’
790 507 994 585 ἀπεπέμπετο
1024 504 1079 570 καί
1105 505 1187 570 κατά
1208 503 1331 589 χάραν
1360 503 1385 567 ά

159 689 164 698 ,
259 609 475 692 θηριούμενος
498 603 600 687 ἔμενε,
622 610 677 672 καί
693 632 723 672 τι
745 606 907 689 προάργου
930 604 1063 688 πράξειν
1082 605 1382 691 α’πηνοισχάντουν

263 709 292 776 οἱ
315 707 348 773 ὲν
368 709 463 796 oded,
484 705 721 790 προσαράσσειν
743 715 812 782 ταῖς
833 709 954 781 καίπαις
977 705 1034 769 οάκ
1055 709 1089 783 ἐξ
1109 707 1262 782 εάπλοίας
1281 732 1381 790 σχη-

261 808 473 891 ματιζόμενα.
527 809 738 883 διασωθέντος
769 811 876 872 τοίνυν
904 812 961 870 τοῦ
980 811 1139 887 βασιλέως
1166 805 1301 890 άθιμοῦς
1337 810 1379 872 ἕν

261 919 324 988 τοῖς
357 908 556 992 άνακτάροις,
596 911 666 975 ἐπεὶ
703 912 761 974 καί
777 904 813 970 -ά
843 907 956 975 τοάτου
986 907 1189 994 αάτάδελφος
1224 908 1279 972 διά
1309 909 1408 992 τῆς5

263 1009 382 1096 άγοράς
407 1006 520 1096 προῄει
547 1014 833 1094 προπορευομίνονν
869 1014 973 1074 aaron
1005 1011 1061 1072 καί
1092 1007 1376 1091 περικυκλοάντων

263 1111 464 1195 σιραιιοοτάν
480 1109 710 1194 ἑγχεσιμάχονν,
735 1111 883 1174 διάλυσιν
903 1108 1065 1193 ἐλάμβανε
1079 1097 1123 1174 ’τά
1136 1111 1191 1191 τῆς
1202 1109 1373 1184 στάσεως·

36 1218 40 1224 ’
119 1205 208 1271 titt
227 1213 321 1278 ν.τοῦ
342 1209 404 1292 γάρ
428 1203 527 1299 άλλου
549 1209 693 1293 πλήθους
715 1212 773 1293 τῆς
791 1211 913 1286 πόλεως
930 1210 976 1295 μή
1007 1212 1282 1292 συναποστατῆσαι
1305 1206 1374 1274 θεὲ·

263 1309 416 1394 λη’σαντος
437 1313 492 1374 καί
511 1312 795 1396 συνδιαφθαρῆναι
829 1312 869 1397 τῇ
897 1315 959 1376 τῶν
988 1306 1163 1392 ἐπιβούλων
1193 1307 1370 1392 σκαιότητι,

264 1408 363 1496 φόβος
384 1413 535 1491 κατέσχεν
563 1407 690 1484 αυίοάς.
744 1415 800 1475 καί
827 1409 858 1476 οἱ
892 1415 952 1492 μὲν
976 1409 1196 1496 ἐπισημότεροι
1226 1407 1281 1474 καί
1305 1409 1419 1490 τάςςρ

263 1506 463 1592 άπλισμίνας
484 1502 546 1595 ἤδη
562 1510 870 1594 παραγυμνῶσανιες
892 1517 934 1602 spi
948 1514 1076 1600 μεγάλῳ
1098 1511 1154 1575 καί
1174 1513 1369 1600 περιωνάμιμ

262 1612 329 1698 νοοῖ
349 1613 405 1695 τῆς
425 1615 484 1676 τοῦ
504 1614 585 1675 θεοῦ
607 1613 725 1697 σοφίας
740 1615 973 1698 προσέδραμον,
1000 1611 1059 1696 τήν
1080 1613 1155 1694 περὶ
1167 1615 1277 1694 ψυχῆς
1297 1637 1365 1676 σοι·

259 1714 370 1796 τηρίαν
391 1714 456 1776 uois
475 1705 579 1776 ἄλλων
601 1707 758 1793 άπάντοον,
776 1712 952 1797 χρημάτων
981 1715 1017 1777 ιε’
1036 1736 1144 1798 φαμεν
1166 1712 1221 1797 καί
1239 1709 1366 1796 κτημά-

260 1835 333 1892 τοιν,
355 1811 653 1893 άνταλλαττόμενοιε
698 1811 727 1876 οἱ
750 1815 785 1876 δὲ
808 1818 920 1877 λαθεῖν
939 1816 1099 1899 οἰηθέντες
1129 1816 1184 1878 ε’πί
1204 1812 1261 1886 τάς
1284 1808 1365 1876 ἑαυ·

260 1915 323 1977 τοῖν
343 1916 504 1988 κατοικίας
523 1914 579 1976 καί
598 1913 773 1988 συναυλίας
794 1908 902 1997 ἑτέρας
923 1910 1210 1996 διεσκεδάσθησαν.
1245 1914 1365 1993 ἐξῆλθε
1374 1936 1409 1988 15

262 2013 297 2076 δὲ
318 2011 373 2076 καί
394 2011 412 2073 ά
432 2011 488 2094 τῆς
521 2011 642 2089 πόλεως
674 2011 814 2096 ἔπαρχος
836 2013 922 2094 ’μετά
958 2012 993 2078 τὰ
1017 2012 1075 2098 τὴν
1099 2012 1228 2096 πολλήν,
1247 2009 1283 2076 τά
1305 2011 1365 2074 soi

260 2108 363 2193 λόγου,
384 2114 565 2196 τυφδείσαν
585 2113 764 2194 θάλασσαν,
785 2116 819 2178 τὸ
844 2123 1037 2199 φλεγμαῖνον
1067 2114 1121 2178 καί
1128 2107 1240 2187 ,αάτάς
1262 2135 1363 2176 κατοι-

261 2212 415 2292 orditur,
437 2214 493 2274 καί
514 2216 668 2297 συνεμίγη
689 2217 734 2302 τῷ
764 2217 822 2278 τοῦ
851 2220 1008 2296 βασιλέως
1030 2215 1182 2296 ὄμαιμονι
1204 2209 1283 2276 κατά
1305 2209 1363 2291 τὴν

264 2310 385 2396 άνοράν
403 2315 617 2394 προοδεύοντα
640 2300 722 2396 ἦσαν
745 2317 808 2399 γάρ
830 2316 1062 2398 ἀναλαβόμενοι
1081 2315 1196 2390 πάντες
1218 2310 1362 2394 ἑαυτούς,

222 2439 238 2464 2
263 2406 455 2476 καὶτούτων
476 2417 723 2496 συγκροτοάνιες
750 2416 789 2480 τά
811 2416 996 2502 νικητήρια,
1024 2419 1080 2480 καί
1106 2423 1171 2490 τοῖς
1190 2416 1406 2499 βασιλεῦσιηρ

192 2595 194 2604 x
262 2507 296 2578 τό
317 2513 431 2599 κράτος
453 2510 705 2602 ίπικροτοῦντες,
737 2521 794 2582 καί
818 2516 880 2582 σάν
907 2516 1083 2603 εάφημίαις
1103 2519 1157 2581 καί
1176 2515 1363 2599 θυμιάμασι

262 2620 425 2692 πλείσταις
446 2615 504 2701 τὴν
524 2619 713 2704 προπομπὴν
744 2617 960 2702 ἐργαζόμενοι.

355 2716 410 2792 Ὡς
440 2719 476 2783 δὲ
508 2717 698 2794 κατάστασις
727 2717 804 2803 ἔσχε
831 2722 885 2784 καί
906 2720 1038 2804 νηνεμία
1060 2720 1152 2785 τουτί
1177 2718 1214 2786 τὸ
1237 2722 1361 2784 κλυδά.

260 2839 325 2883 stov
340 2821 431 2901 ,καί
455 2817 608 2904 παντελὴς
634 2821 836 2908 πληροφορία
868 2829 934 2897 τοῖς
963 2820 1037 2904 περί
1072 2819 1125 2886 τὸν
1150 2824 1286 2903 βασιλέα
1307 2823 1362 2886 καί

261 3125 325 3186 pote
344 3117 389 3186 qui
408 3116 552 3171 studiosius
572 3135 604 3171 eo
624 3121 748 3173 serretur.
788 3135 846 3171 cum
865 3131 953 3173 autem
973 3121 1067 3173 valere
1085 3122 1192 3174 iuberet
1215 3135 1262 3172 eos
1289 3122 1358 3171 etin

150 3236 160 3242 .
261 3190 323 3241 loeo
342 3203 390 3239 suo
409 3189 507 3254 petitus
532 3203 665 3256 maneret,
693 3194 772 3243 etiam
791 3192 898 3260 longius
918 3193 980 3261 quid
999 3192 1089 3245 lacere
1115 3208 1162 3245 eos
1182 3207 1238 3244 non
1257 3191 1357 3258 puduit,

196 3315 202 3328 ,
260 3261 340 3311 remis
359 3257 492 3325 infligere,
513 3263 583 3328 quod
602 3277 656 3315 non
675 3269 785 3330 propter
803 3263 914 3315 faustam
932 3265 1131 3332 navigationem
1150 3266 1255 3333 signum
1273 3264 1359 3313 lucie.

260 3331 332 3381 bant.
371 3337 477 3379 servato
497 3332 578 3398 igitur
598 3348 663 3401 rege
683 3336 783 3386 intacto
802 3336 829 3384 in
847 3337 932 3403 regia,
953 3351 1011 3385 cum
1031 3338 1109 3388 etiarn
1129 3336 1207 3388 huius
1221 3336 1359 3399 fraterper

262 3401 347 3452 lorum
375 3401 581 3466 progrederetur
604 3405 790 3457 anteeuntibus
823 3409 847 3456 ei
868 3414 895 3456 et
914 3407 1072 3474 stipantibus
1092 3424 1151 3459 eum
1168 3407 1297 3457 militibus
1315 3421 1358 3455 ar-

181 3491 183 3495 ·
261 3473 347 3534 matis,
367 3470 563 3524 dissolvebatur
588 3475 693 3528 seditio.
733 3488 792 3527 cum
812 3480 882 3528 enirn
901 3479 1006 3547 reliqua
1024 3479 1165 3531 multitudo
1182 3477 1257 3545 prbis
1275 3474 1359 3527 nollet

261 3559 320 3596 eum
339 3544 373 3594 iis
392 3541 507 3594 delicere
527 3552 553 3595 et
572 3545 656 3598 deleri
681 3549 862 3600 insidiantium
887 3551 1056 3613 temeritate,
1084 3559 1169 3603 metus
1195 3564 1242 3601 eos
1267 3549 1356 3599 tenuit.

260 3624 340 3685 atque
368 3613 530 3667 illustriores
557 3617 662 3685 qnidem
686 3620 731 3672 vel
761 3622 868 3685 ordines
893 3631 1005 3674 armatos
1023 3616 1242 3691 derelinquentes
1260 3621 1311 3670 ium
1329 3619 1358 3670 ud

261 3703 386 3757 magnum
413 3695 439 3739 et
465 3687 564 3740 clarum
592 3692 740 3756 supientiae
759 3694 802 3744 dci
821 3693 948 3761 templum
967 3702 1141 3745 accurrerunt
1159 3694 1232 3745 vitae
1251 3691 1357 3742 salutern

262 3763 359 3812 ceteris
379 3759 500 3812 omnibus
521 3762 609 3825 rebus,
630 3767 750 3829 pecuniis
770 3767 875 3818 scilicet
888 3774 914 3816 et
929 3766 1023 3829 benis,
1042 3772 1190 3828 mutantes,
1210 3762 1257 3814 alii
1275 3771 1357 3813 autem

261 3831 346 3882 latere
377 3849 407 3885 se
436 3840 560 3900 putantes
585 3835 612 3885 in
639 3851 699 3887 suas
727 3835 818 3889 domos
845 3846 872 3888 et
895 3837 1051 3890 deversoria
1074 3836 1126 3890 alia
1152 3829 1356 3902 dispersi'sunt.

263 3915 386 3970 egressus
405 3911 492 3954 autem
516 3914 556 3955 est
575 3906 653 3956 etiam
671 3907 730 3958 urbi
749 3909 902 3974 praelectus
919 3916 980 3974 post
998 3908 1108 3958 multum
1135 3909 1216 3958 ictum
1237 3921 1309 3956 mare
1331 3912 1358 3954 nt

263 3979 303 4021 est
326 3973 354 4021 in
379 3974 523 4039 proverbio
554 3974 667 4043 flagrans
702 3987 729 4029 et
752 3980 811 4044 ipse
836 3980 1030 4042 compositurus
1055 3987 1082 4029 ct
1106 3979 1222 4030 accessit
1238 3977 1272 4028 ad
1289 3976 1357 4044 regis

262 4041 369 4092 fratrem
388 4045 416 4097 in
435 4043 494 4094 lore
513 4049 718 4110 procedentem:
737 4047 937 4116 recollegerunt
956 4052 1073 4102 enimse
1092 4065 1202 4113 omnes,
1223 4055 1250 4099 et
1268 4047 1357 4098 lrorun

263 4113 448 4178 comparabant
472 4117 602 4168 victoriae
622 4121 754 4184 praemia,
783 4128 810 4169 et
827 4121 936 4186 regibus
956 4123 1096 4172 victoriam
1115 4119 1311 4188 applaudebant
1333 4125 1357 4169 et

263 4181 385 4238 laudibus
405 4191 432 4236 et
450 4184 528 4236 thure
546 4187 630 4239 mnlto
659 4205 780 4258 pompam
805 4191 947 4242 faciebant.

381 4254 522 4327 Postquam
549 4266 636 4311 autem
669 4263 827 4330 compositio
850 4263 936 4315 tenuit
963 4272 990 4316 et
1015 4270 1174 4330 ventorum.
1185 4258 1359 4332 tranquillitas
