3017 4892
280 302 357 381 εευ
574 300 796 377 ureniana
826 269 1085 375 turnucum

282 468 414 545 άνύσας,
435 466 517 534 ε’λλέ
535 470 654 554 φεύγου
674 465 908 549 άποδεξάμενος
930 470 967 533 τδ
991 468 1150 553 πεμφθὲν,
1171 468 1420 550 συντεταγμέ-

283 591 345 645 νως
364 571 421 651 τῆς
440 570 548 652 πράσα
568 565 729 655 φερούσης
751 566 866 651 εἴχετο.
910 564 979 650 άμα
1000 572 1036 634 δὲ
1060 570 1103 654 τῷ
1122 572 1323 649 καταλαβεῖν
1345 564 1418 631 τόν

282 670 337 749 τῆς
359 671 560 753 παρεμβολῆς
589 666 685 734 τόπον
715 668 769 733 κατ’
795 665 851 731 τόν
878 672 1013 749 βασιλέα
1037 665 1094 750 τὴν
1114 665 1285 749 βασιλικήν
1314 689 1413 749 σκη-

282 766 338 851 miv
359 766 520 851 ύπελθεῖν,
540 765 584 851 μη
608 768 754 854 τάφρου,
774 764 818 850 μη
849 766 990 850 χάρακος
1013 768 1237 851 περιστάντων,
1259 764 1340 829 ἄλλ’
1369 763 1411 829 ἐν

282 856 367 954 δχληι
396 867 450 951 τῆς
479 868 541 935 τάν
575 870 697 933 σκευάν
725 868 910 943 ἀποθέσεως
923 852 993 933 ’τοῦ-
1015 868 1156 951 στρατοῦ
1176 868 1435 949 καθεστῶτος,5

217 998 227 1013 ·
282 964 448 1053 ἐφάνησαν
482 964 512 1034 οἱ
531 971 676 1050 πολέμιοι
694 968 733 1033 τά
760 967 960 1052 ἐρυμνάτατα
988 970 1051 1033 τάν
1071 970 1176 1033 τόπων
1202 969 1407 1047 κατέχοντες

282 1071 339 1134 καὶ
355 1070 414 1145 τάς
435 1070 630 1154 ἀκρολοφίας
650 1070 764 1145 αάτάς.
818 1065 900 1135 ούτω
921 1068 981 1153 γάρ
1002 1068 1128 1152 ’ἔλαχεν
1148 1065 1166 1131 δ
1187 1068 1283 1141 τόπος
1309 1068 1404 1130 ἐκεῖ·

280 1191 336 1245 νος
354 1169 490 1250 θέσεως,
514 1169 557 1245 σάς
578 1168 637 1253 τήν
654 1172 714 1250 μὲν
733 1170 870 1236 πεδιάδα
883 1171 957 1246 τούς
973 1165 1149 1251 Ῥωμαίους
1163 1170 1321 1249 κατέχειν,
1346 1168 1404 1240 εἰς

278 1271 319 1337 δὲ
338 1267 410 1344 τούς
431 1273 699 1354 περικυκλοῦντας
714 1270 851 1353 βουνούς
866 1268 1098 1356 περικεχύσθαι
1120 1267 1194 1344 τοές
1217 1271 1400 1357 ἐναντίους,

217 1391 226 1450 j
282 1367 498 1445 λανθάνοντας
526 1371 636 1454 πρώην
665 1374 700 1435 ἐκ
727 1375 786 1437 τού
815 1369 947 1437 κατόπιν
976 1372 1081 1435 αάέοἷν
1110 1364 1398 1452 άποκρύπτεσθαι.
1412 1390 1440 1443 1⁰

281 1472 360 1553 βοῆς
381 1473 416 1537 δέ
436 1470 612 1555 γενομένης,
636 1470 691 1536 καὶ
712 1475 770 1537 τοῦ
784 1477 942 1555 βασιλέως
973 1471 1017 1553 μη
1041 1469 1250 1543 ἐκδεδωκότος
1269 1463 1399 1533 ἔαυτόν

280 1572 328 1647 εἰς
360 1569 560 1652 α’νάπαυσιν,
583 1565 665 1636 άλλὰ
698 1570 733 1636 τδ
764 1570 910 1637 ἐνυάλιον
948 1576 1102 1637 σαλπίσαι
1139 1567 1396 1655 προστάξαντος,

281 1668 444 1759 προῄεσαν
464 1672 544 1737 κατά
576 1672 663 1754 τάξιν
684 1672 715 1737 οἱ
735 1675 952 1758 στρατιῶται,
979 1675 1062 1758 μηδὲ
1083 1674 1138 1755 τῆς
1164 1669 1320 1756 σάραγάας
1341 1668 1393 1735 ἔτι

281 1771 521 1857 καταλαβούσης
542 1770 597 1837 διά
619 1771 653 1839 τδ
666 1779 825 1857 σχολαίως
842 1774 985 1855 βαδίζειν
1005 1776 1051 1847 εἰς
1067 1770 1212 1857 φυλακὴν
1234 1770 1290 1836 καί
1312 1768 1392 1837 διά-

281 1898 381 1939 σωσιν
401 1874 464 1939 τάν
486 1872 690 1956 ἐπαγομένων
711 1878 771 1959 τὴν
791 1868 920 1958 άγοράν.
977 1876 1138 1956 ἀρθέντων
1159 1866 1217 1935 σάν
1240 1875 1304 1935 τάν
1326 1897 1388 1957 ση·
1400 1889 1433 1940 15

279 1976 380 2054 μείων
407 1976 463 2037 κατ’
489 1974 569 2039 κατά
601 1974 767 2059 φάλαγγας
796 1980 850 2057 τῆς
881 1975 1031 2058 στρατιάς
1062 1971 1308 2059 συνταχθεάσης,
1328 1974 1391 2038 τού

280 2077 438 2155 βασιλέως
474 2072 664 2156 προάγοντος
690 2080 878 2157 προύκοψαν
905 2078 964 2157 μὲν
991 2076 1054 2139 τῶν
1083 2076 1233 2139 ἐνάντίων
1261 2078 1386 2153 πολλοί,

282 2169 502 2256 προλαβόντων
533 2176 569 2238 δέ
589 2176 652 2240 ταῖν
677 2174 842 2258 ταγμάτων
869 2177 903 2239 ἓν
930 2176 989 2255 μὲν
1012 2176 1075 2239 τάν
1097 2172 1276 2241 Λυκαόνων
1296 2171 1388 2255 λεγό-

280 2295 389 2355 μενον,
413 2270 447 2337 ἐν
466 2277 502 2339 δέ
523 2279 586 2339 τεέν
608 2271 762 2358 ἐσπερίων
788 2278 945 2360 άριθμιάν,
967 2281 1020 2342 καί
1040 2278 1098 2341 τοῦ
1118 2273 1277 2361 συνήθους
1301 2281 1385 2358 θρα-

283 2370 416 2459 σύτερον
431 2374 512 2441 κατά
533 2377 596 2440 τῶν
616 2378 765 2443 ἐναντίων
786 2379 945 2443 ἐλάσαντα
965 2376 1051 2461 πρὸς
1065 2376 1170 2463 φυγάν
1190 2370 1289 2453 εύθδς
1308 2370 1427 2442 aim-at

282 2476 350 2539 δεῖν
369 2475 618 2572 κατηνάγκασαν.
643 2478 888 2561 προβιβάζοντος
901 2483 936 2545 δὲ
951 2482 1007 2545 τού
1025 2481 1181 2562 βασιλέως
1194 2475 1250 2562 την
1271 2474 1385 2561 λοιπην

282 2577 438 2659 στρατιάν
460 2580 516 2643 καί
535 2574 569 2642 τά
594 2578 705 2644 λοιπόν
724 2582 787 2645 τοῖν
810 2581 968 2662 πολεμίων
989 2582 1110 2664 πλῆθος
1140 2586 1207 2656 τοῖς
1227 2579 1383 2664 φεύγουσι

277 2680 504 2765 ουνδιέφογεν.
548 2682 620 2747 ἐπεὶ
639 2681 674 2746 δὲ
696 2678 775 2745 κατά
805 2677 912 2747 νάτων
936 2684 998 2747 τάν
1018 2684 1168 2747 ἐναντίων
1198 2676 1381 2754 ἐλαύνοντες

355 2879 399 2933 20.
418 2878 572 2969 ἐλάσαντος
593 2881 623 2937 G.

287 3046 358 3104 tim
383 3048 510 3106 adversus
535 3054 665 3106 ferentem
690 3056 816 3107 tenebatt
845 3056 923 3107 simul
948 3063 1028 3125 atque
1046 3063 1134 3111 autam
1153 3064 1315 3126 occuparant
1332 3070 1376 3109 ca.

258 3159 261 3166 ·
285 3130 399 3176 atrorum
420 3123 508 3175 locum
526 3133 553 3176 et
574 3141 622 3177 rex
641 3127 744 3193 regium
768 3129 911 3179 tentorium
936 3129 1026 3192 subiit,
1051 3146 1104 3181 nun
1126 3131 1215 3195 fossa,
1235 3147 1291 3183 uon
1308 3130 1377 3183 valla

285 3196 483 3259 circumstante,
503 3196 551 3247 aed
570 3199 598 3247 in
617 3197 693 3248 turba
713 3198 894 3262 depositorum
913 3200 1160 3265 impedimentorum
1179 3205 1297 3254 exercitu
1316 3218 1376 3253 ver-

284 3272 370 3328 nante,
389 3274 569 3332 apparuerunt
588 3267 689 3330 hortea,
709 3268 857 3320 firmissima
876 3269 937 3322 loca
955 3272 1105 3325 obtinentes
1125 3283 1152 3324 et
1170 3276 1286 3325 vertices
1304 3287 1376 3323 mon.

284 3336 348 3385 tium
368 3335 452 3400 ipaua.
472 3338 509 3386 ita
527 3337 598 3387 enim
617 3340 776 3391 constitutus
796 3348 853 3391 erat
871 3341 946 3395 locus
966 3342 1023 3406 ille,
1044 3352 1073 3394 ut
1092 3344 1198 3410 planum
1219 3345 1311 3397 Graeci
1328 3344 1376 3394 ub-

283 3406 416 3469 tinemut,
442 3407 595 3473 percellet
620 3417 708 3460 autem
733 3413 917 3465 circumiectos
944 3414 995 3464 iusi
1020 3424 1110 3467 essent
1136 3416 1241 3480 hostes,
1268 3416 1375 3466 latentes

281 3484 362 3529 antea
380 3478 442 3543 quia
459 3486 520 3545 port
538 3492 585 3531 eoa
606 3480 815 3533 occultabantur
858 3484 974 3546 clamore
993 3494 1079 3537 autem
1099 3487 1169 3538 sacto
1195 3496 1221 3538 et
1245 3502 1308 3554 rege
1325 3500 1374 3535 nen

281 3547 404 3599 madente
424 3565 454 3602 ac
482 3549 648 3615 remissioni,
674 3553 721 3603 aed
745 3562 775 3603 ut
792 3553 919 3607 bellicum
947 3565 1074 3608 canerent
1091 3559 1249 3625 imperante,
1267 3573 1374 3625 progre-

282 3619 423 3672 diebantur
447 3621 674 3687 attinentium,
700 3639 759 3675 cum
778 3641 812 3676 nc
830 3626 917 3678 ultimi
944 3628 1048 3695 quidem
1068 3638 1210 3695 caperent,
1231 3631 1292 3698 quia
1308 3629 1374 3679 lenta

281 3691 355 3742 ibant
372 3693 406 3743 ad
425 3693 612 3746 custodiendos
627 3703 654 3746 et
674 3697 804 3749 arcendus
824 3714 879 3762 eoa,
900 3701 944 3766 qui
955 3701 1123 3764 accederent,
1143 3710 1296 3753 mereatum.
1314 3700 1373 3751 sub-

282 3761 343 3815 latis
374 3764 457 3832 igitur
473 3766 559 3832 aignia
587 3774 614 3817 et
639 3769 784 3819 secundum
809 3768 957 3838 phalanges
984 3774 1104 3823 exercitu
1130 3774 1292 3839 composito,
1315 3785 1373 3839 rege

282 3843 427 3899 praeeunte
451 3852 485 3887 ae
509 3836 641 3889 flexerunt
669 3838 760 3891 bostea
792 3840 884 3892 multi:
912 3843 1105 3907 accipientibus
1132 3852 1218 3913 autem
1247 3843 1372 3895 ordinibus

255 3916 362 3965 xuuum
380 3906 533 3971 Lycaonum
552 3908 659 3972 dictum,
684 3909 766 3962 alium
785 3910 959 3963 occidentalia
977 3913 1164 3979 multitudinis,
1186 3924 1212 3965 et
1231 3914 1309 3967 solito
1327 3929 1373 3965 ve-

183 4029 192 4037 ,
282 3970 434 4029 hementiua
453 3978 502 4029 itlo
518 3986 610 4031 contra
629 3979 719 4032 hostes
738 3982 871 4048 profecto,
893 3982 981 4048 sugam
1001 3986 1088 4037 statim
1107 3993 1230 4053 spectare
1251 4000 1297 4037 eoa
1314 4000 1374 4037 cuc-

280 4052 389 4110 geruut.
426 4049 578 4101 traiiciente
599 4058 686 4102 autem
705 4067 771 4118 rega
783 4050 916 4119 reliquum
936 4056 1091 4121 exercitum,
1111 4060 1189 4109 etiam
1207 4056 1311 4125 reliqua
1327 4055 1374 4107 Ιιοὲ

281 4112 362 4166 atium
377 4114 517 4169 multitudo
537 4136 596 4173 cum
616 4122 781 4191 fugientibus
810 4122 888 4189 sugit.
932 4140 991 4177 cum
1009 4122 1097 4181 autem
1124 4130 1153 4181 in
1170 4137 1248 4195 tergo
1269 4128 1374 4179 boatium

283 4184 486 4260 proficiscentes
505 4189 611 4254 Graeci,
633 4200 822 4261 praetereunte
850 4194 928 4247 etiam
951 4200 1057 4267 agmine
1081 4201 1248 4253 mercenario
1267 4198 1373 4269 septta-
