3017 4892
167 337 173 356 '
281 342 326 428 ιο
506 309 521 324 ”
569 321 790 452 suesanus
820 341 1079 410 smmrornn

269 509 320 587 τάς
339 510 491 592 βασιλεῦς
512 512 683 594 διοίκησιν,
708 507 802 597 didio
830 504 946 583 ἐλάσας
969 510 1073 593 φυγῇ,
1095 502 1172 581 τοῦς
1193 507 1229 569 δὲ
1250 505 1390 584 λοιποός

276 611 418 696 ἀκμῆτας
441 611 495 677 καί
513 609 566 676 τὸν
587 607 697 693 ἴουχον
714 611 951 694 ἐπανθοῦντος,
975 601 1029 684 οῦς
1056 610 1168 673 δὲκαὶ
1188 606 1387 692 προσόδους,

275 713 423 795 ἐκτομίας
459 697 728 796 ἀπεργασάμενος.
786 712 840 772 aad
871 707 1018 793 τὸγένος
1054 710 1159 773 αάτοῦ
1186 711 1297 772 τοῦτον
1325 707 1388 772 τόν

273 813 390 896 τρόπον
413 812 660 895 κοιταστρέψος,’
674 804 801 898 ἄφρονα
819 813 911 893 ζῆλον
933 813 1129 895 προσφέρειν
1149 817 1214 884 τοῖς
1237 818 1387 885 συνετοῖς

273 903 394 998 ἔδοξεν,
418 915 619 995 ἐψιλωμένον
635 905 753 976 ἑαυτὸν
774 909 930 995 τοσαύτης
949 913 1100 995 βοηθείας
1122 909 1176 972 ιιοό
1196 910 1416 994 σογγενικῆςὸ

224 1071 226 1078 .
271 1014 422 1096 βοηθείας
447 1015 716 1097 ἀπεργασάμενος.

368 1114 495 1194 Ἀμέλει
516 1137 564 1179 τοι
582 1117 638 1180 καί
657 1114 736 1178 κατά
752 1111 811 1198 την
831 1113 923 1178 θείαν
937 1113 991 1177 καί
1012 1114 1171 1197 πάνδημον
1192 1105 1304 1197 ἑορτήν
1324 1115 1384 1194 τῆς

271 1210 459 1299 όπερφυοῦς
483 1214 687 1290 άναστάσεοις
709 1218 855 1296 Χριστοῦ
876 1218 933 1300 τοῦ
953 1219 1033 1278 θεοῦ
1054 1213 1153 1297 ἡμῶν,
1176 1206 1245 1304 ἥτις
1266 1210 1382 1294 πάσχα

271 1313 428 1398 σωτήριον
448 1324 512 1391 τοῖς
534 1313 714 1398 όρθοδόξιος
737 1314 908 1394 δοξάζουσι
929 1311 1156 1396 διοονόιιαστοιι,
1179 1317 1382 1396 τῆςνβασιλι-

272 1418 329 1495 ιιη”ς
360 1414 622 1498 εάτρεττιζομὲνης
650 1416 788 1496 προόδου
825 1412 854 1478 οἱ
877 1418 941 1498 Ιτῆς
970 1408 1088 1498 άγορᾶς
1117 1414 1377 1498 προεξάρχοντες,
1392 1433 1428 1486 10

181 1535 189 1552 ·
272 1517 375 1579 ninia
396 1513 508 1596 σηριιιά
541 1517 718 1591 πολυτελῶς
740 1518 943 1597 ἐξοφσσμένα
974 1519 1012 1602 τῇ
1036 1517 1075 1601 γῇ
1097 1510 1376 1596 ναεαστροόσοντες

272 1614 325 1679 ἀπ’
349 1615 536 1679 αότιῦν’τώ’ν
557 1614 738 1699 α’νοιιτόριον
760 1618 856 1698 μέχρι
880 1617 944 1681 νῦν
962 1620 1019 1681 τοῦ
1040 1614 1215 1697 σεβασμίου
1239 1612 1294 1678 aci
1313 1635 1377 1693 με-

270 1721 377 1798 γίστου
399 1719 477 1778 ναοῦ
512 1718 566 1800 τῆς
594 1717 650 1780 τοῦ
685 1719 764 1780 θεοῦ
789 1713 882 1798 λόγου
914 1715 1007 1799 άγίας
1028 1716 1146 1801 σοφίας
1170 1716 1300 1790 πολιῦν,
1321 1717 1378 1778 ε’πό

269 1813 392 1891 τούτοις
415 1814 469 1880 τόν
488 1821 624 1899 βασιλέα
648 1816 730 1897 μετά
751 1821 807 1900 τῆς
835 1819 1076 1903 δοροφοροόσης
1106 1813 1205 1880 αῦτόν
1225 1815 1375 1893 εότοξόοις

272 1919 408 1980 διελθεῖν
432 1915 606 2004 φιλοτίμοις
628 1919 898 2000 παρεσκευάκασι.
938 1917 1018 2000 μετά
1043 1921 1197 1983 δὲταῦτα
1219 1920 1274 1982 κατ’
1291 1915 1372 1982 κατά
1386 1941 1419 1994 15

232 2009 235 2016 ⁴
269 2014 325 2099 τὴν
345 2019 595 2102 νέανίιοριαιιην
617 2021 756 2102 ε’φόπποο
791 2024 846 2102 τῆς
871 2019 1010 2103 προόδου
1036 2021 1240 2105 γεγενημένης
1264 2022 1374 2103 δπερι-

269 2113 465 2180 πετάννυντο
487 2107 549 2181 τάδε
569 2119 694 2182 νάκεῖσε
718 2117 755 2184 τά
769 2122 926 2205 πολυτελῆ
941 2124 1003 2185 νῦν
1025 2119 1224 2207 ῦροισμάτοον
1246 2123 1302 2184 κατ’
1324 2123 1372 2184 τό·

267 2241 337 2303 μιο,
357 2215 411 2281 κατ’
429 2216 543 2298 κόσμος
566 2210 657 2294 ῦλλος
678 2224 790 2309 χρυσῷ
816 2224 871 2284 νιαό
894 2219 1024 2310 άργόρηι
1045 2220 1373 2305 καταστράπτοον-συ-

268 2313 612 2404 νεχτῦς·όπερηρτητο,’
638 2318 693 2384 κατ’
722 2322 786 2384 πᾶν
817 2319 851 2387 τὸ
878 2325 933 2406 τῆς
960 2324 1078 2406 άγορῦς
1108 2325 1373 2408 στεφανηφοροῦν

250 2420 323 2489 χιιαί
344 2411 408 2484 οἷον
429 2415 578 2502 ἑορτάζον
606 2419 799 2503 χαρμόσυνά
823 2447 891 2488 τινα
919 2426 974 2487 κατ’
995 2422 1185 2506 οωτηριάδη
1214 2428 1417 2506 ascalon-20

268 2518 420 2604 πρόνετο·
465 2519 484 2604 ἦ
522 2522 557 2584 δὲ
582 2519 751 2606 προπομπη
781 2521 953 2606 θιιοριαστηΙ
982 2526 1025 2610 τοῦ
1043 2512 1108 2587 ῦντι
1135 2524 1191 2586 aaa*
1209 2522 1369 2607 βασιλική,

267 2618 473 2703 πανταχόθεν
493 2624 667 2708 εόφημόαις
690 2629 942 2709 σνγιιροιουμὲνη
978 2622 1033 2689 ιιοιό
1060 2621 1174 2708 χάρισι
1199 2628 1255 2688 νιαί
1273 2647 1369 2688 παια·

267 2728 390 2802 νισμοῖς
414 2725 598 2812 όξοιρομόνη
621 2727 677 2808 τῆς
695 2722 833 2805 πόλεως,
865 2725 948 2809 πλην
968 2721 1045 2792 ῦσον
1072 2724 1108 2790 τό
1130 2727 1188 2790 τοῦ
1208 2724 1368 2811 συνήθους

338 2924 363 2977 ⁶·
381 2929 525 2998 βοηθείας]
547 2929 692 2997 σπουόῆτῗ
709 2947 743 2982 an
763 2930 895 3004 α’ρογῆςλ
1004 2932 1045 2983 11.
1065 2927 1168 3004 σοριιιά
1187 2932 1218 2987 0.
1323 2929 1372 2983 16..

342 2998 391 3068 ἐφ’
410 3000 502 3054 iunco
521 2999 550 3053 G.
648 3003 691 3055 23.
711 2999 743 3057 τό
763 3012 923 3071 suspectum.

266 3196 361 3254 gentes
381 3197 407 3238 et
427 3189 526 3241 circum
553 3192 662 3257 primam
682 3192 796 3244 barbam
815 3193 955 3258 llorentes,
985 3195 1129 3247 nonnullos
1154 3197 1232 3247 etiam
1249 3202 1365 3246 maturus

266 3258 402 3310 iaciendos
423 3269 528 3312 curaret
550 3263 707 3327 eunuchos,
738 3274 765 3315 et
782 3281 867 3332 genus
886 3282 961 3317 suum
984 3267 1035 3320 hoc
1060 3268 1137 3318 modo
1157 3266 1270 3330 deleret,
1292 3266 1365 3317 insa-

265 3344 326 3381 num
344 3331 457 3381 studium
475 3331 603 3384 adbibere
615 3335 788 3401 prudentibus
807 3338 881 3388 visus
901 3347 950 3401 cst,
971 3341 1016 3407 qui
1035 3347 1109 3390 tanto
1130 3337 1231 3390 auxilio
1254 3346 1281 3388 et
1299 3352 1367 3404 pro..

264 3401 423 3468 pinquorum
443 3403 537 3470 opibus
556 3420 585 3456 se
606 3405 726 3457 nudaret.

363 3471 486 3524 Attamen
504 3476 582 3525 etiam
603 3477 694 3528 divino
714 3486 740 3528 et
759 3481 890 3531 communi
910 3481 980 3534 festu
999 3481 1166 3533 admirandae
1184 3481 1363 3534 resurrectio.

264 3543 305 3608 nis
326 3542 424 3595 Christi
447 3545 491 3596 dei
510 3547 605 3611 nostri,
627 3549 696 3616 quod
717 3550 816 3616 pascha
834 3552 1001 3605 salutiferum
1033 3553 1065 3604 ab
1085 3555 1117 3603 iis
1136 3554 1181 3621 qui
1200 3569 1282 3604 verae
1301 3552 1363 3603 lidei

263 3613 359 3666 addicti
379 3624 441 3666 sunt
452 3618 614 3669 nominatum
633 3628 681 3683 est,
703 3637 763 3672 cum
783 3625 859 3692 regia
877 3634 1015 3691 pararetur
1033 3639 1138 3692 pompa,
1157 3625 1291 3676 antistites
1312 3622 1364 3674 fori

263 3686 381 3754 stragula
402 3687 493 3740 Serica
512 3691 630 3756 pretiose
650 3700 722 3744 terta
739 3693 810 3745 humi
829 3705 980 3749 sternentes
994 3698 1056 3748 inde
1074 3713 1090 3747 a
1108 3698 1184 3764 regia
1202 3697 1260 3762 ipsa
1279 3709 1365 3762 usquc

263 3757 295 3808 ad
318 3751 589 3824 portus'vrnerabilis
610 3771 636 3812 et
656 3765 762 3815 inanimi
787 3768 879 3834 templi
899 3769 1046 3834 sapientiae
1064 3777 1172 3820 sancus
1194 3767 1301 3818 divinae
1319 3782 1364 3816 ra-

263 3828 343 3880 tionis
364 3831 390 3879 in
412 3830 451 3882 his
471 3841 499 3882 ut
519 3849 565 3884 rar
586 3850 644 3886 cum
664 3837 757 3888 ordine
775 3840 920 3890 satellitum
942 3855 1000 3890 enm
1020 3841 1162 3890 comitante
1181 3838 1366 3907 ingrederetur

264 3900 383 3951 certatim
418 3901 572 3955 olfecerunt.
621 3907 717 3958 deinde
742 3919 847 3973 autem,
870 3913 948 3961 etiam
968 3924 1038 3962 nova
1057 3911 1100 3962 die
1124 3910 1193 3962 festa
1212 3925 1270 3960 cum
1290 3909 1365 3976 equis

264 3985 359 4036 pompa
380 3971 457 4022 lieret
484 3976 582 4048 circum
605 3979 760 4030 sternebant
783 3981 874 4030 hicet
898 3980 955 4032 illic
974 3984 1093 4047 pretiosa
1111 3981 1217 4033 textilia
1236 3988 1262 4030 et
1280 3981 1364 4031 aesti-

262 4049 352 4104 mata,
385 4050 411 4092 ct
431 4052 538 4096 ornatus
556 4045 624 4098 alius
642 4065 706 4101 auro
727 4059 753 4100 et·
769 4059 880 4118 argento
910 4050 1016 4116 fulgens
1046 4053 1193 4104 eminebat:
1219 4060 1245 4102 et
1273 4046 1364 4103 omncs

263 4113 307 4179 qui
329 4114 356 4162 in
383 4113 441 4164 loro
470 4123 541 4166 serta
570 4119 699 4184 gerebant
726 4129 752 4170 ct
773 4122 868 4173 lestnm
895 4122 1065 4174 celebrabant
1090 4124 1153 4174 lacti
1183 4133 1210 4174 et
1234 4122 1364 4179 salutares

263 4184 481 4236 ostentabantur:
502 4192 654 4253 prosecutio
674 4200 762 4242 autem
787 4191 949 4245 admirabilis
969 4203 1026 4246 erat
1044 4210 1141 4246 revera
1161 4203 1188 4245 et
1206 4197 1290 4262 regia,
1311 4209 1364 4243 un-

262 4255 342 4327 diquc
369 4257 603 4314 acclamationibus
628 4262 754 4329 applausu
784 4272 811 4316 et
835 4265 928 4332 gratiis
954 4274 980 4317 et
1003 4265 1148 4334 paeonibus
1176 4266 1247 4319 elata
1274 4264 1364 4327 urbis3
