3017 4892
236 305 285 376 ιο
346 268 382 400 j
526 309 745 378 stomoma
775 307 1034 376 smmrorsn
1076 283 1086 294 “

234 470 291 552 τήν
313 475 374 535 ταῖν
396 473 512 535 ναῖκιόν
543 475 599 536 καί
630 472 800 536 ἰδιωτικῶν
828 469 994 555 κτημάτων
1020 468 1210 582 ἐφαίρεσιγ,
1230 473 1348 554 ἕτερον

237 568 291 636 διό
313 569 424 636 πόντα.
476 566 566 650 ἄλλοι
587 569 640 637 διό
678 573 912 658 σωφρονισμόν
940 573 1001 636 τιόν
1018 576 1195 652 μετέπειτα.
1239 597 1348 652 μονο-

127 691 131 696 ’
237 675 332 754 νοοχί
351 678 409 736 sori
424 674 674 754 μεταλλάξαντος
695 671 842 737 κόλασιν·
883 677 1057 753 συνέβαλον
1069 670 1130 754 γόρ
1153 672 1211 755 τήν
1232 671 1344 755 μετιέ-

237 796 326 837 νοιαν
347 768 393 838 ότι
411 772 467 857 τήν
488 777 579 839 θτιάν
604 778 850 860 φιλανθρωπίαν
869 776 1049 839 ἐκκαλεῖται
1070 773 1151 855 πρός
1171 771 1268 839 ἐλεον.
1304 772 1344 839 οἱ

238 877 274 940 δέ
295 874 414 938 τούτων
446 877 578 940 ἐναντίοι
606 876 783 955 μετόμελον
801 879 928 956 θρέψαι
954 871 1009 938 τόν
1042 867 1145 956 ἄνδρα
1175 874 1253 956 μετὰ
1275 873 1372 958 τὴνρ,

239 974 445 1058 ἀναχώρησιν
478 971 600 1058 ἔλεγον,
630 975 684 1039 καί
713 971 792 1039 κατὰ
824 977 921 1040 τοῦτο
952 979 1009 1058 τής
1032 975 1258 1057 μεταβιοόσεως
1288 974 1337 1060 μή

238 1076 436 1140 ἀπόνασθαι.
488 1072 517 1139 οἱ
540 1079 574 1141 δὲ
595 1074 630 1140 τό
663 1075 785 1161 ῥεόσαν
807 1072 985 1159 ἁγιωσύνης
1005 1073 1096 1159 ἔργον
1116 1079 1257 1141 ἐτίθεντο
1278 1080 1337 1142 διὰ

237 1172 296 1257 τήν
315 1173 395 1255 μετό
420 1181 520 1242 ταῦτα
548 1179 669 1257 μᾶλλον
690 1175 879 1256 μετάνοιαν,
904 1182 959 1240 καί
989 1173 1023 1241 τό
1048 1177 1219 1258 δειχθῆναι
1239 1181 1342 1242 πᾶσιν

239 1273 282 1348 οἷς
304 1275 362 1338 οιίκ
383 1273 467 1340 ἐστιν
489 1275 666 1361 όμοίρτημα
688 1276 721 1342 τό
750 1274 810 1360 τήν
829 1278 923 1340 θείαν
946 1270 1113 1356 εόμένειαν
1133 1274 1338 1358 βιαζόμενον,

238 1377 270 1440 τί
287 1377 350 1442 τοῖν
373 1379 477 1443 κακοόν
499 1403 547 1453 τις
564 1379 707 1455 ἐκκλίνας
727 1377 763 1442 τό
788 1367 911 1460 οἰγαθόν
933 1380 1044 1442 ἕλοιτο.
1089 1374 1149 1460 ἐγιό
1168 1379 1204 1442 δέ
1227 1377 1337 1463 οίμφο.
1352 1404 1390 1456 10

178 1495 186 1512 ’
238 1477 340 1560 κέρων
359 1476 414 1562 τήν
435 1477 563 1562 γνώμην
582 1480 820 1561 ἐπαποθέχομαι
844 1481 887 1565 τῷ
909 1477 1038 1565 τήνμέν
1057 1474 1230 1560 κωλυτινήν
1254 1475 1340 1541 εἶναι

237 1573 415 1655 μελλόντων
444 1580 567 1659 κακιόν,
592 1576 650 1663 τήν
677 1581 713 1642 δέ
746 1576 978 1662 προτρεπτικὴν
1015 1574 1076 1640 α’πό
1110 1575 1167 1641 τοό
1197 1576 1340 1658 χείρονας
1408 1593 1412 1598 ’

240 1677 318 1762 πρὸς
338 1677 372 1744 τό
396 1682 534 1763 βέλτιον·
577 1655 634 1744 uit
654 1676 785 1753 οὐθενός
804 1677 861 1763 τήν
883 1673 965 1762 ήττω
994 1679 1289 1764 κατωμηφίζομαι.Ι

85 1791 151 1848 (iod.
166 1795 228 1849 ltso.
338 1781 420 1845 Ἀλλ’
454 1777 548 1861 όμοι
576 1781 676 1863 λέγειν
698 1779 714 1843 ό
735 1778 826 1861 λόγος
848 1772 989 1862 ιόρμητο,
1022 1777 1250 1860 ἐπιλαβόμενος
1274 1781 1340 1842 τῶν

84 1865 411 1992 υίηὲἓξῑβασιλικοόν
432 1882 598 1965 σκήπτρων
622 1885 860 1954 Κωνοταντῖνος
882 1878 899 1943 ό
921 1881 1047 1954 Δοόκας
1079 1877 1272 1964 συνήθροισε
1296 1877 1338 1942 τό
1351 1895 1383 1948 15

238 1989 403 2060 σωματεία
425 1984 479 2065 τής
502 1979 631 2062 πόλεως,
659 1981 714 2047 καί
742 1981 855 2065 λόγους
884 1981 1054 2055 ἐπιεικείας
1082 1985 1235 2065 γέμοντας
1262 1983 1340 2065 ἐδη-

237 2082 399 2165 μηγόρησε
420 2082 500 2164 πρός
522 2081 651 2168 αότοός,
669 2077 769 2164 “ἐμὲ”
793 2080 909 2173 φήσας,
926 2074 973 2147 “ai
994 2074 1117 2166 ἄνδρες,
1131 2084 1267 2174 βασιλέα
1286 2105 1340 2148 τε-

239 2289 387 2369 μεγίστης
408 2286 497 2367 τιμής
519 2288 668 2370 πεποίηκε
687 2289 838 2367 μέτοχον.
892 2284 953 2368 ἐγώ
970 2289 1012 2349 dd
1035 2279 1093 2349 οὖν
1118 2279 1157 2349 όν
1178 2285 1338 2368 ψεόααιμι

238 2387 296 2464 τός
318 2383 399 2468 πρός
422 2384 539 2450 ἐκεῖνον
571 2383 751 2471 συνθήκας,
776 2386 847 2451 ἀλλ’
868 2387 1005 2477 εέμενής
1034 2389 1090 2451 καί
1111 2388 1382 2470 φιλόνθρωποςηθ
1433 2465 1441 2470 q

238 2484 365 2569 ἐσομαι,
386 2489 489 2571 πατήρ
522 2509 555 2550 τε
588 2496 653 2561 τοϊς
674 2489 851 2568 νέοις,·καί
877 2495 942 2564 τοῖς
970 2486 1072 2572 ἧλιξιν
1102 2487 1261 2573 οἷόελφός,
1285 2487 1340 2552 καί

312 2678 337 2730 1.
355 2671 407 2744 τήν
427 2692 471 2730 om
489 2675 518 2732 0.
627 2680 653 2732 2.
675 2674 905 2752 αωφρονισμέγθ
928 2693 991 2732 mox
1008 2678 1065 2732 hiat
1082 2677 1178 2732 oratio.
1295 2680 1337 2730 11.

219 2789 227 2800 ,
309 2747 564 2823 ἐπαποδεχόμενος
584 2750 614 2805 G.

241 2915 332 2981 risque
356 2915 497 2980 quotannis
524 2930 538 2964 e
561 2915 645 2981 regiis
669 2914 802 2968 thesauris
821 2915 967 2980 darentur,
987 2914 1034 2966 alii
1052 2921 1163 2983 proptor
1180 2914 1339 2982 templorum

243 2991 270 3034 et
287 2984 448 3049 privatarum
468 2987 666 3053 possessionum
685 2986 878 3055 abreptionem,
897 2985 945 3037 alii
963 2995 1072 3053 propter
1091 2989 1188 3055 omnia,
1208 2986 1255 3037 alii
1274 3001 1338 3053 pro.

242 3063 301 3122 pter
326 3058 529 3125 castigationum
555 3058 700 3110 futurarum
724 3075 811 3126 paene
838 3058 957 3109 defuncti
985 3071 1107 3124 poenam.
1152 3058 1339 3125 intelligebant

244 3128 314 3178 enirn
333 3130 522 3192 poenitentiam
542 3129 612 3196 quod
626 3129 742 3180 divinam
752 3130 943 3197 benignitatem
963 3138 1059 3182 evocat
1076 3131 1109 3181 ad
1125 3130 1336 3182 misericordiam.

243 3198 336 3249 borum
355 3207 442 3250 autern
462 3200 588 3252 contrarii
608 3201 800 3266 poenitentiam
820 3201 944 3252 babuisse
963 3203 1049 3253 virum
1069 3210 1130 3267 post
1147 3215 1284 3254 secessum
1296 3200 1338 3250 di.

244 3269 348 3331 cebant,
369 3278 395 3320 et
414 3269 463 3319 bac
482 3271 509 3320 in
527 3286 557 3320 rc
577 3273 633 3321 vita
650 3281 781 3338 sequente
804 3287 858 3324 non
878 3273 945 3324 frui:
963 3271 1011 3323 alii
1030 3282 1117 3329 autem
1135 3273 1162 3322 id
1179 3273 1250 3340 quod
1270 3270 1338 3324 nuc.

243 3341 297 3402 bat,
316 3341 464 3393 sanctitatis
482 3342 587 3408 signnm
607 3343 757 3395 statuebant
782 3350 890 3410 propter
916 3345 1043 3394 maiorem
1061 3342 1171 3410 posthac
1196 3344 1338 3408 poeniten-

244 3412 306 3462 tiam
324 3418 352 3461 et
370 3411 402 3462 ad
420 3410 581 3477 probandum
601 3413 731 3478 omnibus,
749 3430 803 3466 non
823 3430 883 3466 esse
901 3424 1048 3482 peccatum,
1060 3415 1129 3482 quod
1144 3414 1261 3465 divinam
1280 3412 1338 3463 cle.

244 3483 368 3532 mantiam
386 3491 490 3550 urgeat,
509 3484 532 3535 si
551 3483 610 3551 quis
629 3484 704 3537 malis
723 3502 753 3538 se
771 3485 915 3544 deflectens
935 3487 1033 3538 bonum
1052 3485 1174 3553 eligeret.
1211 3499 1265 3551 ego
1290 3500 1338 3535 au.

244 3561 298 3602 tem
322 3560 493 3622 utrorumque
521 3556 678 3608 senteutiam
705 3557 808 3609 reddidi
835 3557 903 3609 bano
927 3558 962 3609 ob
982 3574 1037 3608 rem
1056 3557 1127 3625 quod
1145 3555 1230 3606 altera
1248 3570 1339 3606 arcere

244 3626 363 3690 possita
381 3625 476 3678 iuturis
495 3627 589 3691 malis,
609 3627 693 3680 altera
711 3629 854 3682 advertere
872 3631 989 3696 possita
1007 3631 1102 3695 peiore
1120 3627 1153 3679 ad
1167 3626 1286 3689 meiius,
1313 3633 1339 3676 et

244 3705 365 3749 neutram
384 3707 413 3750 ut
431 3700 586 3752 inferiorem
612 3699 715 3752 damno.

345 3787 396 3840 Sed
416 3789 442 3839 id
460 3789 606 3856 quodmibi
624 3789 716 3840 dicere
735 3791 820 3842 oratio
839 3789 973 3851 tendebat,
993 3788 1109 3853 receptis
1127 3787 1211 3853 regiis
1228 3786 1338 3850 sceptris

247 3863 434 3915 Constantinus
453 3863 539 3913 Duces
560 3864 649 3929 coegit
668 3862 785 3930 collegia
803 3862 875 3913 urbis
896 3870 922 3911 et
940 3861 1075 3912 orationes
1094 3856 1237 3909 clementia
1253 3854 1338 3906 refer.

245 3942 285 3986 tus
304 3931 398 3983 habuit
414 3933 447 3983 ad
466 3949 532 3996 cos,
553 3950 610 3983 cnm
629 3935 747 3984 diceret:
767 3949 824 3995 sne,
844 3935 914 3994 viri,
935 3947 993 3982 cnm
1012 3946 1104 3997 regern
1122 3928 1267 3979 reddiderit
1284 3935 1337 3977 ter.

246 4016 339 4056 renum
358 4002 406 4052 ille
426 4004 470 4069 qui
490 4005 517 4053 in
537 4005 621 4055 coelis
640 4012 734 4072 regnat
753 4004 868 4052 omnium
888 4004 994 4052 maximi
1014 4002 1124 4053 honoris
1144 4000 1210 4049 feeit
1227 3999 1338 4064 partici-

246 4089 315 4142 pem.
354 4086 405 4140 ego
425 4080 511 4124 autem
529 4089 582 4124 non
602 4075 692 4127 iollam
710 4075 782 4125 datas
802 4071 844 4123 illi
862 4074 1069 4138 promissiones,
1094 4072 1142 4122 sed
1167 4069 1287 4123 clemens
1316 4075 1340 4118 et

248 4147 377 4199 humanus
397 4156 453 4207 ero,
473 4152 549 4211 pater
567 4144 791 4208 adolescentibus,
812 4151 839 4195 et
855 4143 1013 4211 aequalibus
1033 4145 1126 4205 irater,
1145 4149 1174 4192 et
1190 4141 1276 4207 scipio
1294 4153 1339 4191 se-

248 4216 326 4271 nibus
347 4222 374 4268 et
389 4225 456 4289 puer
475 4215 665 4270 constitutione
683 4225 711 4272 et
728 4215 908 4270 aemulatione
926 4223 1045 4268 nturse.
1084 4214 1194 4266 eveniet
1209 4218 1299 4264 auten
1315 4209 1341 4260 io
