3017 4892
608 343 818 415 ammata·
1185 336 1260 413 228
1362 410 1367 423 ,

258 496 329 579 Καὶ
347 511 385 577 τό
407 513 467 593 μὲν
480 514 538 576 τοο·
559 512 667 594 γένους
682 514 744 575 τῶν
759 506 934 593 essaeos,
956 500 1016 574 όσα
1035 526 1073 590 γε
1092 494 1163 587 ἥκιι
1183 501 1277 569 κατό·
1347 529 1357 582 j

153 614 216 691 τοὶς
239 620 407 699 προσεχεῖς
427 610 520 697 ἦμιόν
541 610 662 696 γενεάς,
682 608 848 697 αερίφημό
862 632 897 675 τε
918 606 974 673 καί
992 602 1186 692 περιβόητα·
1209 604 1265 669 καί

154 721 322 801 μαρτυρεῖ
338 710 463 789 τοῦτοις
485 706 579 779 τότε
605 715 668 778 redu
696 705 819 779 ἄνωθεν
849 708 1028 795 διηγήματα
1057 710 1113 773 καί
1131 702 1147 769 ό
1166 710 1264 789 βασι-

155 812 233 891 λεός
254 818 342 898 κόρος
365 813 551 900 Νικηφόρος
573 812 589 877 ό
611 815 742 891 Φακᾶς,
786 808 820 886 ὃς
849 808 887 876 τό
907 806 1074 893 Ῥωμαίων
1092 802 1263 893 πράγματα

124 913 358 1003 5κατειληφοός
380 916 414 980 όν
435 916 531 1004 στενῷ
551 916 669 1001 κομιδῇ
690 915 745 978 καί
764 911 874 1002 ιίρτόρορ
896 913 1124 995 τιεριιστόμτνα
1145 911 1182 995 τῇ
1202 908 1263 972 ταῖν

126 1040 131 1047 ·
156 1017 355 1101 Σαρακηνιόν
377 1018 433 1079 καί
453 1015 597 1098 Ἀράβων
626 1011 831 1103 ἐπιστρατείᾳ
855 1014 912 1079 καί
933 1010 995 1097 πρό
1023 1012 1079 1095 τῆς
1099 1011 1263 1095 βασιλείοις

155 1114 350 1203 οἶνεκτήσατό
373 1139 406 1183 τε
429 1120 482 1183 καί
498 1114 675 1196 α’νεζιόωσε,
697 1122 825 1193 πολλοῖς
840 1117 946 1190 πόνοις
967 1111 1023 1179 καί
1042 1111 1143 1196 α’γιόσι
1166 1114 1263 1177 πολε-

154 1229 263 1299 μικοῖς
282 1214 583 1305 καταστρατηγήσας
607 1220 671 1285 τοὸν
693 1218 841 1284 ἐναντίαν
861 1209 941 1301 ἄχρι
952 1211 1091 1289 Νικαίας
1110 1212 1263 1296 ληιζομί-

93 1360 96 1363 -
155 1346 219 1387 νων
239 1317 410 1407 τηνόαάν,
431 1322 487 1384 καί
507 1322 554 1395 εἰς
573 1318 630 1404 τήν
653 1322 716 1383 τῶν
740 1317 883 1385 Κιλίκιον
900 1317 1109 1393 κατακλείσας
1131 1309 1262 1389 αιίτοός·

109 1440 145 1494 10
155 1415 223 1487 εἶτα
245 1420 301 1485 καί
320 1418 377 1506 τὴν
404 1424 556 1504 μεγίστην
588 1421 683 1503 νῆσον
703 1422 760 1503 τῆς
782 1418 913 1504 Κρήτης
940 1415 1108 1491 διασώσας
1125 1416 1165 1501 τῇ
1182 1413 1263 1478 Ῥω-

97 1542 106 1551 ·
154 1526 260 1603 μαίων
281 1524 376 1609 α’ρχῇ,
397 1527 530 1609 πρᾶγμα
558 1516 867 1605 δυσμεταχείριστόν
888 1543 924 1584 τε
955 1521 1010 1582 καί
1028 1511 1263 1595 δυσκατόρθω-

153 1646 217 1704 τον,
242 1625 375 1708 εὐσεβὴς
397 1626 431 1687 δὲ
455 1617 500 1686 σόν
522 1619 559 1685 τό
583 1618 661 1703 πρὸς
683 1618 738 1684 τόν
760 1617 838 1683 θεόν
857 1619 914 1684 καί
933 1616 1176 1699 βουλεύσασθαι
1188 1616 1263 1679 δια·

155 1721 412 1807 γνωστικοότατος
430 1726 485 1787 καί
500 1718 678 1806 στρατηγός
693 1718 924 1803 ἀνδρειότατος,
940 1721 994 1782 καί
1010 1716 1051 1782 τό
1067 1718 1126 1797 μὲν
1137 1716 1172 1781 εὀι
1185 1716 1264 1780 θεοῦ

156 1824 212 1889 καί
224 1825 316 1900 θείας
335 1824 510 1906 δυνάμεως,
532 1823 571 1887 τό
594 1824 629 1887 δὲ
644 1825 858 1905 συμβουλίαις
869 1822 1018 1906 α’ρίσταις
1031 1821 1086 1882 καί
1105 1839 1263 1899 στρατια-

111 1940 145 1993 15
157 1933 260 2000 τικαῖς
283 1927 504 2011 γενναιότηοιν,
531 1926 576 1999 είς
597 1926 686 2000 τέλος
703 1919 928 1989 εὐκταιότατον
947 1920 1000 1987 καί
1020 1918 1177 2005 μακάριον
1196 1943 1261 1984 σο-

47 2018 50 2021 ·
157 2054 213 2095 νεα
222 2032 341 2112 ίρανον.

249 2124 317 2195 Ἵνα
339 2130 376 2195 δὲ·
404 2138 505 2212 γνοῖεν
535 2127 565 2194 οἱ
587 2127 827 2212 ἐντυγχάνοντες
856 2129 960 2191 τοῖοδτ
990 2132 1055 2201 τοῖς
1081 2122 1260 2209 γρόμμασι,

155 2208 190 2295 τί
208 2228 357 2313 βούλεται
379 2230 454 2315 ἡμῖν
479 2230 512 2296 τό
536 2232 592 2313 τῆς
612 2229 776 2312 εὐσεβείας
795 2221 949 2311 ἑγκοόμιον
970 2230 1004 2292 ἐν
1022 2233 1087 2301 τοῖς
1100 2249 1260 2310 στρατια·

154 2338 250 2406 τικοῖς
273 2336 526 2414 παραγγέλμασι,
547 2327 776 2417 προσθήσομέν
796 2353 828 2393 τι
848 2329 892 2414 τῷ
913 2324 1096 2413 διηγήμασι.

83 2507 87 2513 ,
110 2446 145 2501 20
254 2434 434 2507 Μέλλοντος
449 2432 554 2499 αι’·τοῢ
576 2432 851 2516 διαπεραιωθῆναι
866 2426 967 2517 στόλῳ
987 2433 1087 2512 βαρεῖ
1104 2428 1183 2514 πρός
1203 2426 1266 2513 την·

155 2534 286 2618 Κρήτην
306 2535 432 2598 aenean
450 2532 505 2599 τόν
526 2532 687 2600 οἶαόαλοοο
703 2536 914 2616 ποιήσασθαι,
932 2533 1094 2617 συνῆλθον
1115 2528 1150 2595 cl
1165 2529 1259 2615 τριὴ·

132 2657 221 2717 ,ρεις
243 2635 299 2697 καί
319 2628 352 2697 τό
385 2638 447 2700 τῶν
477 2631 620 2701 itidem
650 2636 773 2718 πλῆθος
794 2634 839 2709 εἰς
867 2630 902 2697 τό
926 2635 991 2698 τοόν
1012 2634 1185 2714 Φνγὲλλων
1206 2639 1257 2697 λε·

89 2800 98 2805 ,
156 2729 289 2816 γόμενον
316 2734 526 2800 κατατόπιον·
573 2737 629 2798 καί
650 2736 820 2817 γενομένης
844 2736 900 2816 τῆς
919 2733 1123 2814 ε’μσλιαίσεισς
1144 2733 1258 2796 ὄνταο-

224 2865 251 2921 4.
271 2863 313 2937 ὃς]
336 2870 378 2930 οἱς
398 2867 427 2923 O.
448 2869 515 2923 aldit
543 2871 622 2923 etiam
640 2872 783 2939 interpres.
943 2871 984 2922 13.
1004 2871 1054 2923 καλ
1073 2862 1255 2937 expunxerim.
1344 2922 1346 2932 ,

226 2942 270 2993 22.
290 2931 342 2995 τόν
361 2939 390 2995 0.
492 2943 536 2996 23.
557 2944 698 3000 κατόπιον
719 2941 748 2996 G.

254 3054 343 3123 Atque
363 3042 408 3108 rc's
428 3056 534 3124 quidem
560 3057 668 3126 generis
686 3056 854 3120 Phocadum,
876 3069 1052 3124 quascunque
1070 3056 1206 3122 pertinent
1223 3055 1257 3109 ud

156 3127 311 3179 coniunctas
331 3126 410 3179 uobis
430 3136 541 3193 aetates,
562 3128 716 3181 celebratae
734 3138 814 3198 atque
837 3128 1021 3195 frequentatae
1040 3134 1111 3192 aunt,
1131 3133 1159 3179 et
1175 3128 1255 3179 testi.

154 3200 243 3249 monio
262 3206 323 3251 sunt
343 3198 384 3249 bis
403 3206 458 3251 tum
479 3201 632 3266 superiores
650 3202 819 3253 narrationes
837 3208 893 3251 tum
910 3215 960 3251 rex
977 3199 1099 3251 dominus
1117 3196 1255 3265 Nicepbo.

154 3283 197 3321 ras
216 3270 329 3334 Pbocas,
359 3272 404 3338 qui
430 3287 473 3324 res
492 3272 623 3323 Romanas
648 3274 798 3338 suscipiens
828 3272 960 3339 angustiis
992 3271 1099 3322 omnino
1119 3277 1147 3321 et
1164 3269 1256 3337 inopia

155 3342 325 3393 circumfusas
346 3342 537 3395 Saracenorum
555 3343 726 3413 Arabumque
755 3344 927 3410 expeditione
955 3344 1035 3395 etiam
1062 3348 1125 3393 anta
1142 3356 1255 3410 regnum

153 3415 324 3477 recuperavit
352 3421 378 3463 et
401 3417 588 3480 resuscitavit,
614 3416 705 3469 multis
723 3415 863 3467 laboribus
883 3422 910 3466 et
937 3413 1127 3467 certaminibus
1146 3412 1255 3466 bellicis

154 3481 291 3535 debellans
317 3484 486 3537 adversarios
514 3501 600 3554 usque
624 3488 657 3537 ad
682 3486 806 3539 Nicaeam
832 3487 990 3554 praedantes
1008 3488 1158 3549 orientem,
1178 3492 1206 3536 et
1225 3485 1254 3534 in

154 3552 267 3604 Cilicum
285 3560 381 3603 terram
407 3555 548 3614 includens
569 3572 631 3608 eos:
656 3558 753 3609 deinde
780 3560 859 3609 etiam
884 3560 1023 3609 maximam
1041 3554 1165 3620 insulam,
1184 3554 1253 3609 Gre-

153 3630 212 3686 tam‚
233 3637 396 3675 conservans
409 3624 585 3675 Romanorum
606 3628 728 3692 imperio,
748 3643 818 3695 quae
831 3628 938 3694 quidem
955 3643 999 3678 res
1018 3626 1136 3679 difficilis
1157 3628 1208 3677 luit
1220 3625 1254 3677 ad

153 3694 315 3745 tractandum
335 3695 556 3763 exigendumque.
594 3698 653 3761 pius
673 3704 760 3747 autem
777 3698 805 3747 in
823 3697 904 3757 rebus
922 3698 1020 3748 divinis
1038 3704 1119 3763 atque
1137 3697 1166 3747 in
1185 3704 1253 3748 een·
1297 3738 1304 3748 .

153 3764 221 3819 siliis
245 3766 483 3832 prudentissimus,
511 3775 538 3817 et
562 3768 614 3817 dux
640 3767 817 3832 fortissimus,
842 3767 923 3834 idque
951 3768 1045 3834 partim
1063 3764 1113 3834 per'·
1129 3767 1207 3819 deum
1227 3774 1254 3818 et

153 3836 242 3887 divina
261 3838 307 3901 vi,
335 3838 429 3904 partim
455 3837 577 3889 consiliis
596 3840 703 3905 optimis
723 3847 750 3890 et
768 3838 878 3890 militari
896 3837 1039 3889 nobilitate
1062 3846 1148 3890 morte
1172 3846 1274 3905 opta-l

152 3908 252 3967 tissima
270 3916 297 3960 et
315 3908 393 3960 beata
410 3910 536 3961 decessit.

250 3978 284 4031 Ut
301 3986 388 4031 eutem
407 3980 560 4049 intelligant
579 3983 623 4051 qui
643 3982 763 4034 incident
788 3983 815 4033 in
834 3981 882 4035 bas
908 3982 1011 4047 literas,
1031 3981 1094 4052 quid
1113 3982 1164 4036 sibi
1184 3981 1251 4036 velit

154 4051 259 4119 pletatis
279 4050 397 4102 laudatio
415 4054 444 4103 in
462 4053 622 4106 militaribus
644 4054 740 4118 iussis,
759 4055 884 4106 addemus
903 4054 1005 4122 aliquid
1023 4055 1178 4107 narrationi.

249 4122 363 4174 Valente
384 4138 416 4174 eo
445 4126 570 4176 traiicere
595 4125 687 4178 'classe
709 4128 789 4193 ¹gravi
807 4127 836 4176 in
855 4125 979 4190 Cretam,
1001 4134 1081 4195 atque
1100 4127 1162 4179 inde
1181 4140 1250 4177 con.

151 4196 298 4259 scendere,
327 4204 513 4255 convenerunt
532 4198 659 4249 triremes
685 4205 712 4249 ct
734 4196 876 4251 multitudo
894 4198 1001 4251 nauium
1018 4200 1203 4253 tractoriarum
1221 4199 1250 4248 in

73 4306 78 4313 .
106 4276 111 4286 ·
152 4264 342 4337 l’bpgellerum
363 4282 432 4337 quae
451 4268 574 4321 dicuntur
592 4269 731 4339 regionem
752 4276 800 4336 et,
828 4286 887 4323 cum
911 4271 1124 4327 conscenderent
1142 4268 1249 4322 ibina.
