3017 4892
283 319 359 404 tii
574 318 796 395 urcunsus
826 291 1089 390 brumosis

283 496 462 583 ἐπιφορᾶς,
486 488 542 555 καί
560 490 707 570 πολέμοον
739 482 946 569 πανταχόθεν
975 474 1297 567 ίναρριπιζομένονν,
1317 504 1448 568 σφο-

258 592 581 679 ·δρῶς,ρευ’θαρσῶς
608 592 661 653 καὶ
687 591 837 672 γενναίους
860 586 1050 650 α’νδιλνταται
1070 584 1196 660 τούτοις
1216 581 1336 660 advoc
1367 581 1450 647 καὶ

284 696 510 771 α’νθοπλίζεται
539 694 716 776 κραταιῶς,
753 688 815 769 οδχ
842 680 950 761 ὅπλοις
989 685 1044 749 καί
1075 682 1191 767 πλήθει
1212 682 1441 771 ζθαρρήσας

284 796 486 883 στρατιωτῶν
508 786 605 880 (ἦσαν
634 789 694 876 γὰρ
725 791 1052 875 προκατειργασμένον
1080 784 1191 863 πάντες
1214 784 1275 850 καί
1299 811 1437 852 καται-

284 898 471 984 βεβλημέναι
501 902 572 969 ταῖς
596 896 763 976 συνεχέσιν
798 892 987 973 ἐπιδρομαῖς
1014 885 1069 952 καί
1089 896 1231 974 σφαγαῖς
1260 891 1328 952 καί
1351 881 1458 972 {ir-5

284 1022 377 1083 ταις,
407 998 442 1061 οῖ
467 998 502 1061 δέ
536 998 591 1059 καί
614 995 750 1069 δεδιότες
782 989 831 1056 ἐτι
852 990 907 1054 καί
933 990 1036 1079 ταύτην
1066 985 1110 1072 μη
1133 986 1428 1075 συνερχόμεναι),

285 1096 366 1163 otti
388 1100 430 1186 τῷ
450 1093 529 1183 θείῳ
551 1098 657 1160 σδὲνει
676 1097 784 1158 πᾶσαν
814 1092 945 1167 α’ναθεῖς
964 1088 1021 1176 τὴν
1050 1091 1254 1172 ἐλπίδα,καί
1277 1092 1328 1177 τῷ
1354 1093 1425 1154 δο-

284 1196 363 1285 καίορ
387 1197 467 1285 ζήλῳ
488 1198 545 1279 τὴν
566 1194 674 1273 δεξιῶν
694 1193 838 1279 ὁπλίσας,
860 1191 939 1258 κατὰ
955 1194 1066 1260 πασῶν
1087 1193 1152 1260 τῶν
1166 1194 1421 1274 α’ντίκειμένοσν

284 1296 451 1380 δυνάμεων
481 1295 736 1381 παρρησιάζεται
766 1293 825 1377 τὴν
842 1290 1011 1378 ἀλήθειαν
1040 1296 1096 1359 καί
1115 1300 1183 1358 κατ’
1206 1293 1419 1357 aizoo-1025

149 1408 169 1462 i·
186 1408 240 1465 213
251 1398 490 1485 ιικρατοῦντος,
520 1398 583 1479 οδχ
615 1395 658 1471 ῶς
684 1396 859 1478 βασιλικῶς
876 1397 1099 1477 διαγινομένου
1134 1389 1265 1477 περὶτὰ
1291 1385 1453 1477 πρῶγ-ίο

268 1504 382 1583 ματα,
405 1500 473 1563 ἀλλ’
495 1496 538 1575 ῶς
559 1498 752 1583 τυραννικῶς
766 1495 821 1560 καί
834 1490 985 1577 οἷδέσμως
1003 1498 1059 1559 καί
1072 1490 1282 1580 Ιῠἀπρονοήτως
1307 1518 1411 1577 χρω-
1499 1511 1500 1560 t

237 1598 238 1605 ἐ
283 1606 382 1686 μένου
404 1603 441 1688 τῇ
464 1598 618 1684 διοικήσει
638 1601 700 1664 τῶν
722 1592 814 1679 ὅλων,
834 1603 890 1662 καί
910 1600 956 1673 εἰς
975 1596 1072 1662 κακῶν
1095 1594 1264 1681 βάραθρον
1287 1619 1408 1661 συνω-

252 1702 259 1747 ¹
284 1706 420 1777 βοῶντος
442 1698 515 1776 τούς
539 1700 699 1777 Αδσὸνας.
743 1698 815 1763 ἐπεί
835 1697 897 1783 γοὶρ
919 1694 1055 1784 γράφων
1076 1696 1110 1763 rt
1134 1698 1205 1761 δέαν
1227 1693 1404 1774 πολλάκις,

285 1806 342 1869 καί-
361 1800 592 1885 συμβουλεέων
614 1799 658 1887 τῷ
672 1804 804 1881 βασιλεῖ
817 1804 1011 1883 μεταβαλεῖν
1023 1797 1102 1882 πρὸς
1123 1795 1157 1862 τὸ
1179 1800 1318 1883 βέλτιον,
1345 1799 1405 1861 καί

286 1900 488 1989 δικαιοσύνης
510 1896 615 1976 ὅπλοις
638 1903 691 1966 καί
715 1909 955 1987 στρατιωτικοῖς
977 1896 1191 1985 μηχανήμασι
1213 1900 1269 1963 καὶ
1292 1899 1439 1982 deperi-15

223 2046 227 2056 ·
285 2028 349 2069 των
380 2002 585 2089 προβλήμασι
613 2005 913 2088 καταστρατηγῆσαι
940 2006 1003 2067 τῶν
1031 2003 1199 2082 ἐναντίων,
1228 2001 1270 2063 οῖ
1296 1995 1400 2082 μόνον

287 2101 344 2167 οὖν
367 2098 433 2186 εἶχε
452 2104 564 2169 τοῦτον
586 2106 766 2187 καταπεοθῆ
787 2108 842 2168 καί
864 2101 1027 2185 ὁμόδοξον,
1051 2102 1130 2169 ἄλλα
1155 2103 1210 2167 καί
1228 2101 1399 2184 δυσμενῶς

286 2202 366 2289 νιρὸς
389 2200 489 2268 αὐτὸν
511 2203 709 2283 διακείμενον
728 2206 783 2269 καί
800 2208 958 2288 μισοῦντα
984 2207 1094 2269 τοῦτον
1115 2199 1249 2286 dederit·
1270 2201 1399 2286 ον’σχή-

285 2326 370 2385 μονα
392 2304 589 2387 συμβουλήν,
606 2302 704 2378 ου’τὸς
718 2302 792 2379 τούς
813 2308 1019 2387 τηλικούτους
1032 2306 1157 2386 α’γῶνας
1176 2305 1231 2368 καί
1249 2299 1288 2367 τῶ
1310 2298 1407 2367 κατὰ·

287 2408 351 2471 τῶν
374 2401 562 2490 ἀλλοφύλων
589 2402 798 2486 παλαίσματα
825 2404 957 2490 κοίτην
993 2406 1074 2492 ὑπὲρ
1097 2409 1160 2471 τῶν
1178 2406 1432 2487 Χριστιανῶνγρ

289 2506 445 2592 φροντίδα
466 2506 564 2586 μόνος
586 2501 765 2592 ἐπέρχεταί
781 2531 814 2573 τε
836 2513 890 2574 καί
909 2508 1096 2590 αὐαδύεται,
1118 2506 1174 2572 καί
1194 2510 1291 2589 μέσον
1309 2508 1391 2570 θεοῦ
1499 2505 1500 2508 ’

287 2605 343 2672 καί
363 2605 544 2694 ἀνθρώπων
572 2605 631 2692 τὴν
654 2607 781 2692 ἀγαθὴν
800 2614 985 2694 προαίρεσιν
1007 2612 1061 2674 καί
1089 2608 1145 2674 τὸν
1164 2605 1389 2695 ἐμφωλεύοντα

288 2708 389 2797 τούτῳ
417 2704 532 2795 σκοπὸν
565 2712 682 2795 ου’σεβῆ
703 2710 962 2797 προβαλλόμενος,
990 2703 1127 2796 ἄρχεται
1155 2712 1211 2777 τοῦ
1230 2710 1296 2773 τῶν
1310 2705 1389 2776 Ῥω·

290 2964 425 3015 etiamtum
451 2962 581 3034 flagrante
609 2966 710 3033 impetu
736 2972 765 3017 et
792 2966 912 3019 hostibus
943 2965 1121 3035 undecunque
1151 2964 1231 3018 vuldo
1259 2964 1384 3028 excitetis,

204 3081 207 3086 .
289 3036 396 3090 fortiter
426 3044 453 3087 et
476 3044 611 3106 generose
636 3036 738 3091 resistit
761 3035 808 3089 λιίε
820 3037 895 3104 ipse,
913 3044 946 3089 ,σι
973 3044 1060 3089 armat
1081 3051 1113 3088 se
1130 3042 1256 3105 potenter
1271 3050 1323 3088 non
1341 3051 1384 3088 τε.

283 3108 338 3159 nnis
357 3114 384 3158 et
400 3107 569 3161 multitudine
595 3111 678 3161 fretus
703 3106 817 3159 militum
842 3109 933 3177 (erant
960 3109 1030 3160 enim
1055 3116 1133 3160 entes
1158 3106 1275 3160 coniecti
1297 3122 1384 3160 omnes

289 3188 317 3231 et
335 3180 434 3230 deiecti
461 3180 594 3232 continuis
625 3179 822 3231 incursionibus
852 3188 879 3231 et
906 3179 1031 3232 enodibus
1057 3190 1085 3232 et
1107 3180 1248 3233 cladibust
1274 3178 1319 3231 ulii
1336 3194 1383 3230 un.

287 3258 342 3303 tem
369 3252 504 3316 etiamtum
533 3254 561 3301 in
589 3252 685 3301 timore
718 3258 793 3301 erunt
822 3255 917 3319 neque
944 3268 1003 3303 oum
1033 3252 1085 3304 boe
1115 3268 1146 3305 se
1179 3251 1382 3321 coniungebsnt)

289 3319 336 3373 sed
356 3320 389 3370 ad
408 3320 524 3372 divinam
544 3322 688 3388 potentiam
709 3322 831 3374 referens
858 3338 962 3375 omnem
987 3339 1061 3390 spem
1083 3332 1110 3376 et
1134 3326 1205 3376 iusto
1224 3324 1307 3376 studio
1323 3323 1381 3374 fidei
1403 3355 1407 3363 ·

289 3390 408 3443 dextram
434 3405 537 3444 armans
564 3398 658 3443 eontra
688 3408 779 3446 omnes
807 3395 943 3461 oppositus
970 3396 1043 3447 vires
1061 3396 1148 3448 iibere
1167 3396 1232 3448 dicit
1250 3395 1381 3447 veritatem

195 3504 196 3507 ,
290 3462 369 3515 etium
389 3469 481 3518 contra
501 3464 586 3530 ipsum
602 3464 799 3531 imperatorem,
819 3467 919 3534 quippe
938 3468 983 3535 qui
1001 3482 1055 3518 non
1072 3468 1145 3535 regis
1163 3468 1247 3519 instar
1265 3468 1292 3517 in
1307 3464 1381 3517 rebus

288 3540 411 3605 versutus
432 3542 503 3587 esset
521 3536 568 3586 sed
587 3537 693 3601 tyranni
711 3552 786 3593 more
800 3545 827 3590 et
844 3538 944 3591 iniusto
963 3545 990 3589 et
1007 3538 1189 3605 imprudenter
1203 3545 1319 3590 uteretur
1335 3536 1380 3587 ud-

264 3604 484 3693 pministrutione
503 3608 589 3659 totius'
605 3608 722 3660 civitatis
741 3617 769 3660 et
792 3611 820 3661 in
838 3608 933 3661 molum
963 3610 1120 3679 voraginem
1140 3608 1313 3676 compelleret
1326 3608 1380 3660 Au.

288 3692 377 3731 soness
416 3680 563 3731 cumcuim
592 3679 711 3734 scribens
736 3682 917 3734 necessarium
940 3696 1021 3748 saepe
1047 3690 1075 3733 et
1091 3682 1206 3754 suadens
1224 3681 1293 3750 regi,
1309 3679 1379 3731 utri

243 3800 249 3812 ,
287 3748 386 3801 melius
407 3764 436 3802 se
458 3759 591 3814 verteret,
612 3759 640 3807 et
658 3752 777 3805 iustitiae
796 3754 875 3805 armis
896 3760 923 3804 et
948 3752 1234 3806 militaribusartibos
1254 3760 1282 3803 et
1298 3750 1378 3803 hostr-

199 3828 202 3833 '
262 3836 344 3871 .rum
363 3821 498 3886 praesidio
525 3821 673 3874 debellaret
698 3825 877 3887 adversarios,
903 3837 957 3874 non
983 3823 1071 3876 solum
1100 3838 1155 3876 non
1180 3824 1293 3876 baberet
1316 3822 1377 3873 bunc

288 3888 457 3943 obedientem
479 3902 505 3945 et
522 3896 592 3945 idem
612 3897 783 3961 sentientem,
802 3897 850 3949 sed
870 3897 948 3946 etiam
971 3896 1079 3946 inimice
1101 3897 1228 3948 adversus
1248 3908 1277 3948 se
1296 3895 1377 3960 dispo-

286 3962 366 4012 situm
386 3972 413 4013 et
431 3966 492 4015 odio
512 3964 652 4017 habentem
671 3960 976 4035 huno'propterbonum
993 3966 1150 4031 eonsilium,
1168 3970 1228 4035 ipse
1246 3965 1308 4018 talia
1323 3981 1377 4015 cer.

287 4033 386 4082 tamine
406 4043 432 4084 et
451 4035 612 4089 luctationes
632 4047 725 4091 contra
743 4048 838 4107 gentes
863 4035 931 4088 iiius
950 4039 1040 4106 stirpis
1067 4047 1094 4090 et
1113 4055 1201 4091 euram
1221 4038 1376 4093 Christiano-

286 4117 344 4154 rum
363 4102 437 4156 solus
457 4116 587 4161 sustentat
606 4118 631 4161 et
649 4110 736 4175 subit,
764 4118 897 4161 eteorum
922 4107 977 4168 deo,
992 4119 1019 4161 et
1037 4110 1188 4163 bominibus
1206 4109 1302 4163 bonum
1317 4123 1376 4175 pro.

288 4173 405 4241 positum
424 4184 450 4227 et
469 4176 594 4231 latentem
614 4182 642 4232 in
661 4180 712 4233 hoo
731 4180 811 4233 tinem
829 4180 901 4248 pium
919 4183 1098 4247 praetendens
1115 4182 1212 4250 incipit
1239 4180 1376 4249 principatu

289 4244 451 4302 Graecorum
476 4250 620 4320 tranquillo
645 4252 733 4307 snimo
752 4250 854 4321 potiri„
880 4266 1023 4309 removens
1047 4254 1121 4323 regis
1145 4253 1300 4323 profundum
1314 4249 1376 4307 hone
