3017 4892
252 334 326 414 tot
543 340 761 413 mrcntmrs
792 338 1053 409 emimontu

248 516 370 602 α’γοράν
389 515 499 581 σιτι’ων
530 515 656 604 έξιοάση
679 517 893 598 προσέβαλον·
948 516 1004 578 καί
1022 513 1052 577 εἰ
1070 507 1114 595 μὴ
1136 510 1217 594 ταχὺ
1238 512 1370 575 διανα-

249 615 329 692 στάς
350 612 367 682 ὅ
386 615 536 698 βασιλεάς
559 618 594 681 έκ
615 618 670 699 τῆς
700 617 808 701 φήμης
829 608 957 699 ιάρμησε
987 617 1053 678 κατ’
1075 616 1191 689 adreio,
1213 606 1365 676 κάκεῖνσι

249 719 294 803 μη
316 718 505 793 δποστάντες
530 722 693 803 διέφυγον,
715 716 799 799 τάχα
821 714 861 781 dv
883 715 1025 779 α’ποάλετο
1041 720 1135 796 μέρος
1151 716 1363 795 στρατιωτῶν

250 821 308 885 oris
330 818 621 903 εάκαταφράνητον.
665 819 723 903 ἀφ’
740 808 784 884 ὧν
806 815 903 891 εἴτις
923 825 987 891 τοῖς
1008 823 1196 899 στρατηγοῖς
1217 812 1361 896 ἐπιγρά-

244 944 327 1006 ,φειν
353 916 397 994 ως
423 922 538 985 turbas
570 918 639 1003 ἔχοι
674 918 713 984 τά
740 922 804 983 τῶν
824 916 1011 1000 ε’κβάσεων,
1034 916 1090 982 εἴτ’
1112 919 1165 980 ἐπέ
1185 912 1219 979 τά
1243 924 1385 997 χεῖρονῦ

249 1020 307 1086 εἴτ’
328 1023 391 1085 'dns'
414 1018 451 1085 τά
486 1029 624 1105 κρεῖττον
653 1021 840 1105 συνάγοιντο
851 1007 872 1097 ,⁴
892 1021 930 1086 od
956 1017 1129 1101 διαμάρτοι
1151 1014 1275 1092 πάντως
1296 1018 1360 1079 τοῦ

249 1123 353 1204 σ’ρθοῦ
372 1120 428 1185 καὶ
453 1126 510 1204 τῆς
532 1124 674 1206 ἀληθοῦς
695 1119 907 1205 διαγνώσεως.

348 1223 474 1302 ’Λλλζδ
495 1227 555 1303 μὲν
573 1224 736 1304 βασιλεύς,
761 1217 845 1286 οὕτω
867 1222 1040 1299 διασωθεὶς
1060 1217 1299 1293 καῖ’διασάσας
1320 1214 1358 1281 τά

252 1322 493 1404 στρατόπεδον,
517 1321 577 1406 πρά
601 1329 658 1407 τῇς
677 1329 733 1389 τοῦ
763 1323 876 1389 Χάλειι
903 1324 1015 1407 χώρας
1041 1322 1237 1406 πανστρατιᾷ
1259 1343 1357 1385 κατε-

251 1420 402 1508 σκήνωσε.
448 1422 508 1508 πρά
534 1428 591 1488 τοῦ
614 1431 791 1510 καταβῆναι
813 1430 849 1490 δὲ
871 1430 926 1490 τοῦ
946 1428 1054 1502 ἵππου,
1076 1422 1150 1496 τυάς
1169 1445 1201 1485 τε
1226 1416 1355 1496 Σκύθας
1366 1446 1402 1497 10

253 1527 309 1591 καί
325 1525 387 1590 τῶν
404 1523 572 1606 Ῥωμαιλυν
597 1526 656 1598 οὐκ
678 1527 803 1609 ὀλίγους
830 1526 875 1599 εἰς
896 1524 1057 1609 προνομήν
1086 1520 1273 1595 α’ποστειλας
1294 1517 1356 1600 τὴν

250 1628 407 1706 πολεμίαν
426 1623 542 1709 ’χάραν
571 1633 795 1710 κατεληέσατο,
832 1626 956 1706 ἀνδρῶν
982 1651 1014 1691 τε
1034 1629 1099 1711 ‘aas'
1122 1619 1358 1705 γυναικῶνκαὶ

249 1724 456 1811 βοσκημάτων
490 1729 692 1809 δορυάλωτον
718 1731 840 1811 πλῆθος
862 1728 919 1790 oda
937 1725 1103 1811 ἐλάχιστον
1132 1721 1356 1807 ποιησάμενος.

251 1830 375 1893 ἐκεῖθεν
400 1830 435 1892 δέ
461 1829 662 1912 προβιβάσας
691 1828 749 1912 την
780 1828 935 1913 στρατιάν
963 1824 1074 1915 προῄει
1100 1824 1154 1889 διά
1179 1826 1234 1906 τῆς
1258 1827 1355 1884 πυλε-

252 1935 339 2011 μέας,
364 1932 420 1995 καί
439 1933 562 2005 διτταῖς
584 1930 718 2013 ἡμέραις
739 1930 821 2011 ὁμοῦ
845 1932 1045 2012 μεταβαίνων
1065 1930 1110 2001 εἰς
1132 1918 1356 2007 τοῦμπροσθεν
1365 1944 1394 1994 15

251 2026 309 2103 τάς
332 2029 492 2111 προνομάς
511 2023 607 2094 σάδὲν
628 2024 720 2115 ἧττον
745 2029 932 2113 ποιούμενος
952 2024 1001 2111 ἧν.
1057 2034 1198 2111 τριταῖος
1220 2028 1255 2089 δὲ
1277 2023 1355 2106 πρὸς

252 2129 311 2213 τὴν
333 2126 511 2214 Ἱεράπολιν
542 2132 718 2216 α’φιγμένος
740 2129 826 2215 {dna
859 2130 935 2206 τοάς
955 2124 1103 2214 Ἄραβας
1131 2130 1357 2210 περιρρέοντος

257 2230 391 2296 κυκλόσε
413 2234 469 2295 καί
488 2230 757 2316 παραδεικνύντας
776 2232 810 2298 έκ
830 2232 1006 2319 φαντασίας
1026 2232 1081 2296 τὸν
1101 2230 1246 2309 πόλεμον.
1288 2226 1357 2290 ἀλλ’

237 2336 299 2414 ,εἷς
314 2339 427 2415 χεῖρας
449 2334 554 2397 ἐλθεῖν
573 2336 631 2427 καὶ
649 2335 794 2416 συνάψαι
811 2332 982 2417 Ῥωμαίοις
1009 2335 1179 2413 εὐθαρσεῖς
1200 2326 1239 2393 οὔ
1260 2326 1355 2411 γεγά-

256 2458 359 2515 νασιν,
383 2435 414 2497 εἰ
432 2433 476 2518 μη
500 2434 561 2497 nori
574 2459 656 2512 τινες
678 2436 911 2519 ἀκροβολισμοὶ
927 2427 1166 2521 προτρεχάντων
1186 2435 1279 2495 τινιῧν
1300 2434 1398 2504 καίοι)

256 2537 312 2617 τῆς
335 2534 451 2611 τάξεως
472 2535 702 2624 προπηδώντων
732 2535 942 2620 έπιγεγάνασι.
988 2538 1042 2599 καί
1064 2532 1222 2620 προῄεσαν
1244 2530 1354 2609 οἱμὲν
1410 2546 1416 2551 “

249 2634 405 2717 Ῥωμαῖοι
434 2642 691 2721 συντεταγμένας
717 2636 797 2703 κατά
823 2638 947 2721 ,λάχους
974 2640 1031 2701 καί
1055 2633 1239 2721 φάλαγγας,
1266 2629 1295 2695 οἱ
1322 2632 1352 2691 δ’

245 2727 389 2821 ’Ἄραβες
409 2736 488 2820 μετά
511 2736 567 2803 καὶ
586 2743 649 2805 τῶν
667 2740 828 2807 συνόντων
852 2740 963 2835 αάτοδρ
983 2737 1132 2825 Τοάρκιον
1150 2736 1207 2799 onix
1228 2736 1351 2817 δλέγων,

310 2888 352 2943 ’5.
371 2892 451 2947 θέλοι
462 2892 605 2960 interpres.
680 2894 723 2948 16.
735 2882 908 2967 προσνυμάε
926 2893 956 2947 (λ.
1046 2943 1052 2953 .

255 3035 356 3097 partem
381 3030 497 3101 aliquam
526 3039 638 3102 propter
667 3032 793 3086 frumenti
817 3040 962 3086 mercatum
982 3041 1122 3085 exeuntem
1140 3030 1261 3100 aggressi
1280 3037 1348 3095 sunt,

254 3109 334 3169 atque
352 3104 405 3154 nisi
424 3104 552 3158 celeriter
571 3120 694 3173 egressus
713 3121 762 3156 rex
780 3114 890 3172 propter
909 3106 1002 3157 lamam
1021 3104 1241 3173 proficiscebatur
1259 3111 1351 3154 contra

255 3187 301 3224 eos
322 3180 349 3223 et
366 3174 409 3225 illi
426 3191 480 3227 uon
499 3178 656 3229 resistentes
677 3176 825 3243 fugiebant,
846 3178 927 3229 lucile
946 3179 1072 3244 periisset
1090 3191 1149 3243 pars
1168 3177 1279 3228 militum
1298 3188 1350 3225 non

254 3246 418 3309 spernenda:
439 3263 522 3314 quare
540 3249 564 3299 si
583 3250 642 3315 quis
659 3248 770 3301 ducibus
783 3249 942 3299 tribuerent
956 3249 1112 3316 plerumque
1123 3249 1151 3299 lit
1164 3248 1232 3299 velit
1245 3248 1349 3309 exitum,

254 3314 313 3364 sire
333 3316 365 3365 ad
385 3315 541 3437 peiug'sive
557 3320 592 3370 ad
607 3318 704 3371 melius
725 3321 897 3385 conducatur,
922 3335 974 3371 non
993 3322 1100 3373 aberret
1118 3320 1225 3371 omuino
1244 3326 1349 3369 arceto

255 3391 282 3433 et
298 3400 314 3433 α
333 3400 399 3436 vero
418 3388 446 3437 iu
464 3388 540 3439 icio>

355 3470 407 3523 Sed
424 3488 473 3525 rex
490 3477 528 3526 ita
549 3485 671 3530 servatus
702 3488 729 3530 et
747 3496 858 3533 servans
879 3482 1024 3533 exercitum
1049 3487 1111 3531 ante
1132 3486 1230 3529 terram
1250 3475 1347 3541 Chalep

254 3559 313 3594 cum
332 3551 389 3595 toto
409 3548 529 3599 exercitu
547 3557 641 3600 castra
660 3553 758 3617 posuit.
802 3555 956 3622 priusquam
984 3560 1070 3603 autem
1097 3567 1130 3602 ex
1150 3563 1218 3617 equo
1237 3549 1348 3599 descen.

253 3615 344 3680 deret,
373 3616 487 3683 Scythas
516 3627 543 3671 ct
570 3620 729 3674 Graecorum
759 3640 813 3676 non
840 3641 940 3692 paucos
969 3626 1001 3675 ad
1020 3630 1193 3674 commeatum
1211 3619 1349 3686 parandum

253 3688 335 3751 mlflib
355 3687 437 3757 hique
455 3689 569 3744 hostium
588 3702 684 3757 terram
702 3696 883 3763 diripuerunt,
913 3700 1030 3749 virorum
1054 3702 1081 3746 et
1098 3693 1238 3747 mulierum
1259 3699 1285 3741 et
1301 3706 1349 3757 pe.

257 3759 332 3810 cudis
350 3761 424 3812 bello
444 3772 547 3829 captam
565 3766 760 3818 multitudinem
785 3785 838 3819 non
857 3770 989 3819 minimam
1009 3767 1148 3818 incientes.
1187 3764 1248 3813 inde
1267 3770 1347 3813 autem

257 3831 407 3895 producens
421 3837 566 3887 exercitum
575 3839 803 3905 'progrediebatur
816 3855 864 3906 per
875 3840 1097 3905 *hostiumterram
1114 3845 1140 3887 et
1151 3835 1253 3887 duobus
1262 3833 1350 3884 diebus

256 3900 335 3950 simul
354 3905 552 3973 transgrediens
570 3909 599 3958 in
616 3908 677 3960 loca
689 3913 832 3973 anteriora,
853 3919 1023 3962 commeatum
1043 3909 1216 3962 nibilominus
1230 3904 1347 3957 faciebat.

255 3972 335 4020 tertio
354 3983 443 4024 autem
462 3977 506 4026 die
531 3988 669 4048 postquam
689 3980 846 4046 Hierapolin
875 3982 985 4033 advenit
1009 3981 1117 4033 videbat
1133 3978 1236 4032 Arabes
1256 3978 1348 4027 circum

221 4072 225 4082 ,
254 4038 397 4092 affluentes
416 4054 444 4095 et
461 4056 638 4101 monstrantes
670 4052 746 4103 vultu
775 4051 885 4113 bellum,
904 4053 951 4103 sed
969 4061 998 4103 nt
1023 4054 1055 4103 ad
1073 4066 1165 4101 manns
1185 4049 1307 4101 venirent
1324 4053 1350 4095 et

255 4112 484 4177 congrederentur
510 4133 570 4168 curn
599 4122 706 4173 Graecis
731 4136 786 4172 non
812 4122 919 4172 merum
946 4124 1039 4185 fortes,
1064 4124 1117 4173 nisi
1137 4122 1208 4189 quod
1226 4116 1349 4169 nonnulla

254 4180 360 4249 proelia
388 4186 549 4252 quorundam
578 4196 775 4244 excurrentium
807 4202 833 4243 ct
861 4194 919 4243 acie
947 4193 1126 4246 exsilientium
1155 4191 1298 4244 instabant:
1322 4194 1350 4237 et

256 4255 543 4319 procedebantllraeci
555 4262 661 4326 quidem
679 4264 816 4317 ordinibus
830 4266 974 4318 secundam
993 4266 1128 4319 centurias
1146 4272 1174 4315 et
1192 4262 1347 4331 phalangest
