3017 4892
566 376 775 449 ιιιειοιιιι.
1174 366 1242 445 stt

140 570 305 636 φυγοντας
326 546 519 629 διατηρῆσαι
549 548 604 608 κατ’
625 543 788 621 ίπαλάξαι
816 541 871 607 τὸν
899 540 1043 605 κίνδυνον
1065 543 1246 623 μελετῆσαι,

140 650 217 713 ἄλλ’
248 646 325 730 ὅπερ
356 670 393 710 ου
388 647 523 728 ’γέγονέ
549 666 643 726 ποτε,
673 644 881 764 πλημυρήσαι
908 639 940 706 τὸ
971 636 1057 723 υδωρ
1094 644 1148 705 καί
1181 634 1248 705 οἷον

141 750 401 834 αναρροιβδήσαι
421 768 474 808 και
470 696 734 825 α’νερεάξάσδαι,
757 746 812 805 καί
834 741 952 817 πάντας
974 734 1074 825 ἄρδην
1096 740 1168 815 τούς
1189 765 1248 803 κα-

140 846 385 934 ταπεφευγότας
418 844 611 909 κατακλύσαι
637 868 688 907 και
718 843 771 906 διά
804 843 899 927 ξηρὰς
927 837 1185 926 άπαβρυχιόος’
1166 864 1248 905 οπο·
1297 847 1304 869 ‘

111 948 356 1033 onotq'ooollot.
401 950 502 1010 ταῦτα
523 949 696 1028 τοιγαροῦν
723 946 967 1030 ἐπιδιηγηθέντα
997 943 1114 1025 πολλήν
1134 946 1248 1025 ἐνῆκαν

141 1048 206 1135 τήν
228 1049 374 1130 α’δυμίαν
405 1044 480 1130 ήμῐν
509 1045 554 1119 «ic
577 1048 611 1109 ἐκ
633 1050 806 1129 θεομηνίας
829 1048 891 1109 τοῖν
923 1047 1034 1108 δεινῶν
1054 1040 1248 1125 ἐπισυμβαι-

35 1226 44 1235 Χ
142 1148 275 1229 νάντων,
297 1153 353 1215 καί
373 1146 417 1231 μή
441 1144 537 1228 μα’ναν
557 1151 622 1211 ταῖν
644 1150 803 1228 πολεμίων
825 1146 1059 1210 ultenatum
1082 1147 1247 1225 στοιχείων

131 1250 408 1331 Ιἀντιμαγομένων
428 1256 494 1321 τοϊς
517 1250 593 1310 καθ’
615 1245 710 1328 ήμάς.
755 1246 837 1310 α’λλδι
860 1249 915 1310 καί
934 1239 978 1319 άδς
1000 1246 1166 1324 ἐδοκίμαζε
1190 1245 1248 1324 μὲν

144 1352 204 1413 καί
222 1342 289 1413 οἷον
310 1348 494 1435 ἐσφάδαζεν
516 1348 533 1409 o‘
558 1350 684 1431 κρατῶν
705 1348 981 1430 διαπεραιωθῆναι
1006 1342 1083 1426 μετά
1109 1347 1170 1407 τῶν
1189 1366 1249 1407 νιε-

97 1459 133 1513 10
144 1447 281 1533 ριάντων
302 1450 388 1539 uultui
410 1451 622 1533 στρατιωτῶν,
646 1452 699 1512 καί
718 1456 783 1522 τοϊς
804 1448 882 1512 κατὰ
902 1445 958 1529 τήν
975 1442 1060 1509 ἐτέον
1082 1448 1249 1527 παραβοη-

142 1552 246 1635 θήσαι
273 1550 369 1616 κατά
382 1547 419 1615 τά
453 1548 611 1613 δυνατόν·
664 1548 831 1632 οἷπείργετα
857 1549 892 1609 δὲ
915 1556 981 1621 τοῖς
1003 1570 1036 1611 τε
1057 1544 1280 1625 συμβούλοιςη
1293 1567 1381 1623 1957⁶

141 1678 195 1718 και
218 1656 257 1739 τή
285 1651 396 1740 ἀγνοίην
425 1655 482 1714 τοῦ
503 1648 647 1732 πλήθους
679 1646 744 1711 τῶν
764 1649 914 1712 ἐναντίων
946 1672 996 1710 ναι
1018 1649 1058 1765 τή
1079 1647 1249 1733 παρακοπή

141 1776 206 1818 των
228 1749 310 1831 μετά
334 1753 393 1814 τοῦ
416 1749 657 1832 κονροιιαλάτον
680 1743 884 1827 δυνάμεων.
905 1739 977 1810 ὅθεν
1003 1769 1054 1810 και
1079 1739 1165 1850 ἄκων
1184 1752 1248 1820 τοϊς

142 1855 319 1933 βασιλείοις
341 1852 512 1929 ἐπέμεινεν.

100 1955 134 2009 15
238 1950 387 2033 Ἡμερῶν
410 1952 445 2012 δὲ
468 1951 698 2031 διαγενομένων
719 1951 812 2013 τινῶν
832 1942 922 2032 ἑτέρα
945 1972 991 2022 τις
1014 1946 1104 2034 φήμη
1124 1946 1249 2029 τὸνβα-

143 2056 237 2119 σιλέα
255 2053 316 2114 ,καί
338 2049 374 2113 τὸ
394 2048 571 2132 Ῥωμαϊκὸν
585 2049 788 2133 ἀνεκτήσατο.
811 2042 849 2132 ήν
871 2045 931 2133 γάρ
956 2043 1007 2114 ὅτε
1028 2048 1045 2111 o‘
1066 2054 1128 2113 suiv
1144 2048 1249 2132 Τοάρ-

143 2178 207 2218 κων
243 2146 419 2235 ήγοιῖμενος
449 2148 506 2214 καί
535 2148 801 2233 καταπολεμήσας
829 2146 864 2213 τά
888 2149 1041 2233 ἡμέτερον
1062 2148 1247 2233 στράτευμα

143 2258 199 2319 καί
217 2253 273 2317 τάν
293 2252 428 2335 στρατὸν
447 2249 634 2334 δποχείρίον
647 2248 867 2334 ποιησάμενος,
890 2244 927 2313 δν
942 2252 1065 2314 πολλῶν
1087 2245 1248 2314 ταλάντων

142 2358 300 2438 πρίασθαι
323 2350 352 2416 οἱ
372 2354 429 2417 τοῦ
447 2357 557 2435 γένους
574 2352 675 2414 ου’τοῦ
690 2349 945 2434 παρεσκεύασαν,
970 2358 1180 2433 προσέρχεται
1203 2342 1247 2435 τῷ

100 2458 273 2536 tolleretis!
295 2448 388 2532 μάνος
416 2450 495 2533 μετὰ
526 2453 582 2515 τοῦ
614 2454 810 2534 στρατηγοῦ,
845 2454 947 2537 φιλῶν
974 2455 1094 2533 οἰκέτης
1124 2454 1246 2531 μᾶλλον
1274 2466 1279 2475 “

144 2552 222 2619 εἶναι
240 2558 297 2617 τοῦ
323 2548 531 2635 βασιλέως’
516 2547 538 2634 ή
559 2550 760 2636 στρατάρχης
787 2576 850 2615 των
872 2546 1001 2617 Θάννων
1021 2554 1245 2635 γνωριζεσδαι.

143 2656 230 2719 καιο
262 2653 354 2772 λόγος
385 2650 485 2731 εές”
465 2676 557 2759 εργον
587 2654 773 2735 ἐκβέβηκεν·
827 2650 964 2735 ἐλήλυθε
985 2650 1045 2735 γάρ
1069 2648 1152 2733 ἔχων
1172 2650 1245 2731 μεθ’
1292 2684 1295 2691 ·

144 2750 259 2827 εαυτοῦ
278 2776 335 2820 τον
363 2740 532 2839 εἰρημένον
550 2758 609 2818 τοῦ
630 2755 772 2838 στρατοῦ
796 2749 1054 2838 προιξάρχοντα,
1078 2746 1111 2829 ὃς
1134 2754 1189 2816 καί
1208 2776 1245 2839 τη

213 2942 240 2995 3.
260 2939 549 3015 δναρριέξασδαιθ.

145 3120 172 3165 et
186 3113 273 3166 sitere
291 3112 440 3180 perieulum
458 3112 607 3166 studuisset
631 3112 679 3165 sed
697 3112 769 3181 quod
786 3126 922 3181 nunquam
944 3110 1042 3163 loetum
1063 3118 1120 3163 erut
1141 3124 1244 3179 evegs.

144 3193 194 3251 tem
225 3199 285 3237 esse
306 3200 418 3253 squam,
440 3192 468 3238 et
490 3186 565 3253 qussi
585 3184 742 3237 efferbuisse
762 3193 788 3236 et
814 3192 950 3235 eructasse
979 3191 1005 3233 et
1024 3197 1116 3233 omues
1135 3196 1245 3250 prorsus

146 3255 272 3323 fugitivos
291 3256 423 3318 obruisse,
440 3264 467 3307 et
485 3256 513 3307 iu
524 3257 600 3309 eride
613 3256 808 3307 submersisset
829 3255 896 3306 haee
910 3255 991 3322 igitur
1004 3255 1123 3306 nuntiata
1137 3253 1245 3306 multem

145 3326 288 3379 attuleruut
305 3329 440 3397 ignaviam
456 3327 534 3379 nobis
548 3330 624 3397 quusi
644 3344 678 3379 ex
693 3330 733 3379 ire
751 3328 846 3379 divine
863 3326 994 3379 terribilia
1014 3326 1174 3377 obvenirent
1193 3342 1245 3378 ne.

113 3394 115 3402 '
146 3413 195 3465 que
219 3398 306 3451 solum
329 3400 421 3451 hostes
448 3399 495 3451 sed
520 3402 599 3451 etism
623 3408 734 3451 usturee
751 3400 825 3450 vires
843 3406 993 3467 pugnarent
1012 3405 1105 3449 contre
1121 3406 1242 3451 nostros:
1319 3451 1322 3459 ,

145 3469 190 3521 sesi
207 3470 246 3519 sie
264 3484 372 3537 quoque
398 3470 525 3521 censebat
544 3479 571 3521 et
589 3471 665 3538 quusi
688 3469 860 3536 superbiebat
887 3471 1033 3535 imperator
1051 3470 1165 3521 transire
1186 3484 1244 3519 eum

145 3538 245 3591 relictis
263 3540 289 3588 ei
306 3539 436 3590 militibus
463 3549 490 3591 et
511 3540 688 3592 orientalibus
716 3556 875 3591 succurrere
899 3555 977 3607 quem
1006 3550 1098 3607 posset
1115 3542 1244 3591 maxime:

147 3608 339 3691 impediebatur·
353 3616 441 3659 sutem
460 3624 508 3674 per
527 3609 696 3661 eonsilierios
716 3617 743 3660 et
761 3613 911 3691 ignorantie
933 3610 1109 3661 multitudinis
1129 3611 1245 3662 hostium

148 3686 174 3729 et
192 3679 296 3729 insessio
312 3679 411 3730 virium
425 3678 584 3745 curopalati,
603 3678 772 3745 quemobrem
794 3679 839 3731 vel
858 3681 958 3731 invitus
980 3680 1008 3730 in
1027 3682 1102 3745 regie
1121 3681 1225 3730 mansit

242 3765 342 3818 Diebus
360 3771 448 3816 eutem
468 3765 618 3816 interiectis
636 3763 773 3815 nonnullis
799 3764 853 3815 eliu
872 3766 999 3849 quaedum
1019 3766 1087 3816 ieme
1104 3782 1196 3836 regem
1219 3774 1246 3819 et

63 3838 68 3845 '
149 3836 260 3890 lisseuos
283 3836 411 3887 obtinuit·
432 3836 576 3888 eratenim
596 3834 857 3904 quendol'uroerum
877 3838 1035 3902 imperetur,
1056 3838 1245 3905 quidebellu·

147 3915 186 3959 ret
201 3915 321 3959 nostrum
341 3900 486 3958 exereitum
506 3916 534 3959 et
551 3907 643 3975 eopius
668 3906 844 3970 subiecisset,
871 3922 949 3974 quem
969 3908 1073 3975 quidem
1092 3908 1184 3963 multis
1200 3918 1244 3962 te-

147 3979 224 4031 lestis
243 3993 333 4029 emere
352 3978 472 4031 lsomiues
488 3981 546 4030 eius
564 3980 672 4046 generis
691 3977 855 4042 studuerunt,
877 3980 961 4031 odiret
979 3995 1071 4047 regens
1090 3976 1164 4032 solus
1184 3997 1243 4033 oum
1341 4001 1343 4009 s

148 4052 222 4114 lues,
245 4066 304 4101 eum
323 4048 417 4101 mellet
435 4064 529 4102 servus
548 4051 622 4117 regis
647 4064 708 4100 esse
733 4065 810 4117 quern
840 4052 983 4116 imperator
1002 4050 1155 4103 Hunnorum
1178 4068 1244 4120 spe-

149 4123 228 4173 uteri:
247 4128 328 4192 etque
345 4135 432 4173 sermo
453 4123 480 4172 in
499 4126 576 4205 ορατ
584 4121 732 4187 processit·
751 4122 826 4173 venit
851 4122 920 4172 enirn
940 4137 1029 4173 seeum
1049 4123 1150 4176 hebens
1169 4138 1244 4175 eome-

68 4202 72 4207 ’
135 4201 317 4245 *moretum
337 4192 472 4245 exereitus
491 4193 657 4259 prinoipem,
676 4193 722 4260 qui
741 4181 847 4260 quidem
866 4192 898 4243 etl
915 4195 1017 4261 regium
1038 4198 1152 4260 transiit,
1170 4210 1245 4247 suem

148 4263 340 4319 multitudinem
369 4263 526 4334 reinquere
555 4271 582 4318 et
606 4265 746 4321 transitum
768 4262 876 4331 eligens
901 4265 1145 4327 inconsideratum:
1164 4274 1245 4336 etque
