3017 4892
579 358 789 429 merome
920 313 956 392 ·’
1159 345 1236 430 τοι

122 529 196 599 εἴτε
210 537 340 617 σημεῖον
361 531 419 597 ουίι
440 530 564 615 α’γαθδν
577 528 730 620 ἐπεφάνη,
753 529 873 617 πολλὴν
886 535 1050 599 ὄποιούντο
1062 531 1121 617 τὴν
1141 530 1237 615 ἕρευ·
1356 606 1361 615 ,

121 660 188 699 ναν
211 635 267 697 καί
285 630 340 715 την
362 634 501 717 ζήτησιν,
520 631 564 716 μή
588 630 650 697 πού
672 638 783 699 τιτῶν
804 632 936 699 δεόντων
957 633 1013 699 καί
1033 633 1236 715 ἁρμοζόντων
1310 687 1314 693 .
1408 659 1412 664 “

121 732 349 819 παρελείφθη,
379 727 399 814 ἢ
433 738 592 815 παρθένος
620 736 654 799 ἐκ
675 738 739 799 τοίν
765 738 994 820 φυλαττουσῶν
1023 734 1058 798 ’τὸ
1078 735 1236 799 α’θάνατοε

122 837 192 917 πῦρ
217 832 275 916 την
287 822 468 919 παρθενίαν
485 833 618 920 ε’κλάπη,
637 829 657 918 ἢ
674 839 875 919 παρανομίας
888 831 1040 919 ἐπράχθη
1057 834 1236 914 οἰείδισμα,

90 935 186 1002 5καὶ
205 935 305 1016 χόλος
323 938 471 1001 ἐντεῦθεν
493 940 580 1010 θεῖος
601 946 668 1011 τοῖς
685 936 856 1019 Ῥωμαίοις
877 934 1049 1001 ε’παπειλεί.
1093 939 1148 999 καί
1169 937 1237 999 διε·

123 1034 321 1119 ρευνιύμενοι
352 1034 501 1112 πολλάκις
522 1030 670 1122 εύρισκον
693 1035 764 1125 τάς,
786 1039 849 1103 τάν
870 1032 1085 1120 άτοπημάτοον
1109 1040 1238 1111 αἰτίας·

123 1136 186 1201 καί
210 1135 436 1219 διορθούμενοι
456 1133 596 1219 ταύτας,
626 1141 681 1203 καί
699 1135 735 1203 τύ
761 1143 860 1210 θεῖον,
873 1140 1137 1219 ε’ξευμενίσασθαι
1156 1146 1237 1222 πλη·

127 1236 383 1323 ροφορηθέντες,
414 1237 492 1319 μετά
524 1237 672 1323 τοιαύτης
701 1239 906 1324 παρασκευῆς
934 1237 996 1303 ’καί
1025 1235 1169 1321 θάρσους
1189 1240 1266 1316 είςῐ.
1284 1255 1371 1313 γοῦν.

128 1338 206 1413 τούς
229 1340 559 1425 πολίμουςδχοίρουν,
577 1343 636 1405 ’καί
657 1340 845 1431 κατάρθουν
865 1337 993 1420 αύτούς,
1013 1336 1067 1413 ἐπί
1087 1337 1236 1422 μεγάλοις

80 1452 117 1506 10
127 1444 294 1524 τροπαίοις
308 1441 366 1515 τάς
382 1445 471 1516 νίκας
485 1444 677 1526 ἐπαίροντος.
701 1440 772 1506 ἐπεί
784 1439 840 1505 καί
858 1442 950 1505 τούτο
969 1449 1036 1516 τοῖς
1053 1449 1237 1524 στρατηγοῖς

129 1540 185 1607 διά
211 1536 353 1627 σπουδῆς
380 1542 436 1609 καί
465 1548 632 1630 φροντίδος
655 1544 789 1627 ε’γίνετο,
821 1541 857 1607 τὸ
880 1540 1050 1625 καθαρμὸν
1073 1539 1236 1605 ποιεῖσθαι

128 1645 169 1731 τῇ
191 1648 323 1731 στρατιᾷ
345 1643 465 1718 παντὸς
488 1630 682 1725 ἀδικήματος
703 1644 761 1707 καί
781 1638 1000 1728 ῥυπάσματος,
1021 1646 1077 1706 καί
1095 1637 1177 1722 μετά
1199 1638 1235 1704 τύ

129 1748 276 1826 καθῆραι
298 1744 417 1829 ταύτην
438 1743 473 1808 τὸ
497 1739 755 1829 προκινδυνεύειν
780 1747 835 1827 τῆς
866 1747 1018 1826 πατρίδος
1040 1735 1169 1822 ἄμεινον
1188 1734 1258 1806 εἶ,-

129 1868 184 1908 ναι
207 1845 427 1926 διελογίζοντο.
480 1850 543 1918 τοῖς
576 1847 611 1909 δὲ
645 1849 701 1909 νιίν
728 1841 898 1924 Ῥωμαίοις
925 1844 1019 1909 ου’δὲν
1043 1845 1162 1914 τούτων
1182 1840 1238 1906 διά

86 1952 120 2006 15
131 1944 299 2029 φροντίδος
330 1946 437 2024 ἐστίν,
470 1946 539 2009 ἀλλ’
572 1942 602 2009 οἱ
621 1948 680 2025 μὲν
711 1944 849 2028 άρχηγοί
874 1942 995 2008 τούτων
1022 1943 1077 2007 καί
1096 1949 1238 2026 βασιλεῖς

132 2041 297 2127 προφάσει
320 2044 517 2129 δημοσιαιιῆς
539 2046 695 2131 α’φελείας
719 2044 759 2108 τὰ
786 2051 931 2127 χείριστα
952 2048 1008 2109 καί
1019 2046 1165 2125 ’θεομισῆ
1182 2044 1240 2107 καί

132 2145 305 2233 παράνομα
336 2144 604 2231 διαπράττονται,
636 2142 653 2209 ὅ
685 2148 719 2209 δὲ
745 2147 804 2209 τού
835 2150 972 2228 στρατοῦ
1005 2140 1238 2229 προηγούμενος

131 2242 177 2327 μὴ
201 2251 405 2328 προσανέχειν
428 2248 473 2335 τῷ
497 2240 633 2337 πολέμι’ρ,
656 2250 739 2331 μηδὲ
760 2248 801 2333 τῇ
823 2251 955 2331 πατρίδι
975 2249 1082 2328 νέμειν
1102 2242 1141 2309 τά
1157 2241 1237 2308 δσια
1297 2261 1306 2272 ’

132 2345 392 2427 προαιρούμενος,
416 2350 471 2411 καί
488 2345 546 2431 την
562 2351 601 2412 ’ἐκ
623 2350 678 2431 τῆς
698 2348 785 2432 νίκης
808 2343 902 2424 δόξαν
925 2348 1138 2432 περιφρονῶν,
1157 2340 1238 2427 πρὸς

89 2442 166 2515 toro*
192 2447 368 2527 κερδαίνειν
389 2442 458 2511 ὅλον
481 2442 598 2512 ἑαυτὸν
622 2448 780 2524 ἐπιτείνει,
810 2444 939 2531 κοίτην
962 2444 1156 2530 στρατηγίαν
1177 2446 1237 2523 ἐμ-

134 2550 246 2628 ποριάν
269 2550 418 2631 κέρδους,
453 2540 710 2633 ούκέιίπραγίαν
731 2551 787 2613 τού
809 2549 893 2612 ι’δίου
918 2545 1032 2634 ἔθνους
1053 2547 1122 2608 ου’δ’
1141 2543 1237 2608 εύδο-
1265 2574 1271 2581 ·
1317 2595 1323 2610 ,

135 2648 203 2722 ξίιιν
226 2650 406 2731 πεποίηται.
452 2649 486 2713 τά
511 2650 546 2713 δὲ
570 2648 678 2713 λοιπὸν
697 2653 829 2733 πλῆθος,
851 2651 886 2713 ἐκ
909 2648 970 2714 τάν
992 2646 1157 2731 ἡγεμόνων
1178 2643 1235 2719 τάς

136 2744 284 2830 α’φορμάς
305 2751 486 2834 λαμβάνον,
507 2746 566 2825 τάς
599 2750 723 2824 α’δικίας
745 2747 941 2823 άιιαθίκτους
963 2795 972 2814 .
995 2795 1004 2813 .
1029 2796 1038 2812 .
1072 2747 1237 2811 enidrus·

141 3053 240 3105 λίσσεαι
260 3052 517 3121 inquisitionemque
535 3056 570 3105 ne
591 3053 653 3122 quid
673 3051 820 3105 necessarii
840 3059 867 3103 et
885 3051 939 3119 apti
958 3049 1158 3119 negligeretur,
1177 3049 1236 3103 sive

142 3126 217 3195 virgo
238 3140 271 3176 ex
298 3126 341 3189 iis,
362 3140 429 3193 quae
452 3124 637 3177 custodiebant
660 3134 798 3177 aeternnm
824 3125 922 3192 ignem,
953 3122 1108 3191 virginitate
1132 3122 1237 3186 privata

142 3196 200 3261 luit,
220 3198 279 3248 eive
299 3195 388 3265 legum
408 3195 592 3265 neglectarum
612 3196 682 3249 faeta
702 3204 759 3249 eret
770 3196 917 3265 ignominia
937 3202 964 3245 et
981 3195 1021 3244 ira
1039 3193 1101 3244 inde
1111 3192 1237 3244 Romanis

142 3268 229 3320 divina
252 3268 411 3320 minabatur.
433 3278 477 3320 ·et
504 3277 663 3338 quaerentes
685 3281 878 3335 saepenumero
905 3264 1079 3317 inveniebant
1106 3264 1236 3330 iniquita.

142 3348 191 3391 tum
209 3356 303 3392 causas
318 3349 344 3391 et
362 3342 529 3409 corrigentes
563 3356 608 3393 eas
630 3351 710 3410 atque
727 3357 758 3393 sc
777 3355 876 3391 numen
894 3339 1013 3391 divinum
1032 3336 1154 3403 placasse
1171 3350 1236 3401 per·

142 3426 243 3462 suasum
263 3412 391 3463 habentes
410 3428 469 3463 cum
486 3413 533 3465 tali
552 3422 679 3479 apparatu
700 3420 727 3462 et
745 3414 833 3463 animo
852 3413 880 3461 in
899 3408 972 3462 bella
990 3408 1064 3460 ibant
1074 3417 1100 3459 et
1119 3406 1236 3457 feliciter

143 3480 268 3548 gerebant
287 3499 334 3545 ea,
356 3484 458 3549 magnis
476 3485 595 3549 tropaeis
614 3485 742 3535 victorias
761 3484 905 3534 tollentes:
925 3480 1136 3550 quandoquidem
1158 3478 1236 3529 etiam

144 3552 191 3602 boc
210 3552 321 3603 ducibus
340 3554 427 3603 studio
449 3562 475 3604 et
495 3570 574 3605 curae
594 3554 662 3617 luit,
682 3562 712 3604 ut
731 3556 910 3621 expiatiqnem
928 3554 1101 3603 instituerent
1128 3549 1235 3600 exerci-

143 3624 179 3672 tui
198 3624 283 3673 omnis
300 3623 416 3673 iniuriae
437 3630 463 3673 et
481 3624 714 3675 contaminationis
734 3632 762 3675 ct
782 3627 890 3689 expiato
916 3613 968 3673 hoe
990 3635 1162 3688 propugnare
1185 3632 1235 3685 pro

144 3694 224 3759 patria
243 3692 338 3744 melius
358 3707 418 3745 esse
440 3693 580 3745 ducebant.
620 3693 754 3745 hodiernis
779 3701 867 3745 autem
893 3694 1019 3743 Romanis
1043 3691 1112 3741 nilrii
1142 3690 1236 3754 borum

146 3778 220 3815 curae
240 3772 297 3816 est:
318 3763 365 3815 sed
384 3764 464 3816 duces
483 3764 587 3833 quidem
606 3763 699 3814 horum
712 3764 953 3831 -regesquespccie
973 3762 1097 3830 publicae
1112 3760 1236 3813 utilitatis

125 3882 127 3893 ,
145 3836 252 3902 pessima
273 3843 299 3886 et
317 3835 367 3886 deo
386 3837 475 3888 invisa
493 3844 519 3887 et
545 3833 686 3903 illegitima
704 3836 861 3901 perficiunt:
881 3835 1015 3899 exereitus
1033 3841 1122 3884 autem
1148 3833 1235 3899 impe.

144 3914 209 3958 rator
228 3921 281 3958 non
301 3907 442 3960 intendens
460 3909 574 3959 animuin
596 3905 671 3958 bello
690 3922 780 3975 neque
799 3907 901 3973 patriae
919 3905 1038 3957 tribuere
1057 3906 1126 3955 iusta
1152 3906 1235 3956 satius

145 3979 237 4030 ducens
261 3986 288 4030 et
306 3977 420 4046 gloriam
438 3980 569 4030 victoriae
587 3976 730 4046 negligens
748 3978 781 4030 ad
804 3978 907 4029 lucrum
925 3994 955 4029 sc
974 3985 1056 4029 totum
1075 3977 1190 4029 advertit
1209 3984 1236 4027 et

145 4050 282 4117 imperium·
295 4060 470 4102 mercatorum
490 4049 567 4114 lucri,
587 4065 641 4101 uon
661 4051 793 4101 fortunam
812 4052 854 4102 sui
884 4048 980 4116 populi
1002 4063 1092 4115 neque
1119 4047 1233 4114 gloriam

144 4122 326 4174 reddiderunt:
346 4122 451 4191 reliqua
470 4131 557 4173 autem
576 4122 727 4186 multitudo,
746 4138 762 4174 ιι
780 4120 892 4173 ducibus
910 4122 989 4188 copia
1013 4121 1099 4185 iacta,
1123 4120 1235 4171 iniurias

144 4194 276 4247 indomitas
297 4196 436 4246 oummittit
457 4202 484 4246 et
501 4195 646 4261 impudenti
665 4194 765 4263 impetu
783 4201 912 4262 cognatos
939 4192 1009 4244 male
1036 4199 1063 4243 et
1091 4191 1235 4242 crudeliter
1259 4196 1271 4224 ,-

144 4267 315 4335 persequitur,
335 4257 458 4334 τιιρίειιεΧ
472 4274 499 4318 et
523 4266 651 4319 eumaeus
676 4264 745 4335 quae
770 4264 1037 4333 irremunerata,
1066 4271 1093 4315 et
1119 4262 1235 4315 besdum
