3017 4892
178 443 181 447 4
274 353 345 423 1oo
525 315 528 318 ἐ
571 351 790 439 οιισιιλσιιε
820 351 1080 422 amnionis

270 524 442 607 άνεδειχθη
465 522 553 606 παρά
579 527 635 606 τῆς
656 524 833 605 βασιλίδος,
857 518 1074 606 προελθούσης
1095 516 1269 601 βασιλικαῖς
1290 514 1422 598 μετά·

270 627 334 689 τών
355 625 445 689 ἰδίων
465 626 600 707 παίδων,
621 620 663 699 cic
685 623 758 697 ἔθος
781 632 844 699 τοῖς
865 626 1063 705 βασιλεῦσιν,
1086 622 1131 695 εἰς
1150 616 1204 683 τὸν
1225 621 1396 701 μέγιστον

271 722 368 810 οηκδν
390 729 445 807 τῆς
469 728 526 791 τού
545 729 625 800 θεοῦ
647 730 775 810 σοφίας.
1174 810 1177 814 ἱ

363 820 522 909 Ἆνάγκης
544 831 579 889 δὲ
598 828 713 909 πολλῆς
735 828 790 890 καί
809 822 993 906 συγχύσεως
1015 828 1049 888 ἐκ
1071 827 1122 905 τῆς
1143 824 1204 887 τών
1229 819 1391 906 α’λλοφύ-

136 932 157 985 l·
178 930 228 985 187
238 948 261 984 r·
270 932 334 990 λων
358 928 459 990 ἐθνών
482 927 703 1010 αἰιηνεστάτης
719 928 894 1008 ἐπιδρομῆς
914 926 972 1007 την
988 924 1155 1005 Ῥωμαίων
1181 920 1421 1005 συμπιεζού,5

272 1052 328 1111 σης
352 1030 422 1111 (καί
440 1026 500 1110 γάρ
533 1026 570 1091 τά
592 1030 651 1108 μὲν
676 1031 790 1101 ἐντοῖς
821 1031 933 1101 νοτιύις
954 1030 1094 1107 μέρεσιν,
1115 1020 1173 1088 ὅσα
1197 1022 1275 1107 πρδς
1298 1026 1388 1090 Ἀν-

271 1128 414 1213 τιύχειαν
447 1128 502 1191 καί
524 1132 694 1209 Κιλικίαν,
715 1137 786 1201 ταῖς
810 1130 1053 1211 προειρημέναις
1086 1128 1255 1208 ἐκδρομαῖς
1278 1126 1385 1190 άπει-

271 1229 387 1315 ρηκάτα
409 1232 442 1293 ἐν
464 1225 612 1310 ἐσχάτοις
645 1220 725 1312 ἦσαν
748 1226 920 1301 κινδύνοις·
964 1230 997 1290 ἐν
1019 1228 1054 1289 δὲ
1075 1235 1138 1299 τοῖς
1159 1228 1378 1309 βορειοτὲροις

272 1331 370 1405 αύτδς
390 1327 590 1404 δυονλτάνος
607 1328 806 1414 πανστρατιᾷ
818 1326 999 1411 ἐξελήλυθε,
1019 1326 1170 1407 δυνάμεις
1185 1318 1270 1409 άγων
1291 1328 1381 1391 ώνυ-

271 1432 438 1511 ιιοίστσυς,
471 1433 609 1504 καὶτοῖς
636 1428 735 1510 ὁρίοις
758 1430 791 1490 ἐν
824 1430 866 1515 τῷ
900 1430 1094 1515 φθινοπώρῳ
1124 1430 1186 1491 τών
1205 1424 1381 1511 Ῥωμαίων
1395 1436 1430 1488 10

261 1529 471 1614 προσήνωιυ,
495 1527 683 1612 βουλόμενος
713 1522 960 1611 παραχειμάσαι
992 1527 1092 1593 ἐκεῖσε
1120 1531 1174 1591 καί
1193 1528 1378 1611 ἀρχομένου

187 1638 190 1642 ’
268 1617 326 1697 τού
346 1629 450 1716 ζέαρυς
484 1632 649 1715 προσεχώς
681 1634 874 1712 προσβαλεῖν
906 1631 960 1693 καί
989 1622 1090 1712 άρδην
1125 1632 1303 1712 α’νατρέψαι
1332 1624 1374 1692 τά

264 1730 432 1815 Ῥωμαίων
452 1730 507 1796 καί
527 1735 688 1817 καθελεῖν)
712 1732 878 1795 ἐσκέπτετο
910 1730 929 1813 ἦ
955 1729 1130 1813 Αύγοῦστα
1152 1734 1207 1794 καί
1229 1730 1296 1793 ὅσοι
1316 1732 1378 1811 τῆς

269 1829 395 1917 πρώτης
426 1826 506 1917 ἧσαι
525 1836 653 1916 βουλῆς,
679 1831 739 1899 σύν
763 1834 869 1910 αύτυῖς
894 1836 929 1899 δὲ
962 1837 1014 1899 καί
1036 1832 1052 1897 ὅ
1076 1832 1285 1919 πατριάρχης,
1306 1838 1375 1909 τιώς

270 1934 327 1998 καί
347 1938 416 1999 τίνα
439 1927 558 2018 τρόπον
579 1935 726 1999 τοσοῦτον
746 1933 852 2015 δεινὸν
873 1935 1099 2019 α’πυτρέψαιεν.
1145 1937 1201 2000 καί
1224 1939 1372 2012 συνέδοξε
1386 1946 1423 1997 15

271 2031 328 2117 τὴν
347 2035 428 2119 ύπὲρ
453 2037 517 2098 τών
542 2030 623 2099 ὅλων
642 2038 797 2118 κρατῆσαι
829 2035 1000 2118 πρόνοιαν,
1026 2040 1082 2100 καί
1103 2040 1159 2121 τῆς
1181 2039 1299 2121 εἰδικῆς
1320 2038 1378 2101 καί

267 2136 480 2221 ἐριθανατίου
502 2140 712 2219 παραγγελίας
737 2137 770 2200 τύ
795 2141 882 2221 κοινῇ
907 2142 1074 2222 συμφέρον
1103 2140 1246 2213 ἐπιεικῶς
1267 2162 1372 2222 προτι-

270 2234 450 2317 μησασθαι,
471 2229 520 2299 ὅτι
542 2233 581 2297 τά
603 2233 707 2299 εἰδικὰ
727 2234 889 2323 σύμφωνα
910 2238 948 2303 τύ
973 2236 1052 2320 πρὸς
1085 2240 1239 2323 δημοσίαν
1263 2241 1373 2304 ovori-

271 2340 357 2397 λειαν
387 2333 557 2419 α’φυρώντα
589 2340 789 2418 περιιρέπειν
820 2337 1020 2423 δεδύνηνται·
1074 2337 1108 2402 τὸ
1134 2337 1261 2422 γάρμὴ
1285 2344 1381 2419 ,γίνιν

222 2425 227 2493 ἶ
271 2438 350 2497 σθαι
374 2437 507 2515 βασιλέα
543 2433 596 2497 διά
619 2433 674 2498 τὸν
695 2438 749 2517 τῆς
777 2440 892 2517 μίξεως
911 2424 1003 2523 ζῆλον
1026 2438 1111 2523 κοινὴ
1143 2440 1296 2525 συμφορά
1318 2442 1371 2502 καί
1382 2451 1418 2505 20

221 2559 226 2601 ¹,
271 2535 458 2614 καθαίρεσις
484 2538 539 2617 τῆς
556 2530 723 2616 Ῥωμαίων
745 2537 848 2622 ἀρχῆς
870 2540 1066 2619 ἐγινώσκετο.
1098 2538 1193 2619 δόξαν
1209 2534 1267 2603 σύν
1290 2533 1369 2603 oritur

270 2630 457 2718 κεκράτηκεν
479 2633 645 2721 ἡτοιαύτη
665 2636 784 2721 γνώμη,
801 2639 855 2701 καί
867 2644 1003 2719 βασιλέα
1016 2646 1075 2722 μὲν
1098 2639 1113 2703 ὁ
1139 2639 1248 2726 καιρύς
1271 2643 1369 2725 ἐδεῖτο
1391 2714 1395 2721 ⁴

271 2736 304 2810 ἐξ
327 2730 487 2811 ἅπαντας,
508 2737 538 2799 εἰ
556 2737 665 2815 με’λλοι
695 2738 735 2801 τὰ
757 2726 923 2819 Ῥωμαίευν
953 2738 998 2824 μη
1021 2742 1202 2807 ἀπολέσθαι
1221 2734 1264 2805 δι’
1285 2734 1368 2819 ὅλου,

341 2885 368 2937 6.
389 2888 420 2944 ἐν
438 2902 488 2939 ont.
509 2888 539 2941 0.
612 2888 639 2940 8.
658 2898 717 2949 τοῖς
736 2905 787 2942 om.
809 2891 838 2946 G.

273 3044 314 3089 est
331 3054 347 3089 a
365 3041 460 3106 regina
477 3043 623 3095 accedente
642 3046 719 3112 regie
740 3061 799 3096 cunr
818 3046 873 3098 suis
892 3047 986 3103 liberis
1005 3058 1034 3102 ut
1050 3046 1108 3103 mos
1137 3060 1176 3103 est
1201 3052 1309 3121 regibus
1335 3054 1365 3105 ad

271 3111 410 3187 marimum
427 3113 554 3179 templum
573 3117 721 3183 sapientiae
740 3116 793 3167 dei.

369 3180 536 3235 Necessitate
566 3196 655 3255 nutem
679 3202 775 3254 magna
803 3197 830 3240 et
856 3191 1014 3244 conlusione
1039 3204 1148 3261 propter
1167 3187 1365 3263 peregrinorum

271 3252 430 3319 populorum
453 3255 619 3310 durissimam
642 3260 822 3310 incursionem
854 3262 1013 3315 Graecorum
1038 3274 1134 3317 terram
1166 3274 1304 3334 premente
1334 3298 1365 3309 —

272 3324 371 3374 etenim
390 3332 477 3376 terrae
502 3330 529 3378 in
548 3330 668 3395 partibus
686 3330 847 3385 australibus
866 3334 899 3385 ad
917 3335 1086 3389 Antiochiam
1107 3345 1132 3388 et
1151 3339 1272 3392 Ciliciam
1294 3352 1365 3388 com-

253 3427 258 3472 '.
270 3396 423 3477 memoratis
447 3397 645 3452 incursionibus
665 3401 827 3469 defatigatae
844 3406 872 3455 in
892 3410 1019 3460 extremis
1039 3408 1214 3461 versabantur
1225 3409 1365 3475 periculis:

270 3481 298 3515 m
317 3470 571 3532 septentrionalibus
591 3480 678 3535 autem
696 3475 885 3538 ipsesultanus
906 3494 964 3529 eum
982 3480 1180 3531 toto'exercitu
1201 3482 1275 3544 exiit,
1296 3482 1365 3531 vires

270 3538 370 3589 ducens
390 3540 592 3607 intolerabiles,
613 3552 639 3593 et
658 3544 752 3596 linibus
772 3556 913 3600 auctumno
935 3551 1094 3603 Graecorum
1121 3552 1295 3615 adhaerebat,
1316 3565 1365 3602 vo-

270 3608 329 3661 lens
348 3609 466 3663 hiemare
484 3613 522 3663 ibi
542 3622 569 3664 et
587 3616 734 3681 incipiente
754 3635 819 3670 vere
838 3621 943 3671 assidue
962 3624 1081 3674 incidere
1096 3633 1122 3675 et
1141 3625 1260 3675 funditus
1287 3637 1364 3674 ever-

269 3688 327 3732 tere
343 3683 508 3765 'Graecorum
526 3693 623 3737 terrum
645 3696 671 3738 et
689 3687 783 3741 delere
802 3725 836 3733 -
856 3694 1060 3746 considerabant
1076 3704 1190 3763 augusta
1208 3704 1235 3745 et
1254 3696 1365 3763 quicun-

270 3768 326 3835 que·
341 3770 368 3803 ru
386 3770 487 3806 summo
508 3767 582 3809 erant
600 3768 841 3830 senatu‚·cumque
867 3766 899 3815 iis
925 3765 1091 3831 patriarcha,
1119 3768 1250 3835 quomodo
1269 3773 1364 3816 tantum
1400 3789 1403 3795 ·

268 3824 418 3888 periculum
438 3836 591 3882 averterent
615 3839 642 3881 et
660 3834 745 3884 visum
767 3842 821 3898 est,
848 3844 877 3885 ut
897 3838 1066 3902 providentia
1084 3841 1166 3891 totins
1186 3839 1322 3899 vinceret,
1341 3842 1365 3884 et

267 3900 298 3942 ut
316 3893 365 3945 illa
389 3900 510 3963 privatae
530 3909 556 3951 et
574 3903 743 3967 periculosae
762 3903 907 3977 portationi
930 3922 1093 3960 communem
1112 3898 1363 3961 utilitatemmcrito

268 3965 428 4033 aptcferret‚
449 3972 510 4038 quia
528 3975 653 4037 propriae
671 3972 861 4028 inclinationes
881 3993 912 4028 ea
931 3995 998 4045 quae
1017 3982 1048 4032 ad
1068 3982 1201 4048 publicam
1221 3979 1364 4031 communi·
1383 4002 1391 4011 =

267 4042 349 4085 tatem
372 4050 501 4105 spectant,
523 4050 679 4109 pervertere
698 4051 850 4108 potueruut.
889 4050 960 4115 quod
980 4054 1049 4103 enim
1074 4069 1127 4104 non
1157 4061 1293 4105 crearetur
1319 4064 1363 4100 rex

267 4114 378 4189 propter
397 4112 516 4178 coniugii
535 4114 632 4178 odium,
652 4128 790 4185 commune
809 4116 905 4168 malum
925 4128 951 4169 et
971 4126 1102 4175 excidium
1121 4126 1227 4191 imperii
1248 4125 1363 4177 Graeco.

266 4193 325 4227 rum
344 4179 515 4233 indicabatur.
552 4185 603 4236 boc
623 4187 704 4255 igitur
722 4189 793 4252 viso,
813 4190 935 4256 superior
955 4192 1005 4245 luit
1023 4194 1085 4247 talis
1111 4197 1254 4260 sententia,
1281 4202 1362 4245 stre·-

267 4264 328 4326 gem
352 4258 456 4320 tempus
482 4256 634 4322 postulabat
664 4261 782 4325 omnino,
816 4262 868 4313 nisi
901 4278 944 4316 res
971 4266 1089 4319 Graecae
1117 4270 1206 4335 perire
1233 4266 1360 4319 deberent
