3017 4892
585 319 797 390 limoltli.
859 339 862 345 ·
915 340 918 352 ·
1166 313 1246 389 Μ.

115 482 252 574 ἆρχῆν
274 493 400 564 πολλοῖς
430 482 597 569 τυράννοις
616 490 906 572 περιαντλονμίνην
936 483 1016 552 κατά
1036 508 1073 552 τε
1089 481 1150 570 τὴν
1164 481 1247 550 ἐάαν

119 581 194 655 καί
212 587 276 673 τήν
296 585 444 672 ἑσπέραν.
488 584 534 652 ἔτι
555 589 591 650 δὲ
613 589 669 678 τῆς
689 587 807 653 τσότων
828 590 1085 673 φλεγμαινούσης
1107 587 1279 653 tamt·
1293 587 1378 647 2³⁰1·

121 693 224 775 σίας,
252 693 307 755 καί
329 688 473 774 δαπάνης
494 681 564 752 οότι
585 691 723 773 σμικράς
753 686 833 753 tate
853 688 1031 772 πσλσόλβοο
1055 689 1111 754 καί
1131 711 1250 773 μαριο·

109 791 301 868 ,ταλάντου
324 794 495 872 δαψίλειαν
516 793 579 855 τιόν
590 789 784 873 πραγμάτων
798 789 1031 876 ἐπιζητοόντων
1052 789 1109 856 ἐπί
1127 812 1161 855 τε
1183 797 1250 866 τοῖς
1274 855 1282 862 ,

95 899 383 976 ὄστρατιωτικοῖς
406 891 557 974 ὀψωνίοις
570 893 633 955 ,καί
645 898 715 965 ταῖς
736 883 850 967 άλλαις
871 895 939 956 τάν.
949 894 1068 975 καιρόν
1087 893 1251 978 ἀφορμαῖς

128 997 196 1058 καί
220 995 434 1079 πραφάσεσινς
456 992 498 1056 ou’
518 991 598 1076 πρὸς
617 990 653 1055 τό
675 995 811 1076 μέγεθος
831 996 954 1059 τούτων
976 990 1110 1077 κοίτην
1131 988 1251 1058 rocad-

59 1156 61 1160 Α
129 1117 198 1179 την
222 1097 337 1176 χρείαν
358 1095 515 1176 dedidicere
536 1095 591 1157 καί
611 1094 838 1176 σμικρολογίας
865 1092 1021 1177 δεινότητι
1043 1087 1160 1158 ἑαυτὸν
1180 1095 1250 1172 ine·

132 1197 293 1276 δέδωκεν,
313 1194 382 1258 dtt’
404 1197 437 1258 ἐν
462 1191 572 1258 πλάτει
594 1196 727 1276 καρδίας
747 1192 804 1258 καί
832 1197 966 1272 πίστεως
986 1193 1020 1258 τό
1040 1193 1157 1269 πλάτος
1177 1197 1250 1260 ἐπι*

132 1298 254 1361 τείνων
276 1295 330 1378 τῆς
353 1293 432 1378 πρός
455 1293 491 1358 τό
513 1275 604 1360 θεῖαί
622 1281 861 1379 εόαρεστησεως
888 1296 994 1380 χρεῶν
1025 1294 1189 1371 ἀποκοπάς
1205 1295 1249 1382 ²t³

87 1395 235 1482 1θδημφ
257 1394 350 1459 παντί
370 1395 426 1460 καί
442 1405 508 1491 τοῖς
527 1393 560 1460 ἐν
581 1399 664 1460 τέλει
685 1394 861 1475 septenae,
891 1396 945 1461 καί
964 1401 1073 1481 τίθησι
1091 1396 1125 1461 τό
1147 1397 1248 1478 δόγμα

135 1499 199 1559 erin
225 1498 280 1560 ἐπί
299 1495 407 1582 ῥητοῖς
429 1496 494 1562 τισί
513 1498 653 1581 χρόνοις,
676 1493 781 1579 δι’σπερ
802 1494 965 1562 ἔνεστ’τιόν
988 1495 1050 1579 πρό
1070 1497 1128 1560 τοῦ
1150 1500 1247 1578 βασι·

137 1600 223 1661 λέων
250 1593 429 1683 ἐπιταφίοις
461 1600 595 1680 ἡμέραις
615 1597 821 1680 εἰργάσαντο,
843 1599 898 1673 καί
920 1595 1147 1679 καταλιμπάνει
1166 1591 1250 1681 χρό.

138 1721 217 1774 soeg
242 1695 331 1772 τινάς
363 1699 410 1771 εἰς
441 1695 480 1760 τά
504 1694 685 1781 ἔμπροσθεν
706 1705 770 1774 τοῖς
790 1702 849 1763 τοῦ
881 1699 1036 1783 δημοσίαν
1061 1699 1249 1784 σανηγόροις

141 1795 199 1861 καί
227 1795 420 1880 πράκτορσιν
451 1794 619 1878 ἐσομένους
652 1798 840 1886 ε’ντρόφημα
861 1799 917 1865 καί
937 1803 987 1886 {spi
1003 1802 1148 1889 ’δημοσίῳ
1168 1800 1250 1884 πρό*

98 1915 133 1970 15
143 1919 248 1982 φασιν
275 1891 431 1982 destinae
460 1896 515 1962 καί
534 1896 743 1983 ἀπαιτήσεως,
765 1899 810 1975 τός
840 1895 881 1964 άν
908 1899 936 1964 oi
962 1903 1022 1982 μὲν
1039 1901 1249 1988 χρονιώτερον

142 2001 306 2082 χρεῶσται
327 1999 384 2061 τοῦ
408 2002 563 2083 δημοσίου
578 1996 636 2076 τάς
658 2002 835 2087 άφεσίμοος
854 1998 971 2088 ἑορτάς
993 1998 1196 2086 ἓνρτάζωσιν,
1217 2000 1249 2069 οἱ

144 2096 350 2184 λεπτότεραι
378 2098 459 2184 πρός
482 2105 538 2178 τὴν
558 2104 737 2186 α’ποτυχίαν
756 2101 1008 2188 ε’πιστνγνάζωσι
1037 2105 1094 2169 καί
1124 2101 1248 2189 φθόνον

145 2198 248 2282 λαβὴν
267 2197 368 2284 ἔχωσι
389 2201 445 2286 τήν
466 2206 530 2268 τεόν
551 2200 831 2288 ἐλευθερωθέντων
853 2205 1022 2292 ὑπόδεσιν·
1065 2203 1147 2270 άλλά
1170 2208 1252 2279 πάν-Ι

146 2325 209 2364 των
231 2297 312 2382 όμοό
330 2308 390 2367 τόν
410 2304 535 2387 χρόνων
559 2309 658 2388 μέχρι
680 2309 735 2389 τῆς
758 2309 858 2371 aeret
877 2306 1094 2392 α’ναρρησεως,
1116 2305 1172 2370 καί
1191 2330 1250 2387 μι-

102 2402 222 2484 toxotis
244 2426 275 2465 τι
294 2401 385 2487 πρός,
407 2406 465 2480 τάς
489 2402 622 2492 όφειλάς
653 2410 846 2490 προρρίζους
868 2410 1021 2491 α’πίτεμε,
1041 2413 1098 2472 καί
1117 2432 1247 2488 σομπα.

146 2504 237 2574 θείας
261 2505 382 2578 πάντας
399 2506 630 2590 καθαρωτάτης
654 2508 780 2590 η’ξίωστ,
809 2508 1037 2595 χρασοβσόλλφ
1060 2510 1144 2595 λόγῳ
1162 2532 1247 2591 χρα-

148 2605 224 2665 σιόν
243 2605 410 2680 ἐπιπλέξας
430 2605 557 2688 δεσμόν,
580 2605 750 2672 κωλυτικόν
773 2608 815 2671 δι’
837 2603 912 2670 ὅλου
936 2613 993 2672 τοῦ
1012 2613 1078 2674 τόν
1097 2609 1246 2695 ὀφλημά-

150 2724 211 2766 των
231 2693 445 2786 βαδίσματος,Ι
462 2705 666 2790 προσανελάν
688 2707 723 2774 όν
744 2707 844 2795 τούτῳ
862 2712 918 2774 καί
936 2706 971 2774 τό
994 2699 1095 2794 χάριν
1113 2711 1250 2794 σχιδεα-

222 2871 262 2924 13.
282 2874 418 2941 βασιλέως
437 2875 466 2928 0.

155 3019 266 3088 quinon
285 3021 426 3074 obedirent
445 3025 470 3074 ei
491 3033 517 3077 et
536 3040 675 3078 servorum
696 3029 779 3082 instar
792 3031 942 3098 adorarent,
960 3033 1039 3086 valde
1059 3033 1138 3086 buius
1159 3036 1248 3105 gladio

155 3101 180 3144 et
198 3092 357 3146 exercitibus
377 3097 547 3149 oeciderunt:
577 3098 623 3149 alii
648 3105 734 3152 autom
762 3101 808 3154 rel
833 3119 882 3156 sua
900 3111 996 3171 sponte
1014 3106 1172 3158 servitutem
1191 3122 1249 3159 am.

154 3163 221 3230 plexi
240 3173 309 3216 sunt.
360 3166 465 3219 invenit
492 3171 561 3220 anim
586 3169 763 3224 Romanorum
788 3175 926 3242 imperium
945 3176 1035 3229 multis
1055 3180 1175 3244 tyrannis
1195 3181 1249 3230 cir.

59 3261 64 3272 ι
154 3233 291 3287 cumfusum
312 3244 339 3288 et
357 3239 385 3288 in
403 3239 508 3292 oriente
528 3242 600 3292 ct'iu
619 3243 777 3296 occidente:
805 3263 864 3298 cum
883 3256 970 3299 autem
990 3251 1124 3301 etiamtum
1156 3250 1250 3302 borum

154 3306 269 3376 flagraret
287 3309 383 3360 seditio
404 3319 430 3362 et
448 3321 548 3366 sumtus
567 3328 621 3364 uon
643 3318 719 3380 parvi
740 3317 786 3369 sed
806 3316 897 3371 divitis
922 3328 950 3370 et
965 3321 1108 3373 multorum
1127 3323 1249 3375 talento.

154 3393 205 3428 rum
223 3379 325 3444 copiam
343 3395 386 3431 res
405 3384 573 3447 postularent
591 3386 618 3435 iri
643 3386 802 3440 militaribus
821 3392 961 3457 stipendiis
980 3401 1007 3444 et
1025 3395 1123 3446 ceteris
1142 3403 1248 3462 tempo.

155 3461 205 3498 rum
220 3449 305 3498 causis
318 3457 345 3498 et
359 3455 555 3519 occasionibus,
574 3470 628 3504 uon
645 3457 895 3526 admaguitudinem
915 3464 1007 3516 harum
1023 3474 1158 3518 etiamtum
1171 3475 1247 3518 usum

156 3519 278 3584 spectavit
297 3527 323 3569 et
341 3524 520 3585 parsimoniae
542 3524 673 3576 molestiis
692 3544 721 3579 se
742 3531 824 3594 dedit,
844 3532 890 3584 sed
907 3536 936 3584 iu
954 3535 1094 3589 latitudine
1113 3539 1201 3590 cordis
1221 3545 1248 3589 et

156 3589 210 3640 iidei
228 3589 392 3640 latitudinem
411 3593 552 3646 intendens
571 3595 678 3660 pietatis
698 3599 751 3662 dei,
770 3600 875 3652 tabulas
893 3620 978 3668 noras
999 3608 1100 3673 populo
1118 3611 1246 3660 universo

158 3667 181 3710 et
196 3660 386 3726 magistratibus
412 3667 498 3715 sancit
522 3673 549 3715 et
584 3668 721 3718 coustituit
747 3669 881 3721 decretum
906 3690 961 3725 non
987 3678 1067 3729 certis
1092 3679 1247 3746 quibusdam

157 3731 238 3792 annis,
257 3733 327 3783 siout
347 3734 471 3786 nonnulli
490 3737 594 3802 priores
612 3752 692 3804 reges
720 3740 814 3792 diebus
841 3742 944 3796 luneris
963 3746 1093 3814 fecerant,
1115 3757 1143 3801 et
1159 3749 1247 3802 relin.

158 3804 207 3870 quit
222 3817 302 3854 annos
323 3806 449 3872 quosdam
468 3809 573 3874 priores
591 3810 686 3860 aerarii
706 3814 825 3876 patronis
845 3823 871 3866 et
891 3819 1059 3871 exactoribus
1078 3820 1200 3885 delicias,
1220 3831 1247 3874 et
1341 3831 1345 3838 ’

158 3875 248 3932 aerario
270 3877 438 3928 occasionem
468 3879 591 3931 utilitatis
617 3889 643 3930 et
668 3885 833 3947 exactionis,
857 3895 887 3937 nt
911 3888 1091 3945 diuturniores
1109 3892 1245 3950 debtmrsa

159 3947 241 3998 aerarii
260 3945 428 4000 liberationis
459 3950 528 4003 iesta
547 3951 724 4017 celebrarent,
753 3956 873 4010 iuniores
892 3959 961 4010 malo
981 3961 1105 4016 dolerent
1126 3972 1153 4016 et
1170 3965 1245 4017 invi.

159 4019 208 4070 diae
227 4020 399 4084 occasionem
413 4020 541 4075 baberent
572 4023 745 4076 liberatorum
767 4039 968 4095 argumentum:
996 4035 1044 4086 sed
1070 4038 1186 4087 omnium
1205 4039 1244 4088 si.

157 4089 202 4141 mul
218 4104 342 4148 annorum
362 4106 447 4159 usque
472 4096 504 4145 ad
522 4109 595 4146 suam
617 4097 843 4149 renuntiationem
866 4110 893 4152 et
920 4102 1028 4168 paulum
1046 4107 1244 4160 deliniendi.

159 4169 194 4213 tus
209 4160 325 4226 abscidit,
346 4170 372 4214 et
390 4165 573 4218 misericordia
592 4182 682 4220 omues
703 4169 844 4235 purissima
856 4172 978 4241 dignatus
998 4186 1047 4242 est,
1066 4179 1245 4246 imperatoriis

160 4227 230 4288 literis
248 4249 358 4288 aureum
376 4234 536 4305 impleuere
555 4239 691 4294 vinculum
718 4241 900 4308 impedimenti
917 4261 967 4315 per
994 4257 1079 4304 totum
1097 4249 1245 4306 debitorum
