3017 4892
263 294 339 369 tos
543 288 762 365 moninus
797 288 1057 362 ussutondis

260 462 366 543 μισαῖν
386 456 445 545 την
461 447 633 545 τυραννίδα
654 461 713 523 τοῦ
727 454 867 540 Μιχαὴλ
889 454 932 531 οός
956 457 1012 519 καί
1025 453 1144 537 πολλὴν
1166 456 1242 540 παρ’
1264 458 1397 523 ου’τσῦ

262 559 432 641 δεξόμενος
453 559 510 644 τη“ν
534 560 728 647 καταφορόν,
750 558 864 624 καθότι
885 554 1087 640 αι’χμόλωτος
1106 548 1151 621 τόν
1170 557 1242 623 α’ντό
1260 558 1392 635 ἐλέους

261 664 431 746 βασιλικοῦ
464 660 617 746 δημευσιν
644 661 763 745 ὑπέστη
800 656 923 742 δωρεόν
958 660 1014 723 κατ’
1039 659 1102 722 τιόν
1132 658 1224 723 ι’δόων
1251 663 1389 737 τέκνοον

263 763 482 845 ἀπάνθρωπον
500 756 678 848 γύμνωσιν,
713 756 766 828 οἷα
786 761 824 826 τό
855 762 918 825 τῶν
941 758 1141 839 κροτούντων
1162 751 1232 825 τότε
1261 785 1385 843 παρα-

250 846 430 945 4νομιότατα
463 867 671 948 κολαστήρια,
715 861 899 940 ύπεσκέλιζε
940 858 997 944 τη“ν
1031 863 1087 942 τῆς
1127 859 1254 958 εἰρήνης
1285 856 1418 936 dud-5
1496 879 1498 902 ³

261 972 375 1051 βασιν,
403 964 454 1031 ἳνα
485 963 560 1043 τούς
589 962 774 1052 ἀλιτηρίους
795 963 972 1046 α’μόνηται,
995 959 1096 1036 αότός
1115 948 1176 1043 μὲν
1198 961 1255 1023 ούκ
1275 954 1382 1043 οἶδα,

262 1072 389 1149 λέγουσι
421 1070 456 1132 δὲ
484 1065 513 1133 οἱ
542 1066 669 1132 πολλοί·
713 1061 729 1127 ό
754 1068 783 1130 δ’
817 1057 984 1148 ἅνθρωπος
1006 1061 1100 1148 φιλας
1130 1064 1203 1143 ἐμοὶ
1231 1060 1381 1147 γνησιαό-

262 1190 355 1243 τατος
377 1160 421 1231 τόν
447 1167 604 1248 ἐξώμνυτο
629 1166 688 1251 την
715 1162 867 1251 τοιαύτην
891 1159 1051 1228 ύπόθεσιν.
1101 1161 1131 1226 εἰ
1160 1162 1197 1225 δὲ
1225 1162 1281 1226 καὶ
1309 1188 1381 1227 τυ-

261 1269 464 1353 ραννοκτόνος
497 1264 652 1348 ἐπεθύμει
682 1268 853 1349 γενέσθαι,
886 1264 1104 1358 γενναιότητος
1129 1267 1224 1328 τοῦτο
1246 1259 1405 1341 πόντως’

260 1369 441 1453 τεκμήριον.
1388 1386 1424 1441 10

358 1471 408 1537 Ἑν
429 1475 473 1562 τῷ
502 1476 589 1560 με’σιρ
613 1472 648 1535 δὲ
678 1467 736 1554 τὴν
760 1466 944 1553 ὁδοιπορίαν
973 1469 1030 1533 τοῦ
1047 1463 1230 1532 Ῥουσελίου
1251 1470 1372 1551 διηνυ-

260 1572 371 1654 κότος,
405 1577 460 1637 καί
493 1571 551 1647 τός
581 1572 697 1657 σκηνός
726 1568 759 1635 ἐν
781 1568 983 1653 Χρυσοπόλει
1011 1570 1148 1649 θεμένου
1169 1568 1367 1650 καταντικρύ

213 1750 227 1764 .
259 1678 318 1740 τοῦ
339 1676 395 1757 τῆς
415 1675 580 1757 βασιλίδος
610 1677 760 1756 πορθμοῦ
767 1722 776 1752 ,
802 1666 904 1755 φόβος
926 1666 1000 1752 ἔσχε
1022 1666 1078 1733 τόν
1098 1672 1244 1751 βασιλέα,
1266 1670 1323 1733 κατ’
1343 1666 1366 1753 ἤ

260 1772 317 1862 το’ό
338 1774 505 1856 Βύζαντος
521 1778 593 1865 τῇδε
614 1776 739 1840 κάκεῖσε
765 1771 1003 1853 διεκυμαίνετο·
1027 1772 1087 1834 τεόν
1109 1769 1279 1859 ἁπανταχῇ
1299 1768 1364 1853 γὰρ

260 1874 418 1961 oesypo»
443 1881 746 1961 συναθροισθέντων
776 1874 830 1940 καί
857 1871 1074 1958 συνελθόντων
1099 1872 1206 1958 αύτῷ,
1228 1871 1364 1955 στρατός
1375 1898 1410 1949 15
1496 1871 1497 1938 ἶ

259 1979 420 2061 α’ξιόλογος
438 1977 472 2043 τό
491 1976 604 2044 τούτου
619 1972 829 2062 στρατόπεδον
849 1978 1055 2061 ἐγνωριζετο·
1098 1974 1190 2057 ἐγγὺς
1210 1970 1272 2055 γὰρ
1297 1975 1363 2037 ταῖν

258 2076 444 2161 ’τρισχιλίων
472 2072 555 2163 η’σαν
585 2076 615 2143 οἱ
646 2079 882 2161 συνδραμόντες
915 2072 1057 2162 Φρόγγοι
1088 2071 1184 2163 αύτῷ.
1240 2072 1363 2158 ἡμέρας

258 2180 293 2242 δι’
315 2202 402 2254 τινας
421 2181 455 2243 ἐν
467 2177 671 2263 Χρυσοπόλει
695 2175 957 2262 διακαρτερήσας,
980 2177 1013 2241 ἐν
1028 2177 1254 2260 σιδηροπέδαις
1277 2174 1361 2256 ἔχων

258 2276 311 2343 τόν
335 2276 509 2360 Καίσαρα,
540 2282 602 2361 πόρ
632 2281 721 2361 ἐνῆκε
743 2286 814 2351 ταῖς
835 2274 869 2340 ἐν
896 2273 1102 2362 Χρυσοπόλει
1129 2277 1360 2359 τυγχανούσαις

258 2380 389 2453 οἰκίαις·
435 2379 490 2443 κατ’
510 2378 528 2462 ἦ
552 2378 632 2465 φλόξ
654 2379 794 2463 α’ρθεῖσα
813 2373 932 2460 πολλὴν
963 2374 1186 2460 ἀνήγειρε-την
1208 2374 1286 2461 βοην
1305 2375 1405 2447 aciat)
1496 2449 1497 2452 η

258 2475 309 2549 τόν
336 2476 476 2545 κωκυτὸν
505 2488 572 2555 τοῖς
601 2478 801 2567 α’νθροόποις,
822 2480 865 2555 οός
887 2472 927 2544 όν
948 2480 1005 2543 τού
1026 2481 1145 2558 α’νέμου
1164 2476 1359 2563 μεταρριπό-
1496 2479 1497 2484 ’

258 2581 367 2657 ζοντος
394 2580 494 2665 αότὴν
523 2583 578 2645 καί
610 2581 859 2667 καταπληκτικὴν
888 2576 1020 2667 όφιέναι
1051 2578 1161 2666 φωνην
1187 2578 1358 2663 μονονουχὶ

257 2893 379 2949 utebatur
397 2892 495 2947 rebus:
515 2893 560 2946 bic
578 2896 736 2964 plerumque
761 2905 790 2947 ut
808 2895 942 2965 deligeret
966 2910 1060 2962 pacem
1079 2894 1189 2947 lluselio
1208 2893 1353 2946 suadebat:

257 2967 361 3020 etiamsi
387 2966 488 3019 odisset
513 2968 680 3035 tyrannidem
705 2967 860 3032 Michaelis,
880 2983 940 3018 cum
958 2966 1067 3019 multam
1092 2966 1125 3017 ab
1154 2980 1187 3017 eo
1206 2966 1356 3033 accepisset

257 3038 369 3102 cladem,
385 3038 448 3106 quia
463 3040 584 3105 captivus
599 3039 683 3091 iactus
698 3053 746 3105 pro
759 3039 943 3090 misericordia
959 3040 1034 3105 regia
1048 3036 1256 3104 publicationem
1272 3037 1355 3088 susti.

255 3111 313 3163 nuit
332 3110 439 3175 donum,
460 3118 486 3161 et
505 3109 650 3161 liberorum
668 3109 1031 3176 crudelenuspoliationem‚
1054 3108 1146 3177 quales
1166 3109 1354 3161 dominantium

256 3191 311 3234 tum
331 3186 405 3232 erant
423 3181 535 3232 maxime
550 3180 708 3248 illegitimae
728 3184 928 3249 castigationes,
943 3182 1109 3233 'subornabat
1127 3183 1201 3247 pacis
1221 3188 1354 3242 eventum,

256 3260 286 3303 ut
311 3253 376 3303 deos
406 3250 507 3303 ultores
537 3260 650 3303 arceret.
697 3252 755 3319 ipse
788 3252 839 3304 hoc
857 3268 910 3303 non
936 3257 1012 3319 novi,
1037 3253 1084 3303 sed
1111 3253 1202 3303 dicunt
1222 3251 1354 3318 plerique.

256 3324 336 3375 horno
356 3329 444 3372 autem
463 3331 555 3389 utpote
576 3322 654 3375 valde
673 3324 809 3390 sincerus,
829 3325 894 3375 mihi
913 3327 1022 3390 amicus,
1044 3324 1163 3376 eiurahat
1190 3323 1245 3374 tale
1263 3322 1355 3373 consi.

207 3406 210 3411 ·
257 3393 338 3447 lium=
363 3392 430 3445 licet
453 3395 621 3459 tyrannicida
646 3394 731 3448 vellet
757 3413 831 3462 esse,
849 3397 997 3450 nobilitatis
1018 3398 1068 3449 hoc
1088 3398 1194 3449 omnino
1213 3403 1254 3447 est
1270 3394 1354 3445 docn-

257 3474 381 3518 mentum.

358 3565 423 3619 Cum
442 3570 530 3615 autem
550 3566 664 3618 medium
689 3568 740 3619 iter
758 3566 884 3619 Ruselius
903 3570 1073 3636 perfecisset.
1089 3576 1117 3619 et
1133 3570 1250 3621 tentoria
1268 3566 1354 3634 chry.

259 3637 347 3705 sopoli
366 3638 468 3689 [ixisset
484 3634 611 3691 adversus
631 3628 830 3704 iretum'urbis‚
850 3650 935 3693 metus
966 3642 1074 3693 tenebat
1091 3655 1183 3709 regem
1203 3648 1230 3691 et
1249 3642 1353 3707 Byzan-

258 3711 323 3762 tium
342 3710 386 3761 hic
407 3717 433 3761 et
452 3706 509 3759 illic
528 3706 679 3762 fluctuabat.
719 3727 778 3763 cum
798 3712 868 3764 euim
886 3714 1002 3781 undique
1021 3714 1117 3765 Franci
1136 3716 1313 3765 convenirent
1329 3721 1354 3763 et

258 3788 503 3851 congregarentur,
525 3784 657 3835 exercitus
680 3792 825 3835 memoratu
854 3784 949 3852 dignus
968 3785 1046 3836 huius
1074 3776 1161 3837 castra
1178 3785 1354 3837 aestimaban-

256 3858 308 3903 tur.
345 3869 431 3918 paene
452 3851 521 3901 enim
546 3863 587 3905 ter
606 3852 681 3904 mille
700 3855 808 3906 inerunt
826 3855 936 3919 Franci,
964 3858 1009 3924 qui
1029 3858 1061 3908 ad
1087 3872 1146 3907 enm
1166 3856 1352 3908 confluxerant.

256 3930 394 3990 postquam
414 3930 501 3974 autem
521 3922 578 3977 dies
605 3925 750 3977 nonnullos
776 3926 937 3992 Chr·ysopoli
964 3937 1085 3980 versatus
1112 3937 1168 3992 est,
1194 3932 1221 3979 in
1242 3926 1353 3980 vinculis

257 3994 353 4045 ferreis
373 4003 468 4045 tenens
488 3992 638 4059 Gaesarem,
658 3998 747 4065 ignem
768 3999 860 4047 iniecit
879 3997 1015 4063 domibus,
1036 4016 1104 4068 quae
1123 4008 1215 4052 essent
1235 4000 1353 4065 Chryso.

255 4062 333 4133 poli,
354 4064 500 4117 sadanma
520 4074 609 4119 erecta
627 4069 887 4120 multumexeitavit
910 4069 1052 4123 clamorem
1080 4080 1106 4123 et
1124 4074 1250 4139 gemitum
1269 4071 1354 4121 bomi-

254 4126 333 4188 οἰῶν
364 4139 568 4215 (sonsucaret,
592 4154 681 4207 neque
701 4140 746 4206 qui
772 4140 914 4205 exscripsit
932 4143 1015 4194 verba
1032 4141 1202 4197 intellexisse
1227 4143 1351 4209 videtur).

257 4206 380 4265 emollire
407 4218 518 4271 cupreus
537 4223 586 4259 rex
603 4209 708 4262 barbari
723 4210 889 4275 violentiam,
910 4214 992 4266 mittit
1003 4215 1065 4266 lraic
1077 4228 1150 4267 snam
1169 4215 1280 4267 uxorem
1298 4226 1354 4264 oum
