3017 4892
256 307 307 390 tt
559 309 786 402 urcnsnms·
809 304 1067 379 nurnnrorna

256 479 290 546 ἐν
311 477 413 568 τούτῳ
434 475 536 544 sisois
558 477 721 560 ἐπαρχιοῖν
742 472 961 539 δικασταίπαί
974 471 1182 538 συντάττουσι
1203 470 1243 539 τά
1264 496 1370 557 ποιη.

255 586 313 648 τέο
338 579 504 665 ἐγγράφως
534 582 589 642 και·
619 575 659 641 τά
680 577 743 643 τάν
773 577 953 660 σχεδαρίων
974 575 1218 638 transumens
1239 569 1294 638 ἶσα
1320 577 1373 638 δι’

255 678 398 764 διιοψίας
418 675 614 763 ἀπαλλαγήν.

353 783 437 848 Ἀλλ’
459 779 476 843 ά
499 782 680 862 βασκαίνων
702 779 757 842 άεί
775 784 960 853 τοΐςιιαλοϊς
980 778 1092 860 ἕτερον
1114 766 1212 850 αάθις
1236 777 1370 857 α’νεγεί-

255 901 306 968 ρει
327 879 463 961 πόλεμον
486 880 658 964 ἐπιχώριον
682 881 717 944 ἐκ
738 881 865 943 τοιάσδε
885 875 1095 963 προφάσεως·
1119 879 1267 959 συγγενιά
1288 889 1398 941 κεν-5

255 984 388 1067 τημίνος
417 975 433 1044 ά
454 977 605 1062 βασιλεῦς
633 983 742 1063 ἕντῆς
762 977 1054 1061 Ἀδριανουιιάλεως
1082 979 1206 1042 Λέοντα
1229 999 1363 1041 κατονο-

254 1081 443 1166 μαζάμενον,
462 1089 572 1148 τοῦτον
593 1084 639 1157 εἰς
658 1078 809 1166 λαμπράν
824 1076 931 1162 οδσπερ
953 1077 1034 1155 εἰκὸς
1057 1077 1226 1162 droti-‘ipos
1247 1078 1362 1162 τάχην,

254 1185 310 1249 καί
330 1185 374 1270 τῷ
394 1183 456 1249 τάν
475 1182 660 1267 πατρικίων,
682 1176 751 1247 εἶτα
773 1184 829 1245 καί
853 1183 916 1246 τιὸν
937 1182 1060 1263 βεστιόν
1090 1177 1246 1260 άξιάριατι
1267 1184 1363 1263 περί-

254 1287 390 1368 βλεπτον
424 1282 643 1363 άπαδείιινυσι,
683 1287 873 1367 στρατηγίας
908 1280 1032 1364 συχνάς
1064 1285 1119 1345 καί
1153 1282 1362 1364 δημαγωγιας
1451 1347 1458 1360 ,

254 1380 456 1464 άμπιστεδων
476 1385 574 1471 adrui.
611 1387 644 1450 ἐν
665 1387 727 1472 μιᾷ
747 1381 898 1468 δὲ’ἔαρος
921 1379 990 1472 οδρρι
1012 1383 1050 1471 τῇ
1074 1385 1240 1468 Μελιτηνῇ
1260 1390 1410 1466 erpo-10

253 1485 422 1568 τηγοῦντος
445 1481 546 1549 attat
567 1481 607 1549 τά
633 1482 839 1551 Μακεδονικά
862 1481 1090 1567 συνεταράχθη
1120 1481 1360 1565 στρατεύματα,

252 1580 380 1668 μακράν
404 1586 603 1651 α’ποστασίαν
624 1586 788 1650 αδδινοντα.
840 1582 894 1648 καί
919 1582 937 1647 ά
961 1580 1238 1666 βασιλεδςῆπίως
1261 1607 1359 1646 κατα.

253 1687 377 1760 στείλας
399 1685 517 1754 τούτων
539 1685 574 1752 τά
596 1685 743 1774 φρόνημα
764 1687 890 1750 διέλυσε
910 1683 969 1766 την
988 1682 1170 1767 ἐπιβουλήν,
1191 1680 1271 1764 πρὸς
1289 1706 1361 1746 και-

252 1781 310 1868 ρδν
329 1789 452 1868 primnis
472 1779 603 1869 ὕστερον
616 1784 867 1868 τάζάποτὲλεσμα
889 1785 1123 1866 παραδέδωκεν,
1145 1775 1231 1864 ὅμως
1250 1784 1281 1846 δ’
1300 1776 1360 1846 οάν

253 1885 489 1951 spraeradiare.
534 1890 758 1973 κατηγορηθείς
780 1879 868 1950 οάνά
886 1886 1145 1969 προεκφωνηθείς
1159 1878 1259 1948 aizoo
1279 1907 1359 1963 συγ-
1371 1887 1404 1945 15

252 1981 344 2066 γενὴς
363 1983 406 2060 ὥς
429 1987 483 2068 τῆς
511 1985 653 2062 στάσεως
676 1988 728 2051 καὶ
752 1987 810 2069 τῆς
839 1988 959 2067 βουλῆς
979 1977 1138 2068 άρχηγάς,
1165 1981 1221 2045 καί
1247 1981 1291 2058 σάς
1311 1986 1358 2058 εἰς

253 2079 351 2148 αδτόν
374 2083 613 2169 ρίνοιφερομένης
641 2090 696 2170 τῆς
725 2085 927 2169 τυραννίδος,
960 2083 1155 2170 παραλάετοιι
1176 2086 1234 2167 τῆς
1254 2085 1359 2169 άρχῆς
1468 2153 1473 2162 ,

162 2168 171 2187 ’
253 2185 309 2248 καί
329 2186 490 2273 μοναδαιρῖ
511 2189 724 2271 παραδίδοται
744 2185 899 2271 σχήματι,
921 2189 977 2250 καί
995 2189 1036 2272 τῇ
1055 2182 1265 2269 μεγαλοπόλιι
1286 2180 1355 2251 άνε·

253 2303 307 2359 τος
339 2287 395 2349 καί
421 2285 520 2370 χωρίς
550 2309 636 2363 τινος
657 2289 891 2373 παραφυλακῆς
911 2287 1104 2352 α’πολάεταιξ
1149 2284 1300 2370 τετάρτην
1320 2287 1356 2352 δὲ

130 2409 156 2453 ε.
175 2391 242 2454 1047
252 2381 329 2468 πρὸς
355 2391 392 2473 τῇ
414 2383 529 2476 δεκάτη
551 2379 681 2471 άγοντος
709 2392 768 2452 τοῦ
785 2390 997 2471 σεπτεμβρίου
1024 2387 1138 2470 μηνός,
1161 2391 1235 2450 καθ’
1265 2382 1302 2471 ἣν
1322 2387 1354 2452 τά
1365 2395 1400 2449 no

253 2485 405 2568 ζωοπιιδν
437 2497 569 2570 σημείου
601 2487 783 2572 operiosius
815 2487 940 2572 αἴρεται
969 2488 1032 2554 σάν
1068 2492 1227 2567 ε’ξιλεοάοει
1260 2492 1358 2576 πολλῇ

253 2584 375 2672 (προδεη
406 2589 442 2652 δὲ
468 2585 601 2666 ίνδιιιτος
629 2583 690 2674 ἦν,
717 2589 814 2654 ὁπότε
843 2587 899 2653 καί
929 2589 947 2652 ά
970 2592 1095 2675 Κρόνος
1114 2588 1295 2656 συνάδευαε
1314 2593 1357 2674 τῷ

254 2688 337 2774 Διί),
359 2685 464 2777 λάθρρ
485 2691 539 2774 τῆς
561 2687 793 2776 βασιλευσάσης
813 2690 975 2779 άτιοφοιτᾷ
985 2741 995 2774 ,
1015 2693 1070 2756 καί
1090 2693 1132 2756 δι’
1154 2693 1259 2755 ἳππων
1278 2688 1355 2754 κατά
1444 2736 1447 2743 -

207 2931 220 2940 .
326 2885 368 2943 to.
389 2889 535 2962 torpentis
548 2890 690 2962 interpres.
807 2892 851 2945 22.
868 2890 974 2964 χρόνοι
992 2890 1023 2946 G.
1042 2892 1161 2976 correxit
1177 2894 1318 2962 interpres.
1383 2957 1390 2962 ,

252 3051 361 3121 privati,
382 3068 441 3106 eum
462 3071 494 3120 „a
512 3056 636 3109 iudiciis“
665 3057 815 3108 nominaret
835 3056 913 3108 huius
933 3059 1090 3125 praesidem.
1128 3060 1156 3111 in
1177 3059 1230 3111 hoc
1242 3061 1354 3127 provin.

252 3123 351 3178 citrum
367 3125 469 3178 iudices
491 3135 518 3178 et
546 3137 708 3194 componunt
728 3128 849 3180 iacienda
871 3130 1045 3196 inscriptione
1063 3139 1091 3182 et
1107 3147 1178 3199 quae
1194 3134 1223 3182 in
1248 3132 1354 3190 tabellis

251 3203 328 3250 erent
346 3196 484 3263 deponunt
502 3197 627 3266 nequalia
645 3207 755 3266 propter
775 3202 935 3267 suspicionis
960 3201 1155 3255 liberationem.

351 3265 403 3319 Sed
429 3265 478 3318 ille
505 3271 550 3336 qui
576 3270 679 3322 invidet
704 3286 810 3338 semper
831 3272 951 3339 pulelrris
970 3274 1042 3326 aliud
1065 3290 1158 3327 rursus
1180 3284 1272 3328 movet
1293 3276 1352 3327 ltel-

249 3337 304 3390 lntn
322 3337 455 3390 internum
483 3338 532 3390 hae
558 3357 592 3392 ex
616 3357 705 3394 oense.
744 3345 920 3412 propinquum
940 3345 1032 3398 habuit
1054 3361 1103 3397 rex
1123 3362 1157 3397 ex
1180 3348 1353 3414 Adrianopoli
1408 3377 1411 3382 -

249 3409 385 3462 Leontem
396 3409 573 3471 nominaturus
595 3412 665 3464 lrunc
684 3415 716 3466 ad
743 3414 874 3470 illustrem
893 3424 922 3467 ut
940 3418 1052 3469 decebat
1070 3417 1148 3469 ellert
1166 3417 1306 3483 fortunam,
1327 3428 1353 3470 et

175 3507 184 3528 ι
249 3480 431 3547 petriciorum,
460 3482 556 3534 deinde
583 3485 661 3534 etlam
681 3487 868 3538 vesontiorum
886 3489 1018 3555 (lignitate
1035 3489 1151 3555 amplum
1177 3492 1277 3542 reddit:
1301 3492 1351 3541 im.

248 3551 324 3618 peria
348 3551 430 3604 mults
458 3561 485 3604 et
510 3556 664 3623 magisteria
688 3559 714 3607 ei
740 3559 870 3610 eredens:
888 3575 942 3611 uno
957 3570 1046 3612 nmen
1064 3563 1137 3613 veris
1154 3570 1276 3628 tempore
1294 3577 1351 3613 curn

247 3621 297 3674 ille
321 3623 466 3680 Melitenen
490 3627 630 3694 imperium
657 3628 786 3695 haberet,
811 3631 984 3684 llaoedouum
1007 3632 1104 3685 turbati
1128 3641 1190 3684 sunt
1208 3635 1350 3697 exereitus,

247 3693 355 3762 longum
369 3696 549 3750 deiectionem
568 3699 734 3754 meditantes.
755 3710 836 3770 atque
853 3718 902 3754 rex
920 3704 1067 3755 elementer
1090 3705 1240 3771 deprimens
1259 3703 1351 3756 horum

248 3765 350 3818 enimes
374 3767 459 3820 solvit
483 3771 601 3836 insidias,
630 3773 656 3824 in
674 3781 795 3840 tempore
812 3773 933 3841 quidem,
958 3785 987 3826 ut
1011 3784 1106 3842 postea
1125 3777 1212 3827 exitus
1235 3776 1349 3839 tradidit,

247 3835 294 3888 sed
312 3845 400 3891 tamen
421 3837 562 3905 depressit.
598 3854 737 3897 recusatus
758 3847 841 3912 igitur
863 3848 922 3897 rias
946 3855 1026 3898 antea
1045 3854 1265 3902 commemoratus
1284 3863 1349 3915 cog.

246 3913 324 3960 uatus
344 3917 373 3959 ut
387 3911 526 3964 seditionis
547 3921 575 3965 et
592 3917 700 3968 consilii
718 3917 771 3967 dux
790 3924 817 3966 et
835 3919 912 3982 qrrasi
929 3919 962 3968 ad
981 3934 1042 3970 oum
1059 3919 1211 3970 deferretur
1228 3920 1350 3970 domina.

245 3977 295 4043 tio,
321 3978 438 4034 solvitur
460 3983 573 4050 imperio
601 3995 628 4036 rt
647 3988 811 4040 monasticus
828 3987 941 4038 traditur
961 3990 1050 4051 vitre,
1077 3992 1150 4040 etin
1169 3989 1263 4041 nrlren
1283 3990 1349 4041 liber

245 4056 273 4101 ot
296 4049 355 4102 sine
380 4051 438 4105 ullo
465 4057 600 4120 praesidio
620 4059 776 4110 dimittitur:
803 4065 926 4123 quartum
944 4069 1032 4110 antean
1050 4061 1084 4112 nd
1101 4063 1233 4112 decimum
1252 4069 1349 4129 agente

244 4121 396 4187 septembre
421 4139 528 4190 ruiense,
558 4142 611 4194 quo
647 4129 783 4180 vivificum
804 4129 908 4193 signum
933 4131 1033 4182 elutum
1056 4131 1162 4184 tollitur
1186 4132 1271 4183 multo
1290 4148 1347 4182 curn

243 4191 482 4265 presumptuosus
502 4205 590 4252 auteur
604 4207 661 4252 erat
680 4199 844 4266 indictionis,
864 4216 923 4256 omn
941 4205 1020 4256 etiam
1039 4203 1169 4259 Saturnus
1189 4205 1348 4257 conveniret
