3017 4892
600 323 809 397 nmonrn.
1163 320 1260 401 ‘tto

155 481 242 555 οότιε
262 488 315 555 τόν
335 490 406 571 βίον
427 488 529 554 ἕλκειν
550 478 628 574 όγρι
646 493 755 573 βιοτῆς
775 480 901 575 άπάσῆς
919 493 987 564 τοῖς
1005 492 1158 571 μοναχοῖς
1179 510 1261 572 συγ-

154 588 413 673 καταλεγόμενον.
1154 668 1174 689 ‹

255 694 371 773 Γέγονε
392 694 495 774 τοῦτο,
517 695 571 756 καί
591 693 671 774 μετὰ
696 690 809 774 μικρὸν
832 694 943 775 ἐξῆλθε
964 692 1022 755 τοῦ
1041 688 1177 773 κάστρου
1198 712 1259 770 με.

154 794 350 875 λανειμσνῶν
371 796 427 859 καί
450 791 490 858 τά
509 798 582 859 καθ’
604 789 719 859 ἑαυτόν
740 792 783 869 οός
806 792 899 877 ἔσχον
918 787 1183 873 άπακλαιόμενας,
1205 783 1258 857 ότε
1348 860 1354 869 ,

125 894 212 960 5καί
233 899 358 970 πολλοῖς
379 895 474 981 εἰσῄει
497 893 621 978 ’δρυμός
640 898 694 959 καί
716 893 893 969 ἀκάθεκτος
925 890 979 957 tui
998 899 1064 967 τοῖς
1085 887 1259 976 όρονμόνοις

155 995 255 1083 φόβος
283 1000 336 1061 καί
365 994 468 1077 ἔλεος,
492 996 705 1079 λογιζομένοις
739 993 775 1061 τό
807 988 944 1061 ἄστατον
969 995 1032 1059 τοόν
1063 988 1259 1075 πραγμάτων

155 1095 212 1161 καί
226 1094 306 1181 πρός
333 1082 537 1181 όναντιότητα
567 1102 732 1181 περιπετὲς
766 1099 822 1162 καί
857 1094 1044 1179 όξόρρσπσν.
1093 1082 1175 1176 ἦσαν
1194 1090 1258 1176 γάρ

155 1191 294 1275 ἅπαντες
317 1195 466 1287 uicerint)
489 1196 637 1274 πολλάκις
658 1198 974 1283 συστρατευσάμενοι
996 1199 1051 1261 καί
1067 1190 1259 1280 δορυφόρων

154 1297 247 1377 τάξιν
269 1298 500 1385 πληρώσοντες,
522 1300 577 1363 καί
603 1297 638 1363 τό
662 1298 776 1383 κράνος
798 1297 885 1387 ου’τηῖ
913 1298 1179 1383 περιφημιζουτες
1200 1284 1259 1385 όλ-
1369 1343 1372 1350 .

107 1412 144 1467 10
153 1402 246 1482 prov,
284 1403 339 1465 κατ’
371 1403 517 1484 προσιτοί
551 1403 699 1484 γενέσθαι
722 1401 824 1489 ταύτην
857 1399 899 1463 δι’
920 1398 1017 1482 εόχῆς
1039 1389 1088 1462 ότι
1108 1398 1256 1477 μεγίστης

152 1502 337 1583 παυσάμενοι
345 1550 355 1583 ,
384 1494 454 1567 εἶτα
485 1503 540 1566 καί
568 1502 803 1578 συνεξελθόντες
835 1500 924 1585 edroi
945 1501 980 1562 όκ
999 1496 1119 1579 Συρίοις
1139 1491 1196 1558 καί
1216 1496 1257 1580 τῇ

149 1600 268 1691 Ἀόάνη
284 1602 485 1685 ίμβαλόντες,
503 1598 676 1691 βασιλικάς
692 1603 845 1675 δουλικῶς
863 1592 1163 1682 προσεδρεόααντες.
1180 1596 1258 1658 α’να·

153 1704 391 1784 πεμπαζόμενοι
420 1705 525 1767 τοίνυν
548 1699 607 1785 τη’ν
629 1724 662 1766 τε
685 1704 842 1786 προτέραν
873 1692 1024 1782 εόττιχίαν
1045 1696 1100 1761 καί
1118 1694 1176 1781 τὴν
1194 1719 1256 1760 αα·
1291 1744 1302 1749 -
1339 1698 1342 1705 ’

154 1807 276 1885 ροῦσαν
299 1803 448 1884 α’τυγίαν,
469 1798 555 1877 όπιος
576 1804 622 1876 εἰς
651 1793 746 1885 άκραν
769 1797 989 1885 ἐναντιότητος
1008 1791 1121 1882 ἥκασι,
1156 1820 1256 1880 κατη-

109 1912 144 1965 15
154 1904 290 1987 φιάντες
310 1892 393 1985 ἦσαν’
413 1906 468 1967 καί
491 1904 712 1987 α’μηχανοῦσιν
733 1901 880 1989 ε’ρόκισαν.
931 1905 1045 1966 νόστου
1069 1902 1099 1964 δ’
1120 1903 1256 1984 ἐπιμνη-

57 2006 61 2029 ’
153 2001 285 2079 σθένεος
320 2006 376 2067 τοῦ
403 2006 593 2089 στρατηγοῦ,
616 2004 812 2087 ἐπανήρχετο
840 2005 899 2084 μὲν
920 2000 945 2086 ἦ
968 1999 1104 2088 στρατιά
1126 2000 1185 2085 τὴν
1206 2003 1254 2065 ἐπ’

154 2101 241 2167 οἴκου
265 2101 461 2187 ἐλαύνουσα,
494 2107 716 2189 παρεπέμπετο
752 2104 788 2167 dd
809 2106 865 2167 καί
891 2102 1103 2187 όΔινγόνης,
1133 2100 1286 2173 εότελεῖι.
1304 2119 1394 2175 αωγ,

153 2206 198 2289 cpi
219 2203 379 2292 ὖποζνγίρι
402 2206 458 2269 καί
475 2207 638 2292 μοναχικηῖ
657 2203 878 2288 καταστήματι
900 2204 942 2269 δι’
960 2200 1088 2269 ἐκείνων
1109 2202 1172 2267 τάν
1194 2225 1255 2265 κον.

152 2305 223 2383 μάν
251 2306 304 2367 κατ’
334 2307 396 2370 τεόν
417 2309 533 2391 χαρτόν
557 2302 784 2390 πορευόμενος,
810 2307 852 2370 δι’
879 2296 924 2393 οἷν
945 2303 978 2375 τό
1005 2302 1148 2388 πρόσθεν
1168 2299 1248 2384 μετά

109 2406 318 2488 αοβασιλικῆς
340 2406 395 2488 τῆς
416 2407 614 2492 όορυφοριάς
637 2404 760 2495 ἰσόθεος
778 2407 976 2490 όγνοιρίζετσ.
999 2407 1115 2487 μέχρι
1139 2404 1173 2468 dd
1195 2405 1255 2469 τοό

154 2500 334 2567 Κοτυαείοο
358 2502 413 2587 τὴν
435 2510 565 2589 πορείαν
596 2506 760 2589 όόυνηρτός
788 2501 999 2591 ποιησάμενος
1028 2506 1099 2589 (καί
1119 2502 1181 2588 γάρ
1205 2527 1257 2568 νο·

153 2603 359 2687 σηλενόμενος
386 2600 424 2689 ἢν
452 2602 513 2669 α’πό
538 2594 721 2687 Ικσιλιακῆς-
742 2608 936 2687 διαθέσεως,
967 2600 1035 2689 ἥτις
1064 2607 1100 2671 όκ
1121 2606 1254 2669 κωνείου

153 2700 253 2793 ταότιρ
275 2710 584 2783 κατασκευασθίντος
602 2705 692 2790 παρά
714 2708 778 2772 τῶν
798 2710 946 2773 ἐναντίαν
964 2708 1167 2792 όπιγονόσθαι
1187 2708 1255 2771 ε’λό-

142 2902 145 2909 -
224 2868 250 2920 5.
269 2860 361 2929 πολός
379 2868 409 2923 (λ.
519 2868 560 2921 12.
580 2882 613 2919 an
630 2866 828 2937 βασιλεύονιιλ

155 3021 206 3081 tur,
225 3014 336 3083 placuit,
355 3016 503 3084 Augustum
521 3016 657 3083 deponere
675 3016 824 3084 imperinm,
844 3017 982 3084 deponere
998 3015 1078 3068 etim
1098 3017 1199 3069 crinem
1208 3022 1254 3072 et.

154 3102 207 3155 que
226 3088 263 3139 ita
284 3092 366 3149 tetam
385 3088 466 3139 vitam
485 3088 593 3153 ducere,
613 3086 749 3141 monachis
774 3089 943 3157 udecriptnru.

252 3176 360 3229 Factum
381 3184 422 3229 est
438 3176 507 3229 hoc:
527 3186 607 3245 atque
627 3177 705 3230 brevi
723 3186 785 3246 post
803 3178 928 3248 egressus
947 3186 988 3232 eet
1006 3175 1129 3241 cartello,
1148 3174 1255 3228 sordida

153 3248 260 3300 indutus
281 3258 358 3301 veste
378 3257 405 3301 ct
424 3250 603 3301 conditionem
625 3250 827 3317 wandelicus,
854 3250 960 3320 quando
985 3251 1064 3302 etiam
1089 3248 1188 3299 multuo
1206 3248 1251 3298 in.
1323 3258 1328 3261 ·

153 3321 234 3373 ceeeit
253 3327 350 3372 etacer
369 3329 397 3373 et
409 3321 587 3375 irresistibilie
607 3330 758 3389 spectantes
775 3332 860 3375 metue
879 3331 907 3375 et
920 3322 1114 3384 misericordia,
1127 3334 1187 3370 eum
1204 3334 1251 3371 ae-

154 3406 212 3441 curn
230 3388 384 3457 reputarent
403 3394 617 3445 incertitudinem
636 3410 724 3445 rerum
753 3402 780 3445 et
807 3396 834 3446 in
860 3395 1019 3447 contrariam
1044 3400 1144 3460 partem
1168 3390 1251 3443 incli-

152 3461 296 3512 nationem.
332 3478 424 3515 omnes
444 3466 512 3515 eninr
533 3480 593 3515 cum
611 3464 663 3516 hoc
682 3480 763 3533 saepe
779 3466 894 3533 profecti
914 3474 999 3530 cnut,
1019 3473 1047 3516 et
1062 3464 1186 3516 counitum
1202 3477 1251 3512 or-

154 3532 241 3583 dinem
261 3531 401 3595 explentes
420 3542 447 3584 et
464 3536 604 3585 victoriam
630 3538 655 3585 ei
681 3536 850 3588 celebrantes
877 3538 981 3589 beatam
1006 3544 1033 3587 et
1055 3535 1166 3604 propius
1188 3533 1252 3584 huia

155 3601 283 3652 accedere
301 3603 415 3651 mandare
433 3613 584 3668 precantes,
604 3605 700 3656 deiude
720 3607 800 3656 etium
818 3623 877 3659 curn
897 3624 930 3658 eo
956 3624 971 3658 e
999 3606 1078 3671 Syria
1104 3611 1252 3664 venerant,

156 3680 182 3723 et
198 3671 334 3724 Audauum
351 3673 467 3739 ingrcssi
485 3675 545 3739 regi
565 3672 702 3724 humiliter
720 3676 858 3726 affuerant.
896 3684 1049 3742 reputantee
1069 3676 1150 3743 igitur
1176 3674 1253 3740 prio.

154 3758 208 3795 reru
228 3742 359 3795 fortunam
379 3750 406 3794 et
424 3744 524 3795 instans
542 3744 649 3807 malum,
669 3746 800 3812 quomodo
819 3761 944 3799 summurn
962 3746 1135 3797 mutationem
1152 3743 1253 3797 subiit.

155 3820 222 3878 tent,
245 3814 350 3867 attoniti
372 3823 448 3866 eraut
466 3816 630 3881 incertisque
649 3815 730 3865 animi
749 3816 860 3867 similes.
900 3832 958 3868 curn
977 3823 1064 3867 autem
1080 3816 1253 3868 redituamc-

154 3887 274 3937 ninieeet
292 3887 345 3938 dux
362 3886 442 3937 rediit
458 3888 592 3938 exereitus
606 3887 904 3961 domumpwdciaccue,
912 3887 1065 3939 mittebatur
1074 3896 1163 3939 cutm
1172 3888 1252 3939 etim

121 3956 126 3967 “
153 3958 287 4025 Augustus
307 3955 357 4009 vili
376 3958 533 4009 iumentoet
545 3958 702 4010 monachico
722 3957 943 4026 habituperiiloe
962 3973 1047 4026 pagos
1060 3959 1162 4028 illeque
1180 3958 1252 4023 loeo,

153 4043 200 4095 per
220 4044 288 4096 quae
306 4029 480 4096 proficiscens
499 4039 579 4083 autea
596 4046 653 4081 curu
672 4032 748 4099 regio
768 4032 894 4083 comitutu
912 4040 1034 4098 nuquam
1059 4031 1125 4083 deuo
1142 4039 1251 4098 spectu..

152 4100 236 4152 batur.
274 4108 414 4169 postquem
432 4116 516 4171 neque
537 4103 570 4155 ud
588 4102 734 4169 Cotyeeunr
758 4104 811 4155 iter
829 4103 926 4155 misere
944 4102 1018 4166 iecit,
1039 4103 1153 4170 (etenim
1171 4102 1251 4156 labo.
1290 4098 1318 4138 l

152 4173 225 4223 rabat
245 4186 278 4223 ex
297 4172 445 4225 abdominis
465 4174 659 4245 diepoeitipnc‚
692 4190 761 4243 qnae
780 4176 868 4227 cicuta
885 4174 949 4226 huic
966 4181 1057 4242 parata
1075 4190 1091 4226 a
1109 4174 1251 4227 comenia

153 4244 281 4298 accidisse
299 4244 464 4316 dicebatur),
483 4254 601 4299 retentus
620 4254 662 4299 eet
685 4246 717 4299 ab
739 4248 789 4312 iia,
814 4247 861 4315 qui
888 4262 947 4300 cum
971 4244 1102 4316 agebant,
1131 4246 1219 4313 donec·
1233 4258 1252 4295 a
