3017 4892
602 394 810 464 ursnoam.
1186 396 1257 490 ιον

154 576 253 634 ματι,
277 551 331 617 τόν
358 549 596 637 ἀποβεβληκότα
618 553 673 640 τήν
693 560 860 639 βασιλείαν
880 558 935 624 καί
951 560 1004 624 σοι’
1022 556 1140 643 ταύτην
1162 566 1260 647 mpod.

154 675 272 734 μενον,
293 650 346 717 τόν
370 653 404 717 ἐκ
425 656 624 741 πορφυρίδος
651 654 928 742 ῥακοδυτήσαντα,
962 659 1017 725 τόν
1039 663 1085 735 εἷς
1105 664 1175 743 βίον
1196 686 1260 745 μο-

154 754 235 838 νήρη
261 751 541 836 μεταλλαξύμενον
575 756 629 821 καί
645 767 711 834 τσῖς
740 762 858 844 γηίνως
885 760 982 826 πᾶσιν
1010 760 1257 844 οἷποταξόμενον,

153 854 210 918 τόν
232 857 352 939 α’σδενή
375 855 428 921 καί
446 862 635 939 παρειμένον
650 860 706 923 καί
726 857 929 926 α’κεσωδύνου
949 865 1069 944 μᾶλλον
1083 866 1258 945 θεραπείας

125 952 210 1018 exat
222 959 434 1039 ψυχαγωγίας
455 956 668 1045 ἐπιδεύμενον,
683 959 735 1025 τὸν
751 960 943 1046 α’πειρηκότα
956 971 1021 1038 τοῖς
1043 959 1140 1043 ὅλοις,
1156 961 1259 1027 duile-

149 1058 266 1129 ,νοῦντα
295 1060 350 1121 καί
370 1054 643 1149 κακουχούμενον,
672 1059 727 1126 τόν
751 1062 795 1138 οδς
828 1064 971 1146 κάλαμον
992 1065 1257 1148 συντετριμμένον

151 1158 208 1221 καί
236 1149 368 1242 ὄμβροις
397 1159 543 1245 δακρύων
581 1157 764 1247 ἐντετηκότα
796 1163 872 1239 τούς
908 1159 1099 1251 ὀφθαλμούς
1125 1167 1181 1228 καί
1218 1162 1255 1229 τύ

152 1256 330 1338 πρόσωπον.
383 1260 450 1324 ἀλλ’
483 1262 514 1325 εἰ
542 1261 597 1326 καί
626 1266 725 1328 ταῦτα
759 1268 893 1330 τοιαῦτα
924 1267 979 1330 κατ’
1007 1270 1146 1329 τοσαῦτα
1177 1262 1254 1350 πρὸς

151 1358 252 1451 πειθώ
277 1361 520 1446 παρακλήσεως,
546 1365 668 1447 μᾶλλον
699 1367 734 1429 δὲ
757 1372 854 1431 πλείω
885 1365 1020 1451 ταύρων,
1054 1360 1118 1453 ὅσῳ
1141 1364 1195 1429 καί
1216 1360 1252 1428 ro*

105 1468 140 1521 10
150 1460 314 1543 α’γγελικδν
336 1468 445 1546 σχῆμα
467 1469 637 1550 σιωπηριύς
657 1490 708 1531 σοι
729 1466 925 1550 παρίσταται
946 1465 1024 1549 πρὸς
1045 1464 1253 1549 παράκλησιν,

149 1562 232 1628 α’λλοὶ
260 1561 301 1629 σύ
335 1563 459 1639 πάντως
490 1570 533 1689 api
562 1571 657 1653 θυμῷ
677 1571 731 1631 κατ’
752 1571 791 1655 τῇ
812 1567 967 1653 ε’πιθυμίρι
992 1568 1050 1629 τοῦ
1071 1564 1254 1647 βασιλεύειν

148 1666 309 1746 ε’πιμανως
343 1669 408 1729 καί]
426 1666 605 1747 α’κορίστως
633 1666 668 1730 τό
699 1675 808 1732 πλεῖον
837 1670 892 1750 τής
921 1666 1024 1751 ῥοπῆς
1052 1665 1252 1746 ἑανδιύσειας,

148 1764 226 1847 μήτε
251 1764 284 1829 τδ
308 1768 420 1848 σχήμα
449 1763 636 1886 αἰδούμενος
663 1766 742 1850 μήτε
767 1767 825 1850 τήν
852 1769 1004 1854 μητρώαν
1025 1756 1183 1851 θηλήν,
1162 1791 1201 1848 ης
1222 1788 1252 1831 σι

149 1860 296 1939 παιδες7
283 1869 403 1929 εκεινον
425 1890 478 1928 και
499 1864 551 1928 συί
571 1867 708 1954 α’δελφοί
739 1891 850 1943 κοινως
871 1868 1091 1988 μετεσχήκατε.
1135 1858 1252 1948 ὄψεται

106 1965 139 2018 15
150 1964 185 2026 δε
206 1962 332 2041 πάντως
355 1990 406 2028 και
404 1966 467 2030 σέ
488 1989 561 2029 ποτε
584 1990 670 2048 ομμα
688 1970 856 2045 τιτανῶδες
878 1994 930 2032 και
949 1969 1098 2052 κρόνιον,
1119 1992 1171 2031 και
1193 1965 1250 2041 τός
1336 1988 1341 1990 ·

148 2063 248 2147 τύχας
264 2087 315 2129 σοι
337 2065 417 2149 πρός
437 2063 496 2150 τήν
518 2065 630 2147 δμσίοιν
652 2066 851 2153 παραστήσει
872 2064 1039 2153 κακότητα.

244 2163 340 2231 'ettad
371 2168 473 2230 ταύτα
501 2170 561 2247 μὲν
593 2166 636 2242 οἷς
665 2171 699 2232 ἐν
719 2171 762 2257 τῷ
791 2171 967 2256 τραγῳδίας
998 2166 1113 2255 τρύφει
1138 2165 1191 2233 δια
1212 2135 1277 2239 rolf.
1291 2184 1375 2245 2041·

84 2299 87 2303 ·
146 2267 247 2343 πόθος
263 2266 622 2354 παρεκβατικιύτερον”
588 2291 721 2354 ειρηται.
766 2270 1029 2357 ἐπιφοιτήσαντος
1045 2272 1080 2334 δὲ
1094 2274 1150 2335 τού
1165 2295 1250 2354 παγ-

147 2369 296 2432 κακίστον
324 2368 439 2432 τούτου
468 2371 523 2438 καί
544 2362 673 2434 όνοσίου
704 2368 961 2455 προστάγματος,
984 2371 1131 2455 δεύτερος
1153 2371 1249 2436 πάλιν

103 2467 232 2549 λθιίγιόν
252 2466 268 2532 δ
290 2470 365 2551 περί
385 2472 494 2554 ψυχῆς
523 2469 579 2533 καί
598 2468 698 2555 φόβος
721 2462 784 2545 οἶος
810 2471 866 2535 καί
893 2469 1002 2548 κλόνος
1025 2470 1249 2556 ἀπαραμύθη-

147 2594 199 2646 τος
218 2567 274 2635 τδν
295 2574 329 2635 δν
348 2568 510 2647 τοσούτοις
532 2572 684 2654 κατέλαβε
706 2569 942 2655 δυστυχήμασι.
998 2571 1048 2635 διδ
1071 2574 1126 2635 καί
1146 2577 1248 2662 λγταῖς

146 2680 213 2745 τοῖς
232 2672 308 2737 ποσί
325 2672 387 2735 ταῖν
408 2672 509 2737 ἐκεῖσε
531 2672 706 2756 ἀρχιερέων
734 2672 937 2755 ἐκυλινδεῖτο,
959 2672 1015 2737 κατ’
1035 2669 1093 2755 τήν
1115 2674 1149 2735 ἐκ
1169 2671 1248 2736 τού-

146 2794 208 2837 των
230 2766 393 2857 βοήθειαν,
416 2766 474 2859 δ’ση
497 2768 545 2848 τις
566 2774 586 2857 ἦ
609 2772 714 2855 ἰσχύς,
734 2770 816 2856 μετδ
838 2773 1021 2839 κατωδύνου
1045 2776 1101 2838 καί
1120 2771 1249 2860 ἀφορή-

146 3088 189 3154 rit,
211 3088 304 3156 quiin
322 3087 403 3140 vitam
422 3086 567 3141 solitariam
586 3087 732 3154 transierit,
752 3094 779 3138 et
796 3086 912 3139 terrenis
930 3085 1052 3139 omnibus
1076 3103 1107 3138 ae
1135 3085 1246 3139 abdica-

146 3161 227 3224 verit,
246 3160 292 3229 qui
308 3159 426 3214 infirmus
447 3168 474 3211 et
491 3159 602 3213 relictus
622 3159 704 3213 luerit
732 3168 758 3212 et
783 3159 868 3227 magia
894 3157 1002 3211 dolores
1026 3157 1146 3209 leniente
1171 3158 1247 3211 cnltn

147 3232 280 3299 animique
298 3231 478 3285 moderamine
496 3232 652 3299 indiguerit,
672 3232 719 3300 qui
736 3231 897 3299 defatigatus
916 3229 1038 3281 omnibus
1063 3230 1247 3297 aegrotaverit

147 3311 173 3355 et
192 3311 303 3356 vexatur
324 3305 374 3368 sit,
394 3304 489 3373 quint
507 3303 622 3356 calamna
644 3303 784 3356 conlectus
808 3304 849 3355 ait
872 3310 900 3354 et
925 3301 1052 3353 imbribus
1076 3300 1246 3353 lacrimarum

145 3383 292 3427 maceratus
318 3378 345 3426 iu
365 3375 451 3428 oculis
479 3384 505 3427 et
531 3390 588 3428 ore.
626 3377 674 3429 aed
692 3376 795 3429 etiamsi
811 3375 878 3426 haec
891 3373 960 3425 talia
979 3381 1006 3425 et
1029 3381 1102 3424 tanta
1119 3372 1152 3424 ad
1179 3388 1245 3425 aua-

146 3446 231 3497 delam
250 3446 437 3499 admonitionis
456 3448 516 3499 aive
534 3449 624 3513 potine
647 3447 688 3501 his
707 3448 808 3499 maiora
826 3447 976 3513 pertinent,
1000 3444 1159 3511 praesertim
1184 3459 1245 3496 cum

90 3570 97 3581 ,
146 3515 250 3569 habitus
269 3518 430 3567 monasticus
449 3518 529 3568 tacite
547 3518 596 3569 tibi
616 3518 701 3569 adstet
718 3518 751 3569 ad
768 3517 974 3569 admonitionem
984 3535 996 3568 :-
1011 3518 1058 3570 scd
1081 3523 1111 3567 tu
1135 3517 1244 3568 omuino

145 3589 232 3639 animo
253 3594 280 3636 et
297 3586 434 3654 cupiditati
452 3587 583 3653 regnandi
607 3588 684 3639 avide
710 3596 737 3639 et
761 3589 922 3653 impotenter
948 3586 1089 3653 plurimum
1117 3586 1245 3638 momenti

146 3656 297 3719 tribueres,
323 3671 413 3740 neque
432 3655 548 3707 habitum
570 3659 672 3708 veritur
690 3672 778 3724 neque
806 3668 950 3709 maternam
979 3671 1139 3720 mammam,
1167 3658 1244 3707 cuius

145 3729 195 3781 lilii
213 3727 288 3780 illius
306 3728 399 3796 tuique
418 3725 514 3778 fratrea
533 3742 619 3793 aeque
642 3728 787 3794 participer
807 3728 904 3779 luistia
942 3727 1044 3778 videbit
1067 3734 1155 3777 antem
1183 3741 1245 3777 om.

145 3802 208 3853 nino
229 3800 307 3851 etiam
326 3805 352 3850 et
370 3796 512 3866 aliquando
532 3796 626 3850 oculus
645 3798 758 3864 punient
778 3806 804 3849 et
823 3798 981 3865 perficiens,
1002 3805 1028 3847 et
1044 3795 1175 3849 fortunam
1193 3797 1244 3851 tibi

144 3887 192 3940 pro
211 3869 293 3924 eimili
314 3871 459 3923 constituet
483 3871 623 3937 pravitate.

244 3958 296 4013 Sed
315 3958 382 4009 baec
401 3960 476 4027 quari
494 3960 521 4011 in
540 3958 696 4027 tragoediae
715 3957 801 4010 lrnato
815 3966 925 4025 propter
943 3956 1063 4009 dolorem
1080 3956 1160 4009 latina
1179 3964 1242 4011 mut

145 4029 222 4084 dicta.
242 4029 326 4083 allato
346 4038 433 4083 autem
455 4030 573 4097 permalo
587 4028 638 4081 boc
657 4038 684 4080 et
702 4031 784 4097 impio
804 4030 892 4082 edicto
909 4028 1023 4081 alterum
1041 4044 1132 4081 rurant
1151 4038 1241 4082 certa.

142 4118 202 4155 men
221 4104 294 4156 vitae
315 4109 341 4153 et
358 4110 446 4153 terror
464 4103 560 4169 ingene
580 4109 606 4153 et
624 4100 701 4153 turba
719 4100 890 4153 immutabilia
908 4100 979 4152 bunc
997 4100 1076 4152 tantia
1088 4098 1165 4152 mulia
1184 4102 1243 4153 cir.

143 4174 289 4229 cumdatnm
308 4174 422 4225 deiecit:
442 4173 612 4241 quamobrem
634 4174 712 4225 etiam
735 4173 860 4241 precibus
885 4180 947 4227 ante
971 4173 1054 4239 pedee
1081 4184 1241 4225 nummorum

74 4294 76 4298 ,
142 4244 177 4295 ibi
196 4246 358 4299 versantium
377 4246 531 4312 pontificum
557 4260 586 4297 se
605 4246 737 4312 proiecit,
763 4244 904 4298 ethorum
925 4242 1241 4311 auxilium,quantaeat

142 4316 183 4368 via
215 4332 274 4367 cum
300 4318 399 4369 misero
426 4325 452 4369 et
479 4316 644 4369 intolerabili
668 4317 785 4384 impetn,
819 4315 962 4369 invocabat
994 4315 1089 4367 calide.
1129 4314 1243 4367 aderant

186 4412 267 4466 ittet.
287 4414 367 4467 Attal.
386 4412 453 4467 ittet.
471 4468 475 4477 ,
585 4438 591 4445 ·
1024 4412 1058 4465 12
1094 4449 1099 4453 ·
