3017 4892
604 337 815 405 HISTORIA.
919 353 923 360 “
1184 331 1259 406 251

150 507 266 596 αι’τήν
288 510 332 588 οἷς
352 502 391 576 όν
414 509 447 577 εἴ
461 529 546 587 τινες
567 509 653 598 κριοί
672 510 726 575 κατ’
745 516 920 594 βουκολίων
934 513 1048 596 α’γίλαι
1066 507 1147 596 πρός
1164 516 1268 576 κολω-

148 609 238 689 νσδς
260 604 280 696 ἢ
303 609 485 696 Σεμιρόμια
511 613 599 694 τείχη
634 610 693 686 τὰς
716 612 802 688 ἰδίας
834 611 1093 697 προσαρόττοιισι
1114 607 1267 697 κιφαλός,

149 706 177 794 ἢ
196 712 337 796 κηφῆνες
358 713 606 796 περιβομβσῖιοιν
624 703 743 796 όνδρας
763 717 1031 796 γιγαντολίτορας.
1074 709 1104 776 οἱ
1124 707 1264 796 μὲνγὰρ

150 812 219 896 τὴν
240 810 345 897 α’ρχην
359 812 589 894 καταλαβόντες
612 816 654 901 τῷ
675 817 806 894 βασιλεῖ’
816 815 1038 900 κατεφάνησαν
1050 810 1110 897 τὴν
1130 815 1266 877 ε’νΒλα-

119 916 293 995 ὅχὲρναις
313 913 602 996 προκαταλαβόντες
625 911 812 1000 ἀκρόπολιν,
834 919 891 979 καί
907 902 995 988 τινας
1011 909 1266 999 ἀκροβολισμοός

151 1014 217 1078 καί
236 1012 418 1099 προσβολός
441 1012 474 1078 ἐκ
494 1019 556 1082 τῶν
579 1014 679 1094 τόξων
694 1016 748 1080 καί
766 1013 968 1100 πετροβόλων
989 1013 1133 1101 ὀργάνων
1155 1009 1266 1098 εἰργό-

150 1137 269 1197 σαντο,
292 1112 490 1198 ἔπραξαν-δὲ
509 1114 603 1205 οδφν
623 1106 645 1198 ἢ
661 1109 734 1186 ὅσον
757 1116 908 1196 ἐπίδειξίν
923 1140 995 1182 τινα
1013 1119 1069 1199 τῆς
1090 1117 1265 1198 α’νταρσίιτς

150 1225 369 1302 προενεγκεῖν.
419 1216 649 1300 όπισθόρμητσι
692 1220 727 1282 δὲ
770 1214 927 1301 γεγονότες
960 1218 1266 1300 τραυματισθέντων

152 1316 215 1380 καί
234 1302 328 1380 τινιόν
359 1320 392 1396 ἐξ
415 1317 543 1398 adedo,
577 1321 633 1382 καί
653 1328 716 1395 τοῖς
741 1312 850 1393 όλλοις
881 1319 1003 1402 τείχεσι
1024 1316 1262 1401 πλησιάσαντες,
1325 1347 1333 1372 ι

106 1428 143 1482 10
154 1415 348 1500 δβριστικοὶς
380 1416 491 1505 φωνός
525 1412 546 1502 ἢ
573 1419 740 1502 παροινίας
776 1416 865 1502 παρόι
893 1425 957 1484 τῶν
982 1419 1118 1482 πολιτῶν
1146 1415 1265 1499 η’νωτί-

77 1585 80 1590 ,
152 1540 264 1599 σαντα,
286 1523 341 1582 καί
361 1518 513 1596 ἀκοντίοις
536 1523 590 1584 καί
609 1523 712 1596 λίθοις
727 1513 983 1604 όπεσοβηθησαν,
1004 1516 1060 1581 καί
1080 1514 1191 1598 ’μίμοις
1212 1539 1266 1598 ye-

153 1621 253 1682 λοίων
285 1618 595 1702 καθοπεβλήθησαν,
630 1618 687 1685 καί
720 1623 778 1704 τῆς
806 1615 1031 1704 ἀποκηρύξεως
1065 1614 1099 1681 ἒν
1135 1621 1265 1692 πολλοῖς

154 1717 294 1801 ἡμέραις
315 1716 378 1800 πρό
397 1722 470 1801 ’τῆς
507 1720 627 1795 πόλεως
661 1718 1010 1802 στρατοπεδευσάμενοι
1045 1721 1265 1805 πληροφορίαν

158 1819 318 1893 ἐδέξαντο.
363 1811 430 1901 εἶχε
450 1811 510 1902 μόρ
524 1802 680 1896 χἅπαντας
708 1819 789 1904 ἔρως
820 1819 975 1904 ἐπιμανὴς
1005 1824 1063 1885 τοῦ
1084 1814 1264 1886 Βοτανειό-

114 1929 149 1982 15
158 1940 229 2002 τον,
249 1923 305 1983 καί
324 1918 381 2002 τὴν
402 1923 521 1986 ἐκείνου
551 1925 713 2004 βασιλειαν
731 1920 903 2007 ἐπιδημίαν
934 1917 977 1997 οἷς
996 1925 1169 2008 ἐπιδημίαν
1187 1922 1265 1985 θεοῦ

158 2021 400 2104 προσεδέχοντο.

261 2124 378 2207 Μηδὲν
407 2125 443 2187 δὲ
474 2127 537 2191 τεόν
560 2115 603 2190 ὧν
623 2118 754 2210 ἤλπισεν
786 2127 882 2192 ὅτοό
903 2126 1083 2210 Βρσεννίοο
1104 2123 1264 2192 adeotat-

160 2245 221 2309 φος
238 2218 389 2308 εδρηκοός,
411 2227 465 2289 καί
484 2225 541 2310 την
562 2229 608 2302 είς
630 2225 686 2312 τη’ν
706 2228 943 2309 βασιλεόουσαν
958 2226 1083 2293 εἴσοδον
1094 2225 1262 2310 α’πογνοός,

160 2322 374 2410 διεπεραιώθη
405 2326 463 2410 τὴν
490 2329 549 2391 τοῦ
579 2324 671 2411 ἁγίου
703 2328 966 2413 Παντελεὴμονος
994 2331 1156 2415 με’φαραν·
1210 2325 1267 2391 καί

117 2427 293 2506 λθθέμενος
316 2427 349 2490 ἐν
371 2437 436 2502 τοῖς
459 2432 517 2494 τοῦ
538 2431 656 2496 teoni
680 2434 793 2516 μέρεσι
823 2427 880 2515 την
908 2428 1115 2514 παρεμβολὴν
1134 2431 1262 2514 παρῇ·

137 2519 215 2589 ’θεν
236 2533 487 2611 συντεταγμένος
517 2526 559 2605 oda
587 2535 632 2618 spi
655 2536 786 2614 βασιλεῖ
811 2534 867 2596 καί
886 2539 952 2605 τοῖς
978 2537 1097 2605 λοιποῖς
1118 2533 1263 2602 πολίταις

161 2627 194 2689 ἔτι
216 2630 275 2689 τοῦ
294 2634 477 2715 προφανοῦς
496 2629 738 2715 διοπτικοότερον
759 2629 986 2719 φανησόμενος,
1008 2635 1064 2696 καί
1082 2628 1138 2695 τόν
1159 2623 1262 2694 adsol-

141 2724 276 2812 dtlpos
307 2729 482 2815 ον’φημίαις
517 2730 595 2797 κατὰ
632 2729 791 2817 διαδοχήν
813 2728 955 2819 ,ἑκάστου
986 2734 1085 2816 λόχου
1106 2733 1261 2819 ἐτίμησεν.
1271 2736 1291 2791 i.
1310 2735 1363 2793 222
1371 2752 1394 2793 r.
1444 2823 1452 2828 -

100 3055 102 3061 1
163 3029 242 3077 ventu
258 3025 392 3079 exercitus
407 3027 587 3096 obstupefacti
602 3035 677 3082 sunt:
697 3031 745 3084 aed
764 3032 803 3083 sio
815 3031 966 3083 sentiebant
982 3029 1016 3082 de
1036 3044 1080 3096 eo,
1098 3036 1130 3082 ut
1146 3030 1170 3083 si
1188 3031 1261 3084 arie.

93 3105 105 3126 '-
131 3124 139 3135 -
162 3096 264 3149 tesval
291 3097 370 3148 boum
397 3115 495 3168 greges
524 3101 557 3153 ad
585 3101 670 3154 mlles
691 3103 736 3154 vel
765 3117 855 3155 muros
874 3098 1054 3156 Semiramidis
1073 3117 1121 3154 sua
1139 3101 1262 3171 indigent

163 3169 255 3236 capitu,
275 3168 320 3221 uel
343 3170 397 3222 luci
418 3173 638 3242 circumstrepant
657 3176 730 3228 viros
750 3177 887 3245 gigantum
908 3173 1086 3227 coniectores.
1126 3176 1171 3242 qui
1191 3176 1261 3226 enim
1357 3201 1367 3218 ι

162 3241 296 3307 imperium
315 3252 476 3310 acceperant
501 3247 770 3315 regi‘apparuerunt,
790 3255 929 3316 postquam
947 3246 1155 3300 Blachernarum
1174 3262 1262 3298 arcem

162 3319 235 3363 antea
255 3322 403 3380 ceperunt,
432 3321 458 3367 et
486 3315 559 3370 levia
577 3319 682 3385 proelio
704 3327 730 3370 et
755 3322 869 3388 impetus
889 3318 1002 3372 arcubus
1026 3327 1052 3371 et
1078 3319 1261 3370 instrumentis

161 3383 321 3436 iaculatoriis
346 3397 548 3441 conseruerunt.
601 3398 715 3458 egerunt
732 3399 820 3443 nutem
844 3391 912 3442 nihil
932 3392 984 3444 nisi
1004 3399 1034 3443 ut
1052 3391 1260 3443 ostentationem
1297 3448 1301 3457 ¹

163 3453 295 3504 seditionis
321 3456 481 3520 proferient.
526 3461 670 3512 redeuntes
698 3470 805 3526 οιιλοιιι,
833 3479 891 3513 cum
917 3465 996 3514 etiam
1020 3461 1146 3514 nonnulli
1174 3463 1260 3513 exiis
1355 3499 1358 3504 -

163 3522 289 3573 vulnerati
311 3535 409 3588 essent,
430 3536 456 3582 et
474 3528 586 3595 reliquis
603 3531 743 3584 moenibus
763 3535 1007 3602 appropinquantes
1027 3533 1156 3601 superbas
1176 3547 1260 3585 voces

163 3593 203 3643 vel
221 3594 332 3646 iniurias
345 3611 378 3645 ex
394 3597 498 3648 civibus
520 3600 687 3663 audiverunt,
703 3609 729 3652 et
744 3603 840 3653 iaculis
859 3603 1046 3673 lapidibusque
1066 3604 1137 3670 pulsi
1158 3611 1260 3655 suntet

162 3679 205 3730 por
223 3663 366 3717 histriones
384 3667 557 3718 ridiculorum
571 3670 706 3735 depressi:
729 3679 755 3721 et
775 3673 910 3738 repulsae,
930 3676 990 3725 dum
1004 3674 1101 3724 multos
1120 3675 1177 3726 dios
1197 3679 1258 3725 ante

163 3734 247 3785 urbem
266 3743 352 3788 costra
369 3743 479 3802 tenent,
506 3747 604 3792 certam
633 3741 710 3792 fldem
730 3751 903 3809 occeperunt
944 3743 1052 3795 tenebat
1076 3746 1258 3798 enimomnes

163 3807 249 3872 cupido
270 3807 372 3860 furiosa
390 3809 556 3876 Βοιιιιιὶαιαε,
578 3820 604 3864 et
622 3812 696 3864 illius
715 3815 985 3885 regium-adventum
1010 3823 1133 3883 tanquam
1154 3816 1257 3870 adven.

163 3884 208 3928 tum
230 3880 272 3930 dei
294 3881 472 3947 excipiebant.

252 3965 393 4038 Postquam
413 3979 499 4022 autem
519 3973 587 4025 nihil
609 3989 715 4039 eorum,
736 3991 805 4044 quoe
834 3985 999 4043 speraverat,
1026 3977 1106 4027 irater
1124 3977 1254 4044 Bry'ennii

161 4039 256 4091 invenit
276 4047 302 4090 et
320 4039 419 4092 aditum
438 4043 466 4093 in
485 4043 576 4096 urbem
591 4048 754 4113 desperavit,
774 4048 879 4099 transiit
897 4049 983 4100 sancti
1002 4048 1254 4102 omnimisericordis

161 4117 268 4176 pontem,
290 4119 316 4162 et
333 4114 428 4178 positis
447 4116 475 4166 in
496 4120 677 4186 angustiarum
695 4119 814 4185 portibus
834 4121 928 4173 castris
948 4120 1089 4187 praeteriit
1102 4123 1253 4191 ‘instructus

161 4189 186 4232 ut
204 4185 261 4250 regi
287 4191 314 4235 et
341 4187 438 4239 ceteris
469 4187 572 4242 civibus
603 4207 636 4242 ex
662 4199 754 4258 aperto
786 4189 884 4242 clarius
901 4205 1076 4256 occursurus,
1096 4200 1124 4243 et
1144 4193 1252 4243 lratrem

162 4249 273 4308 letalibus
293 4267 399 4325 quoque
418 4259 511 4314 ordine
530 4275 560 4315 τε
579 4261 731 4330 excipiente
752 4263 874 4317 ornauit:
900 4264 970 4333 quod
987 4279 1047 4316 oum
1066 4268 1129 4317 atra
1150 4264 1252 4318 lentem
