3017 4892
269 272 345 371 sna
560 296 781 371 nunninus
814 292 1073 369 imminuis

266 494 334 546 ,τας
355 468 411 536 καί
429 468 507 549 τούς
528 469 657 548 λοιπούς
682 475 741 537 τού
754 470 879 566 ἔθνους,
899 462 950 534 ότι
965 466 999 535 τό
1023 467 1084 536 dni
1109 467 1202 535 τοόδε
1214 467 1423 546 πολεμίους

236 572 241 577 “
276 566 406 647 ἐοικότες
425 574 687 657 συνδιατρίβουσι
704 573 828 648 τούτοις
848 574 903 637 καί
916 570 1225 661 συνδιαγανίζεσθαι
1239 568 1419 661 μύλλου-

275 693 338 735 σιν.
381 670 513 750 ἐξιόντες
546 675 581 739 δί
603 697 685 750 τινες
715 676 779 738 sein
809 676 911 752 πεζῶν
941 666 1022 752 μοτοὶ
1046 669 1141 748 τόξων
1158 666 1306 741 πολλούς
1332 670 1416 731 ταῖν
1459 738 1465 762 a

281 767 429 855 Τούρκαν
451 775 576 841 ύνοῖλον
605 776 659 839 καί
686 778 743 858 τῆς
766 775 967 860 παρεμβολῆς
1005 773 1150 854 ἐκστῆναι
1176 771 1411 833 συνέπεισαν.

276 871 349 936 όδδ
370 872 523 955 βασιλεύς
557 869 653 960 ἤθελε
677 880 736 957 μὲν
766 874 942 962 α’γχεμοόχιρ
978 877 1104 960 πολέμῳ
1134 867 1188 935 καί
1219 868 1437 955 όντεθέτςοό

275 973 461 1060 παρεμβολῇ
493 983 597 1061 κρίναι
626 975 659 1042 τό
688 980 776 1051 τύλος
807 978 985 1059 παραυτίκα
1015 975 1072 1055 τῆς
1092 971 1223 1055 μα’χης,
1250 966 1340 1045 τούς
1369 970 1408 1030 δ’

277 1070 416 1150 αἀόντας
445 1076 491 1151 είς
524 1077 560 1143 τό
584 1079 692 1143 Χλίατ
716 1080 893 1161 περιμένων
914 1069 1123 1158 στρατιώτας,
1144 1075 1269 1155 πλῆθος
1293 1064 1405 1145 ὄντας

237 1174 241 1190 '
277 1176 336 1238 ούκ
354 1174 569 1261 εὐαρίθμητον
589 1180 644 1243 καί
658 1179 806 1262 συνήθως
832 1175 885 1241 αἐἰ
903 1176 1180 1258 προπολεμοῦντας
1201 1172 1258 1235 κατ’
1282 1172 1403 1255 η’σκη-

277 1279 392 1357 μόνους
417 1280 549 1359 μᾶλλον
575 1274 630 1363 την
660 1283 845 1363 πυρρίχτιον
880 1270 1035 1359 όρχησιν,
1063 1271 1115 1339 τόν
1136 1274 1241 1357 ύμοόνα
1266 1276 1401 1337 τοῦτον

279 1375 494 1460 ύνττρετίθετο.
539 1374 582 1453 ύς
611 1381 642 1444 δ’
664 1378 842 1464 οίπεγνοόνει
867 1374 924 1460 τὴν
945 1380 979 1440 ἐκ
1002 1374 1120 1441 τούτων
1139 1373 1306 1459 βοήθειαν,
1334 1376 1441 1437 καίεο

275 1503 308 1543 τι
333 1480 532 1545 διακωλῦσαι
553 1477 683 1557 τούτους
713 1479 793 1563 πρός
816 1480 870 1563 την
893 1471 1002 1564 ἄφιξιν
1031 1472 1165 1559 ἰσχυρόν
1187 1472 1396 1557 ὑπελάμβα-

276 1600 340 1662 νεν,
361 1579 518 1663 ἐσκέψατο
537 1580 647 1647 λοιπόν
678 1582 723 1655 εἰς
751 1579 809 1662 την
831 1580 1001 1663 ύστσραίαν
1026 1577 1106 1658 μετὰ
1138 1576 1200 1639 τῶν
1221 1576 1395 1641 συνόντων

166 1742 171 1757 Ι
277 1679 369 1766 αύτῷ
391 1683 566 1764 προθύμως
594 1678 673 1748 κατό
695 1683 758 1747 τιόν
782 1684 929 1747 ἐναντίων
950 1680 1219 1763 ἐπαγωνίσασθαι.
1263 1670 1338 1759 εἶχε
1363 1679 1394 1740 δ’

226 1818 230 1824 -
278 1772 366 1860 ὅμως
389 1784 501 1847 τούτον
530 1786 586 1848 καί
604 1776 701 1859 αὖθις
725 1784 832 1864 ε’λπίς,
859 1781 903 1857 ὥς
933 1780 1009 1847 ούύὲ
1041 1774 1099 1845 κᾶν
1121 1780 1166 1854 εἰς
1185 1775 1243 1862 την
1265 1772 1390 1859 αύριον

162 1895 165 1902 “
279 1878 512 1964 ύστερὴσωσιν·
567 1878 671 1969 η’γνόει
706 1883 768 1969 γὰρ
795 1884 838 1959 τός
876 1881 891 1946 ό
919 1878 1094 1967 στρατηγός
1126 1881 1243 1944 τούτων
1262 1877 1429 1959 μαθιόνιο

276 1978 336 2063 την
358 1984 416 2045 τού
438 1982 610 2049 σουλτόνου
634 1994 701 2050 κατ’
724 1978 827 2049 αύτοῦ
847 1983 904 2049 τοῦ
923 1982 1081 2064 βασιλέως
1091 1982 1277 2063 ἐπέλασσεν,
1301 1970 1389 2062 εἴρας

279 2078 356 2154 ῐθῦς
383 2084 466 2168 ἄμφ’
496 2082 594 2148 αύτόν
628 2078 797 2166 daemoes
822 2082 875 2150 διό
910 2086 970 2167 τῆς,
996 2084 1248 2161 Μεσοποταμίας
1276 2078 1389 2164 τρυγός

160 2201 162 2207 “
277 2184 416 2265 dyseros
437 2185 483 2260 τίς
504 2181 562 2268 τόν
580 2185 747 2267 Ῥωμαίων
771 2189 912 2269 ἐνέβαλε,
935 2186 1056 2268 μηδένα
1079 2179 1171 2265 λόγον
1188 2177 1247 2245 τού
1263 2176 1388 2245 δεσπό-

195 2289 200 2294 ’
284 2309 342 2351 του
362 2283 439 2369 μήτε
461 2286 525 2370 μην
544 2288 608 2353 τού·
623 2288 740 2363 οἰκότος
761 2286 777 2352 ὅ
797 2290 933 2365 δείλαιος
957 2290 1099 2367 θέμενος.

106 2404 109 2410 ’
148 2396 169 2452 l.
188 2394 239 2451 199
248 2409 275 2449 τ.
381 2386 416 2452 Ὁ
433 2386 684 2470 γούνβασιλεύς
706 2388 785 2463 κοτό
813 2386 847 2452 τό
873 2391 1075 2471 συγκείμενον
1097 2381 1155 2468 την
1177 2384 1221 2458 εἰς
1241 2380 1296 2445 τόν
1320 2381 1427 2449 ssd-ed

282 2494 378 2569 λεμον
403 2484 607 2573 παρασκευήν
622 2480 734 2575 σύρων
757 2487 933 2572 ἐξαρτύσας
955 2485 994 2554 τό
1017 2488 1083 2553 κατ’
1097 2482 1195 2550 adsto
1220 2484 1382 2565 διετίθετο,

276 2587 328 2655 ι”τι
346 2589 402 2673 τῆς
423 2593 580 2670 βασιλέως
602 2591 716 2675 σκηνῆς
749 2589 836 2665 ε’ντὸς
868 2586 1119 2668 καθιστάμενος,
1145 2582 1237 2649 tuin
1258 2581 1312 2666 τήν
1333 2587 1380 2659 εἰς

280 2689 354 2768 τούς
366 2691 494 2766 Σκύθας
508 2691 659 2775 ’ύποψιόιν
675 2694 881 2778 περιαιρῆσαι
897 2688 1086 2773 βουλόμενος
1102 2685 1198 2762 αύτός
1213 2682 1272 2769 ἐμοὶ
1295 2677 1385 2771 ύρκρν.

353 2887 395 2940 12.
415 2891 534 2945 seiron
553 2888 583 2943 G.

278 3055 357 3103 turos
374 3066 482 3121 unaque
501 3068 561 3104 eum
578 3053 613 3106 iis
625 3031 789 3122 pugnaturos
809 3052 1017 3119 suspicarentur.
1054 3050 1172 3117 peditum
1190 3062 1256 3101 vero
1274 3046 1373 3116 quidam

281 3125 376 3175 eastris
395 3125 499 3191 egressi
518 3125 631 3177 arcubus
651 3124 748 3175 multos
767 3124 908 3175 'furcarum
927 3124 1116 3175 interemerunt
1142 3130 1168 3172 et
1187 3137 1202 3172 a
1221 3121 1310 3172 castris
1326 3134 1371 3170 re-

282 3194 379 3245 cedere
398 3204 555 3262 coegerunt.
593 3211 642 3246 rex
659 3204 747 3246 autem
763 3197 881 3247 eominus
902 3203 927 3245 et
945 3196 1072 3247 instructa
1089 3194 1149 3244 aeie
1169 3193 1305 3244 discrimen
1322 3191 1370 3241 iam

280 3265 414 3317 adducere
432 3265 520 3317 voluit
544 3281 659 3334 pugnae.
706 3282 785 3333 quum
813 3275 901 3319 autem
918 3266 1033 3329 milites,
1057 3266 1102 3333 qui
1128 3264 1227 3319 Chliati
1245 3262 1370 3325 abessent,

282 3342 468 3401 exspectaret,
494 3338 647 3390 immensam
680 3337 876 3389 multitudinem
911 3345 938 3389 et
968 3339 1013 3404 qni
1039 3338 1109 3389 inter
1138 3337 1236 3402 primos
1261 3348 1370 3401 pugnare

282 3406 505 3472 consuevissent,
535 3409 569 3460 od
592 3408 718 3461 bellicam
737 3408 904 3461 saltationem
928 3409 1011 3476 magis
1031 3408 1194 3471 exercitati,
1221 3408 1328 3475 pugnarn
1345 3406 1368 3455 in

281 3485 418 3544 posterum
445 3478 566 3531 distulit:
596 3479 740 3548 desperans
771 3489 859 3533 autem
883 3496 929 3532 eos
958 3480 1135 3533 subventuros
1163 3494 1224 3531 esse
1249 3486 1276 3529 et
1295 3490 1370 3545 grave

279 3548 383 3617 aliquid
402 3552 542 3617 quominus
561 3550 689 3605 auxilium
708 3552 811 3605 ferrent
830 3568 876 3605 eos
903 3536 1033 3619 impedis
1057 3552 1195 3618 suspicans
1208 3584 1225 3615 ‚2
1246 3550 1295 3601 iam
1320 3549 1369 3601 suis

281 3636 340 3675 enm
360 3623 445 3689 copiis
464 3630 573 3690 postero
601 3624 645 3676 die
674 3623 767 3685 hostes
792 3631 902 3677 strenue
927 3624 1037 3693 aggredi
1061 3622 1161 3674 statuit.
1210 3620 1368 3675 nihilominus

279 3694 377 3747 iterum
396 3696 476 3747 etism
494 3696 623 3763 speravit,
644 3710 700 3760 eos,
720 3694 786 3748 lieet
804 3704 913 3763 postero
934 3695 1131 3758 devenirent,
1151 3692 1220 3746 haud
1245 3692 1368 3745 defuturos

253 3824 256 3827 ς
282 3774 358 3818 esse:
380 3767 521 3835 ignorabat
540 3769 620 3831 enim,
637 3768 732 3820 ducem
752 3782 853 3831 eorum,
872 3782 950 3835 quum
976 3766 1108 3819 sultanum
1125 3766 1152 3817 in
1176 3766 1262 3832 ipsum
1289 3778 1367 3831 regem

280 3836 431 3901 proiectum
451 3854 511 3891 esse
530 3840 713 3906 comperisset,
737 3839 860 3891 omnibus
880 3838 925 3906 qni
945 3838 1030 3904 ipsum
1049 3845 1235 3906 sequerentur,
1246 3848 1368 3887 conreca-

282 3906 327 3969 tis,
345 3922 395 3973 per
413 3910 631 3976 Mesopotamiam
649 3911 677 3960 in
697 3910 859 3961 Graecorum
879 3918 975 3961 terram
995 3910 1109 3976 turpiter
1128 3909 1282 3977 aufugisse,
1304 3904 1369 3959 nulla

281 3975 380 4029 domini
399 3995 430 4031 ac
448 3996 483 4032 ne
502 3982 594 4034 decori
612 3982 719 4049 quidem
737 3980 829 4031 habita
848 3981 962 4045 ratione,
982 3981 1159 4033 miserrimum
1181 3978 1265 4031 illum.

379 4066 467 4135 Atque
486 4083 534 4119 rex
552 4069 659 4137 quidem
678 4068 823 4121 seeundum
841 4083 930 4121 rerum
950 4076 1046 4120 statum
1073 4075 1200 4135 apparatu
1231 4065 1322 4118 bellico
1343 4065 1367 4117 in

281 4145 416 4206 posterum
435 4138 503 4189 diem
523 4139 653 4192 instructo
675 4154 719 4192 res
738 4155 799 4193 suns
828 4139 971 4205 ordinavit,
998 4140 1084 4193 adhue
1111 4140 1140 4191 in
1165 4140 1243 4206 regio
1266 4136 1367 4191 tentorio

280 4208 432 4275 cassidem,
451 4211 555 4278 quando
574 4226 637 4279 ego,
656 4226 716 4264 eum
734 4210 835 4267 uellem
853 4211 1035 4279 suspicionem
1052 4212 1081 4265 in
1100 4209 1214 4279 Scythes
1232 4209 1301 4265 illem
1316 4206 1365 4261 tol-
