3017 4892
253 330 324 402 180
545 331 768 400 minutulis
795 328 1054 399 atramenta

239 492 367 578 πολλὴν
395 501 459 571 τοῖς
489 494 727 576 πειραζομένοις
760 493 957 577 παρηγορίαν
988 492 1151 573 ἐνέπαξαν
1178 480 1259 577 (depr
1293 510 1368 572 γαρ

250 584 289 659 άν
312 618 360 669 τις
392 599 447 660 καί
470 592 675 678 πειρασθείη,
698 592 757 657 οάκ
780 588 821 659 άν
842 586 908 667 νοίς
941 588 1051 657 τοάτον
1073 596 1181 665 κακοῖς
1204 612 1367 671 παρισω-

248 702 321 783 θείη
342 688 470 781 ‘nortl
524 694 539 759 ὁ
567 698 602 759 δὲ
634 693 692 778 τὴν
723 698 889 777 βασιλείαν
914 689 1156 776 διαδεξάμενος,
1186 688 1202 754 ὅ
1234 692 1364 754 codron

248 796 399 883 προχονὸς
422 796 574 881 Μιχαάλ,
588 838 591 849 ‹
606 798 664 880 τὴν
696 799 760 861 τοῖν
776 792 942 878 Ῥωμαίων
963 793 1070 876 ἀρχὴν
1100 794 1363 875 περιεζωσμένος

248 896 386 983 ἐπιεικής
408 922 455 973 τις
490 896 613 980 ἐδόκει,
641 898 695 962 καί
722 900 824 982 γέρων
854 899 888 960 ἐν
909 897 990 969 νέοις
1021 895 1073 957 διά
1097 891 1132 958 τά
1159 894 1387 977 παρειμένονδ

248 1004 303 1065 καί
327 994 451 1063 άπολάν
485 1001 651 1083 ἐλογίζετο.
703 1000 916 1081 προσελάβετο
937 982 997 1080 γάρ
1030 998 1093 1060 τάν
1116 995 1228 1059 κοινάν
1250 1015 1361 1075 πραχ-

247 1103 356 1183 μάτων
378 1100 538 1186 διοικητὴν
560 1094 661 1185 ἄνδρα
692 1100 773 1188 λόγῳ
795 1102 850 1163 καί
871 1098 982 1183 πράξει
1004 1097 1066 1161 τῶν
1087 1097 1213 1161 πολλάν
1235 1096 1360 1181 άταφὲ·

248 1225 356 1287 ροντα,
379 1200 433 1267 καί
451 1196 577 1285 χνάμής
599 1200 793 1286 περιχαροῦς
816 1205 871 1266 καί
901 1201 1016 1284 άρετῆς
1041 1195 1156 1273 ἱκανάς
1177 1196 1360 1278 άντεχάμε-

249 1326 322 1380 ναν,
345 1303 400 1369 καί
425 1296 522 1367 πᾶσιν
545 1300 662 1387 ἱλαρῶς
685 1302 962 1388 προσφερόμενον,
984 1295 1137 1386 άρχιερέα
1162 1300 1223 1378 μὲν
1242 1299 1299 1380 τῆς
1323 1299 1359 1362 ἐν
1394 1331 1398 1336 ·

247 1407 325 1491 Σάλη
340 1406 510 1489 καθολικῆς
519 1406 683 1489 ἐκκλησίας
696 1400 890 1486 ὑπάρχοντα,
903 1399 962 1487 τὴν
974 1398 1103 1486 πράτην
1112 1402 1282 1485 προεδρίαν
1291 1400 1358 1463 ταῖν
1368 1415 1401 1467 to

248 1506 533 1589 πρωτοσνχκέλλων
557 1507 734 1586 ἐπέχοντα,
768 1502 914 1589 Ἰωάννην
943 1494 1103 1584 τοῦνομα,
1140 1502 1292 1582 εάνοάχον
1316 1502 1356 1564 δέ

246 1605 306 1689 τὴν
335 1606 547 1689 κατάστασιν,
579 1606 658 1689 ὑπὲρ
687 1604 843 1689 εάνσάχον
873 1608 910 1671 δὲ
929 1601 986 1688 τήν
1007 1603 1193 1686 α’χαθὸτιρτα
1217 1602 1272 1665 καί
1292 1597 1354 1684 τὴν

248 1705 411 1772 πολιτείαν
439 1711 495 1773 καί
514 1704 548 1773 τό
571 1708 738 1791 ,μειλίχιον
762 1705 818 1772 καί
844 1702 1013 1772 conrard}
1028 1704 1084 1769 καί
1095 1700 1139 1796 ,τὸ
1164 1698 1352 1786 ια’πρόσιτον

246 1805 504 1889 ἐνδεικνύμενον·
562 1801 637 1873 ὅθεν
658 1814 719 1874 καί
736 1812 777 1896 τῇ
799 1811 857 1873 τοῦ
877 1802 1103 1889 βασιλεύοντος
1125 1803 1274 1889 άπλάτητι
1294 1807 1354 1870 καί

247 1906 380 1998 άφελείρι
401 1907 455 1985 τάς
477 1911 593 1986 οἰκείας
613 1908 766 1994 προσθείς
784 1902 900 1994 άρετάς
920 1904 1110 1993 εὐχάριστον
1124 1908 1234 1971 τοῦτον
1250 1907 1350 1971 ἐποίει
1360 1922 1392 1975 l5

247 2009 303 2074 καί
325 2019 391 2084 τοῖς
427 2009 688 2095 ὑποτεταγμένοις
710 2010 900 2095 εάάρεστον,
921 2003 995 2075 ὅσον
1015 2032 1050 2092 γε
1079 2004 1149 2092 Ιη”κει
1168 2003 1250 2071 κατά
1275 2004 1351 2082 τούς

248 2107 317 2175 τότε
346 2111 489 2193 καιρούς.
547 2114 614 2177 ἀλλ’
649 2109 761 2193 ἔμελλε
793 2110 917 2187 πάντως
945 2114 989 2198 τρῖ
1018 2109 1145 2194 εέχενεί
1170 2110 1230 2173 τοῦ
1258 2112 1350 2173 σίτον

247 2210 473 2297 παραμιγῆναί
485 2238 515 2278 τι
547 2216 602 2277 καί
623 2210 778 2293 ζιζάνισν,
807 2207 827 2296 ἢ
859 2215 898 2299 τῇ
926 2214 981 2295 τῆς
1014 2210 1124 2285 νυκτὸς
1150 2205 1349 2296 ἐπιφοιτήσει

245 2309 302 2394 τὴν
333 2312 456 2397 ἡμέραν
484 2312 663 2395 άνογκοίως
691 2314 909 2400 ὑποχωρῆσαι.
963 2304 1001 2398 ἦν
1029 2309 1089 2396 γάρ
1121 2336 1167 2388 τις
1196 2304 1351 2392 εάνοάχος

247 2409 380 2494 ὀνόματι
405 2413 600 2501 Νικηφόρος,
626 2418 660 2479 ἐκ
681 2418 927 2500 Βουκελλαρίων
951 2412 1050 2480 ἐλκων
1065 2412 1106 2478 τά
1129 2416 1227 2497 γένος,
1248 2411 1393 2486 δεινάςιί)

246 2515 411 2599 ἐπινοῆσαι
440 2518 496 2580 καί
520 2512 627 2603 ῥάψαι
660 2515 831 2601 πράγματα
860 2519 915 2582 καί
941 2514 1059 2602 πολλὴν
1084 2515 1125 2604 τῇ
1160 2510 1350 2580 καταστάσει

244 2614 299 2699 τὴν
312 2616 480 2699 τρικυμίαν
502 2621 689 2702 ἐπενεγκεῖν,
714 2611 749 2692 ὃς
769 2622 815 2695 είς
835 2619 924 2699 τάξιν
937 2622 999 2685 τάν
1018 2617 1207 2699 σεκρετικάν
1227 2610 1350 2681 inatt-

244 2739 325 2785 σεων
344 2719 388 2805 τῷ
411 2722 508 2807 πατρί
529 2723 587 2785 τοῦ
609 2718 1043 2808 Μιχαὴλάπηρετησάμενος
1058 2720 1286 2806 Κωνσταντίνιρ
1307 2716 1349 2804 τῷ

245 3014 281 3071 iis
299 3016 345 3087 qui
366 3026 501 3072 tentantur
521 3019 645 3073 solatium
664 3019 777 3079 infudit:
795 3022 965 3088 quantumvis
984 3020 1053 3071 enim
1072 3020 1131 3089 quis
1149 3017 1276 3083 tentetur,
1292 3030 1347 3069 non

244 3098 333 3141 tamen
353 3091 431 3144 buius
450 3091 520 3143 mala
539 3099 636 3159 aequet
654 3107 777 3159 unquam.
813 3094 860 3161 qui
888 3101 976 3145 autem
993 3108 1105 3161 regnum
1123 3092 1250 3159 suscepit,
1269 3090 1347 3141 buius

244 3178 311 3213 auus
330 3162 455 3227 lllichael,
476 3164 638 3215 Graecorum
664 3163 777 3230 imperio
797 3164 910 3228 cinctus,
929 3164 1042 3216 idoneus
1061 3164 1200 3216 uidebatur
1220 3170 1248 3214 et
1265 3176 1348 3214 senex

243 3232 315 3283 inter
333 3233 446 3286 iuvenes
466 3243 576 3301 propter
594 3250 682 3286 mores
709 3233 835 3287 remissos
862 3244 889 3287 et
914 3234 1012 3287 molles
1030 3235 1190 3289 habebatur.
1229 3233 1348 3285 adhibuit

245 3304 316 3353 euim
333 3318 421 3355 rerum
441 3306 618 3357 communium
639 3306 893 3372 administratorem,
914 3311 1000 3370 virum
1028 3308 1111 3360 uerbo
1132 3316 1159 3359 et
1176 3323 1207 3359 re
1225 3304 1347 3357 multitu.

243 3372 298 3426 dini
320 3374 508 3441 excellentem,
529 3386 555 3429 et
573 3377 664 3429 iudicii
686 3379 754 3446 grati
775 3387 802 3429 et
820 3380 926 3432 virtutis
945 3381 1010 3431 satis
1029 3380 1195 3448 participem,
1213 3385 1240 3429 et
1258 3377 1346 3429 omni-

242 3444 293 3497 bus
324 3448 434 3499 comiter
453 3456 587 3514 utentem,
607 3450 760 3516 pontiliccm
778 3453 919 3503 maximum
945 3453 1076 3503 communi
1096 3450 1142 3504 Sid
1162 3490 1168 3502 .
1190 3487 1196 3501 .
1217 3486 1225 3500 .
1254 3446 1347 3500 eecle-

243 3519 300 3569 siae
320 3520 516 3586 praepositum,
544 3522 720 3589 principatum
745 3521 1010 3589 Protosyncellorum
1039 3523 1073 3591 (i.
1103 3539 1127 3573 e.
1148 3519 1346 3575 concellaueo.

242 3595 313 3661 rum)
337 3590 519 3657 obtinentem,
538 3592 664 3646 loannem
682 3593 790 3645 nomine
808 3595 921 3659 dietum,
941 3594 1091 3645 eunuchum
1110 3593 1221 3656 babitu,
1239 3592 1284 3662 qui
1303 3600 1347 3644 ta.

243 3678 305 3716 men
326 3673 468 3730 praeterea
488 3665 585 3717 bonum
613 3673 638 3717 ot
668 3682 754 3718 rerum
781 3666 901 3719 civilium
927 3666 1040 3733 peritum
1070 3673 1097 3716 et
1115 3680 1224 3718 suavem
1244 3672 1270 3716 et
1287 3680 1347 3716 ser.

152 3764 157 3775 ·
246 3745 369 3787 vatorem
390 3744 416 3787 et
435 3751 598 3789 communem
618 3754 647 3791 se
666 3738 821 3806 praebebat,
841 3754 924 3807 quare
944 3738 1022 3789 etiam
1043 3738 1117 3806 regis
1136 3735 1300 3804 simplicitati
1321 3740 1348 3785 et

245 3810 426 3859 communitati
453 3824 517 3860 suae
536 3808 634 3862 addens
652 3810 790 3874 virtutes,
814 3818 917 3878 gratum
937 3808 1009 3861 bunc
1028 3808 1156 3862 reddebat
1175 3818 1202 3861 et
1221 3807 1346 3861 subiectis

241 3877 396 3943 iucundum,
417 3888 542 3947 quantum
562 3881 667 3948 quidem
692 3889 745 3933 tum
766 3882 892 3949 temporis
919 3880 1040 3934 decebat.
1077 3883 1125 3934 sed
1146 3880 1262 3933 futurum
1281 3886 1346 3941 erat,

246 3955 276 3997 ut
299 3951 407 4001 omniuo
436 3950 521 4002 nobili
552 3951 684 4003 frumento
712 3952 904 4015 admisceretur
930 3953 1008 4004 etiam
1037 3952 1119 4004 herba
1138 3968 1236 4019 pmva,
1255 3950 1299 4005 uel
1318 3956 1347 4001 ut

245 4020 333 4070 noctis
354 4021 480 4073 adventui
499 4022 558 4075 dies
578 4024 731 4077 necessario
752 4024 870 4075 eederet.
908 4032 964 4074 erat
984 4026 1053 4076 enirn
1073 4022 1211 4077 eunuchus
1232 4023 1346 4093 quidam,

198 4104 211 4141 ι
240 4090 349 4141 nomine
367 4091 452 4143 dictus
471 4091 656 4160 Nicephorus,
683 4110 697 4145 a
721 4092 884 4146 Buecllariis
911 4095 1010 4148 ducens
1040 4112 1141 4165 genus,
1167 4098 1213 4166 qui
1239 4093 1347 4149 valebat

240 4176 407 4233 cognoscere
429 4169 454 4212 et
473 4163 605 4216 iustruere
624 4180 678 4229 res,
699 4173 725 4217 et
743 4163 850 4217 multam
871 4166 951 4219 lirmis
967 4167 1144 4221 turbationem
1163 4169 1280 4221 inferrer
1298 4165 1346 4233 qui

240 4234 346 4301 quidem
366 4235 393 4286 in
412 4232 503 4286 ordine
524 4236 631 4289 consilii
650 4238 747 4289 secreti
775 4237 844 4305 patri
860 4236 999 4293 ldicbaelis
1028 4241 1151 4293 serviens
1171 4238 1345 4295 Constantino
