3017 4892
276 302 352 392 stt
579 308 800 384 urcnmss
828 305 1093 380 smlurorsn

259 481 332 550 ,καί
358 488 618 561 κατακλείσαντες
648 482 737 552 ἔνδον
764 483 818 550 τόν
842 486 1061 566 ,ιίντικειλιινον
1080 477 1161 563 μετόν
1184 478 1258 543 τοόν
1279 473 1431 591 agorde-

277 609 340 651 των
376 586 464 671 adsui
495 585 620 652 πόντων
653 579 941 670 καταγωνισάμενοι
974 587 1134 667 τρέψωσι,
1165 577 1226 644 καί
1252 570 1334 640 dno
1361 598 1429 656 την

275 687 367 771 σφιόν
389 687 495 752 αδτιόν
525 697 617 774 χεῖρα
642 689 827 770 ζωγροόσαν
847 679 871 769 ῆ
892 682 1094 770 φονεόοοσαν
1121 676 1278 753 ἅπαντας
1302 678 1361 757 οὖς
1385 680 1424 742 ἐν

276 787 390 876 δικτόιρ
414 784 580 873 ποιήσωσι.
631 791 687 853 καί
708 779 748 870 ῆν
766 785 786 871 ῆ
804 791 921 871 μελέτη
944 781 1094 869 σταθηρό
1117 786 1175 848 καί·
1193 779 1439 890 στρατηγικῆ,

275 892 331 954 καί
350 891 406 954 τοῦ
428 887 617 975 δηρόματος
638 887 784 972 σόνοχος,
807 889 853 964 εἷς
871 889 958 962 τίλας
984 889 1020 952 δὲ
1040 885 1084 969 μῆ
1106 887 1354 969 περιοωθοῖσα
1378 891 1441 944 τοῦ

234 991 330 1074 [τῆς
351 990 437 1076 νίκης
459 993 626 1078 διέφθειρα
647 986 817 1076 τρόφιμον.
839 988 1034 1074 συνήρχοντο
1054 990 1115 1069 μὲν
1140 983 1202 1070 γόρ
1223 980 1417 1076 dryadas?

274 1088 308 1156 τό
330 1114 365 1156 τε
383 1090 511 1172 πεζικόν
546 1090 601 1159 καί
627 1084 776 1158 ναυτικόν
800 1088 1005 1178 στράτευμα,
1031 1086 1248 1173 προελθόντος
1270 1085 1318 1148 δὲ
1333 1081 1410 1165 sapt

273 1192 330 1256 τοῦ
350 1181 463 1266 ἄστεος
484 1188 513 1256 οἱ
529 1195 586 1277 τῆς
610 1195 739 1276 πεζικῆς
761 1189 875 1278 μοίρας
890 1194 1094 1273 στρατιῶται,
1117 1186 1173 1252 καί
1195 1187 1410 1265 ἀποπλανη-

273 1295 381 1366 θέντες
415 1288 535 1356 ἐκεῖθεν
570 1290 625 1358 ἐπί
655 1296 835 1380 κατασκοπῇ
870 1289 931 1360 καί
954 1287 1133 1373 καταλήψει
1157 1291 1266 1371 ’δῆθεν
1302 1287 1411 1351 τινοόν

275 1388 475 1457 Μακεδόνων
497 1394 714 1475 αι’λιζομένων
740 1396 775 1458 ἐν
805 1389 1001 1478 πορρωτάτω
1035 1390 1145 1475 όγροῖς
1175 1392 1319 1454 ἐκείνων
1342 1389 1407 1469 μὲν
1416 1392 1440 1443 lt

275 1492 333 1555 οδκ
355 1491 558 1577 εδστόχησοιν
576 1493 631 1558 καί
653 1496 815 1578 οἷπέτοχον
834 1495 889 1576 τῆς
905 1490 1087 1576 ἐπιβουλῆς,
1108 1497 1174 1566 τοῖς
1196 1493 1235 1554 δὲ
1252 1483 1405 1573 Βαρόγ-

274 1615 340 1676 yos:
362 1594 401 1656 οδ
431 1592 650 1677 συνεδόασαν,
688 1589 740 1659 ὅτε
771 1597 814 1682 τῷ
837 1594 960 1678 Ἀδόρα
990 1596 1201 1678 προσέβαλον.
1250 1585 1346 1672 ὅμως
1368 1591 1402 1652 δ’

275 1685 331 1757 odo
354 1677 465 1774 οἱμὲν
488 1692 651 1780 Βόραγγοι
672 1694 734 1770 τοὶς
753 1695 854 1770 πόλας
885 1696 987 1759 aeros
1008 1695 1200 1776 βιασόμενοι
1222 1691 1323 1768 ἐντός
1348 1695 1398 1757 εἰ·

272 1791 479 1879 σοπῆδησαν,
503 1798 558 1859 καί
580 1795 752 1870 πανόπλοις
776 1797 947 1881 ἐπιφοραῖς
970 1789 1018 1859 ἔτι
1037 1788 1161 1879 πρωίας
1184 1784 1288 1877 οόσης
1318 1791 1396 1867 τοός

274 1896 333 1959 τοό
355 1892 533 1975 Βροεννιόο
556 1901 818 1981 κατηγωνίσαντο.
861 1893 1054 1969 landrardi
1078 1888 1164 1970 ὄντες
1185 1891 1308 1959 ἐκείνοι
1331 1895 1426 1958 vdes

278 1992 384 2058 ἳππων
407 1992 575 2077 ἐπιβάντες
599 2000 644 2073 εἰς
675 1994 782 2083 φνγῆν
816 1996 1026 2081 ε’ξωρμῆκασι.
1074 2000 1120 2081 μῆ
1141 1989 1243 2062 όντων
1266 1997 1306 2058 δὲ
1332 1997 1393 2060 ταῖν

275 2097 309 2158 δν
330 2093 450 2182 η’ποίριρ
474 2099 675 2182 στρατιωτῶν
703 2100 768 2163 κατ’
787 2091 864 2180 όψιν
891 2097 996 2162 αὐτῶν
1025 2101 1080 2163 καί
1099 2097 1300 2180 ὑπάντησιν,
1324 2098 1390 2160 δι’ἑ·

276 2216 379 2280 φονον
400 2193 456 2279 τῆν
478 2199 714 2281 πανωλεθρίαι.
770 2194 904 2282 ὕστερον
923 2200 953 2262 δ’
978 2200 1144 2284 ἐπιφανείς
1165 2196 1181 2261 ό
1203 2193 1388 2270 Ῥοοσέλιος

276 2292 337 2359 σόν
357 2298 399 2383 τῷ
422 2299 567 2385 προέδρῳ
588 2298 714 2387 Ἀλεξίῳ
736 2300 871 2378 ἐδίωξαν
889 2303 948 2380 μὲν
965 2301 1109 2386 κατόπιν,
1131 2296 1329 2382 βουλόμενοι
1352 2299 1385 2361 δὲ

276 2392 330 2460 τόν
353 2395 492 2479 διωγμόν
514 2399 665 2463 ἐπιτεῖναι
690 2398 745 2465 καί
764 2400 900 2476 πολλοὺς
931 2406 1053 2488 σφῆλαι
1075 2403 1140 2465 τοόν
1157 2399 1310 2465 ἐναντίων
1329 2399 1421 2462 ssa-2⁰

275 2503 540 2581 τιισεαεισμίνοος
570 2504 613 2588 τῷ
635 2501 726 2592 φόβῳ
754 2501 810 2568 καί
833 2504 1009 2589 φεόγοντας
1038 2504 1274 2586 α’μεταστρεπτί
1292 2495 1381 2585 παρό

265 2600 337 2664 ’τιόν
359 2595 450 2665 ίδίων
472 2600 822 2689 σίκείσηκοόοθησαν,
845 2601 998 2669 δεδιότων
1018 2602 1061 2668 τό
1076 2593 1284 2685 α’ποτὲλὲσμα.
1306 2600 1382 2666 ἔπι-

275 2721 333 2765 σον
355 2702 391 2766 δέ
406 2724 487 2779 τινες
509 2700 696 2779 Μακεδόνες
720 2707 753 2770 ἒν
778 2708 822 2792 τῷ
845 2703 970 2795 κόστριρ
992 2705 1079 2793 παρὰ
1100 2709 1161 2771 τοῖν
1177 2705 1268 2788 Teis,
1289 2696 1380 2770 ἄλλοι

346 2858 373 2911 3.
393 2857 646 2935 ζωογονοῦσανὉ.
694 2887 696 2891 ·
716 2905 720 2914 .

276 3003 409 3063 bellantes
435 3017 573 3062 verterent
599 3020 625 3064 et
649 3011 677 3064 in
708 3028 782 3064 snam
806 3029 911 3066 manum
937 3020 1140 3066 conservantem
1172 3021 1218 3066 ant
1239 3023 1374 3071 necantem

276 3091 368 3132 omnes
396 3087 519 3150 tanquam
544 3083 572 3134 in
600 3091 657 3134 rete
685 3085 856 3152 redigerent:
879 3094 960 3155 atque
986 3093 1043 3136 erat
1068 3085 1210 3138 consilium
1232 3088 1330 3146 lirmun
1344 3097 1372 3138 ct

198 3157 214 3217 Ἰ
275 3151 474 3216 imperatorium
502 3160 528 3203 et
547 3155 701 3207 venationis
720 3162 817 3220 tenax,
845 3166 981 3224 postremo
1008 3165 1095 3208 autem
1119 3172 1174 3208 non
1192 3167 1370 3212 conservatum

274 3222 407 3273 victoriae
425 3224 539 3288 perdidit
558 3225 727 3277 alimentum:
746 3216 944 3285 conveniebant
957 3230 1027 3280 enim
1045 3229 1073 3279 in
1088 3229 1200 3281 eundem
1212 3230 1303 3281 locum
1319 3240 1368 3281 tam

274 3292 378 3357 pedites
398 3301 424 3344 et
442 3292 547 3344 navalis
569 3298 718 3348 exercitus:
745 3301 884 3366 progressi
903 3308 991 3352 autem
1020 3309 1082 3351 ante
1101 3301 1193 3352 urbem
1213 3301 1309 3353 milites
1327 3303 1368 3369 qui

275 3369 401 3428 exparte
421 3365 537 3430 peditum
558 3374 642 3430 erant,
666 3375 693 3418 ct
713 3380 844 3438 vagantes
862 3372 924 3423 inde
943 3371 976 3423 ad
996 3371 1187 3438 speculandum
1210 3381 1239 3424 et
1257 3389 1367 3440 occupa.

273 3435 374 3485 tionem
393 3433 582 3488 nonnullorum
601 3437 785 3506 Macedonum,
812 3445 858 3510 qui
877 3443 959 3511 longe
979 3444 1006 3493 in
1026 3444 1098 3511 egris
1118 3444 1299 3510 versabantur,
1317 3444 1366 3495 illis

220 3551 222 3555 ,
274 3505 379 3572 quidem
400 3520 454 3556 non
473 3514 534 3557 suut
552 3510 631 3574 potiti
652 3518 678 3561 et
696 3511 853 3564 aberrarunt
870 3531 885 3566 a
903 3516 1042 3581 proposito
1062 3531 1123 3567 eum
1141 3515 1271 3583 Rarangis
1288 3524 1366 3567 antem

273 3589 328 3626 non
347 3586 543 3645 convenerunt,
560 3581 805 3650 quandoAthyrem
823 3587 945 3655 aggressi
963 3595 1033 3638 sunt.
1069 3594 1158 3637 tamen
1176 3587 1290 3655 Rarangi
1306 3603 1365 3654 por.

177 3651 182 3666 ‘
273 3656 313 3700 tas
324 3651 382 3700 eius
393 3649 567 3718 effringentes
586 3653 657 3706 intus
678 3656 841 3721 insilicrunt,
862 3664 889 3708 et
906 3659 983 3725 gravi
1001 3666 1151 3708 armaturae
1168 3659 1268 3725 impetu
1281 3660 1366 3709 etiam-

273 3727 327 3770 tum
346 3721 562 3788 maueBryennii
575 3723 674 3777 milites
687 3726 870 3779 debellarunt:
889 3729 933 3779 illi
945 3737 1042 3791 autem,
1058 3731 1172 3796 equites,
1183 3745 1267 3798 equos
1280 3746 1365 3782 assem

275 3791 368 3844 dentes
383 3795 411 3845 in
426 3794 516 3862 lugam
543 3811 573 3848 se
595 3799 784 3864 proiecerunt:
804 3815 864 3850 curn
876 3806 964 3850 antem
979 3815 1033 3850 non
1054 3808 1144 3851 esseut
1160 3803 1269 3864 milites,
1285 3803 1325 3870 qui
1341 3803 1365 3852 in

274 3865 424 3917 continenti
438 3873 513 3917 erant
525 3867 553 3918 in
562 3877 706 3933 conspectu
720 3885 813 3922 eorum
822 3885 910 3937 neque
924 3871 957 3922 iis
968 3871 1136 3936 obvenirent,
1146 3873 1364 3940 effugeruntsum-

273 3946 341 3982 mam
357 3935 474 3988 cladem':
491 3945 585 4004 postea
596 3946 684 3990 autem
694 3941 841 3992 adveniens
855 3941 982 3992 Ruseliue
992 3952 1052 3992 cnm
1070 3944 1193 4010 praeside
1204 3943 1298 4001 Alexio
1307 3959 1362 4011 per-

273 4005 359 4055 secuti
385 4015 445 4058 eunt
471 4024 517 4060 eos
540 4025 556 4061 n
582 4017 676 4078 tergos
702 4013 750 4064 sed
771 4029 829 4063 cum
854 4011 960 4064 vellent
984 4015 1199 4080 persecutionem
1219 4016 1363 4082 protendere

251 4074 301 4135 fet
318 4073 416 4127 multos
431 4087 602 4143 prosternere
622 4083 791 4136 adversarios
806 4099 952 4136 concussos
968 4093 1041 4137 metu
1061 4094 1089 4137 et
1103 4086 1238 4154 fugientes
1253 4089 1365 4150 irretotto

273 4144 364 4210 oculo,
383 4160 400 4196 a
419 4149 474 4198 suis
492 4164 547 4202 non
567 4154 684 4205 exauditi
703 4161 766 4209 sunt
781 4154 963 4207 metuentibus
988 4158 1096 4210 exitum.
1119 4159 1276 4211 ceciderunt
1288 4167 1362 4209 κοιιοι

231 4251 234 4255 ,
271 4217 399 4273 nonnulli
415 4217 574 4275 Macedones
592 4225 621 4276 in
641 4226 756 4279 castello
777 4241 811 4280 ex
827 4226 951 4295 uesicis,
978 4228 1027 4280 alii
1045 4230 1104 4291 vivi
1122 4230 1193 4298 eapti
1210 4239 1281 4298 sant
1295 4228 1360 4286 sini-
