3017 4892
488 363 500 372 -
582 316 791 390 nunonis.
1162 313 1233 388 εει
1266 299 1271 308 ’

120 494 164 560 ἓν
186 488 380 580 φιλοσόφοις
393 486 436 563 σός
458 481 750 571 όπερανοιβαίνσντοι
771 483 811 549 τό
834 485 1000 568 προσεχοῦς
1021 471 1244 566 καθορώμενοι,

122 596 193 660 κατ’
219 591 272 656 τόν
291 586 487 655 διαλεκτικόν
508 581 556 650 ότι
576 587 776 669 διαιρετικῶς
802 588 965 669 ἐπιβάλλει
992 591 1059 659 τοῖς
1079 579 1248 666 πράγμασι

122 693 194 759 καί
225 689 260 757 τό
292 691 475 776 πρόσφορον
506 688 656 768 duisino
684 687 721 773 τῇ
753 690 816 752 τῶν
853 686 1068 768 ὑποκειμένων
1095 681 1248 770 σανοασίρ

124 789 353 879 πραγμάτων,
383 793 439 852 καί
469 785 520 854 τόν
549 783 737 872 ἡνιοχοῦντα
770 791 804 854 ε’ν
831 787 971 864 ἱππικοῖς
1007 778 1055 850 ότι
1086 780 1248 865 τεσσάρων

94 896 246 969 sireneos
263 892 427 975 ἡνιοχείαν
440 894 496 954 καί
516 890 760 972 διακνβέρνησιν
772 884 1003 969 άποδεόκνοσιν,
1023 886 1077 952 καί
1094 883 1149 949 τόν
1170 885 1248 967 δρο-

127 1000 202 1078 μέα
228 993 281 1058 διά
305 990 340 1056 τό
364 993 473 1082 τάχος.
506 992 560 1054 καί
580 987 636 1054 τόν
657 988 753 1072 άργόν
775 995 830 1075 τῆς
851 989 966 1074 α’ργίας
987 990 1167 1072 ονμπαθῶς
1186 1009 1247 1050 κα-

130 1097 331 1183 sparsisse,
354 1097 407 1158 καί
437 1096 492 1176 τῆς
512 1088 702 1174 εόεργεσιάς·
729 1093 787 1154 cdx
810 1092 968 1155 ἐδείκνυεν
983 1082 1126 1172 δίμοιρον.
1166 1084 1246 1154 εἴποι

131 1222 168 1260 τι
190 1198 323 1276 μεῖζονς
345 1193 511 1276 καὶμέχρι
532 1191 703 1274 βαναύσων
716 1195 835 1274 τεχνῶν
856 1189 915 1275 την
930 1185 1142 1276 άγαθοεργίαν
1163 1187 1248 1275 ἔφη’-

132 1303 284 1377 πλωσεν,
317 1289 368 1360 ότι
395 1298 532 1360 κάκεῖνοι
561 1294 599 1380 τῇ
621 1297 764 1384 πολιτείην
789 1296 844 1358 καί
874 1300 939 1367 τοῖς
969 1289 1152 1376 ἀνθρώποις
1173 1292 1247 1356 δια-

85 1423 123 1476 10
134 1398 268 1462 κονοῦσι
291 1394 329 1460 τά
350 1395 505 1480 χρήσιμα.
549 1399 603 1460 καὶ
624 1395 731 1472 όπλῶς
761 1396 845 1459 θεία
861 1419 909 1471 τις
932 1395 965 1457 όν
985 1395 1066 1482 τῶδε
1087 1395 1130 1478 τῷ
1150 1396 1247 1474 βασι·
1276 1395 1285 1412 '

133 1503 192 1562 λεί
218 1489 400 1584 περιηχεῐτσ
428 1499 574 1580 ἐπίβασις
595 1499 651 1560 καί
677 1496 769 1579 λόγον
791 1495 992 1579 όνθρῶπινον
1019 1496 1138 1558 νικῶσα
1166 1515 1247 1576 προ-

133 1596 273 1684 μηθεια.

245 1697 362 1779 Οἴομαι
385 1699 420 1761 δὲ
450 1695 493 1772 οός
517 1699 598 1773 τινὲς
620 1700 683 1761 τῶν
711 1697 872 1783 ἀκροατῶν
900 1697 1041 1785 λογισμῷ
1061 1697 1124 1760 τινί
1146 1718 1246 1780 προσ·

137 1796 363 1878 παλαίσοασιν,
384 1799 640 1880 ε’γκοομιαστικῶς
660 1801 767 1862 ταῦτα
780 1801 836 1862 καί
847 1795 894 1882 μὴ
916 1800 1147 1882 διηγηματικῶς
1167 1821 1248 1882 σογ-

95 1925 129 1978 15
138 1899 309 1982 γραφῆναί
318 1920 385 1980 μοι,
402 1897 517 1986 εόνοίρ
534 1900 630 1982 δῆθεν
650 1902 688 1986 τῇ
705 1896 783 1981 πρός
803 1895 857 1962 τόν
870 1903 1044 1982 κρατοῦντα
1064 1897 1247 1964 δονλεόοντι

141 1998 258 2068 καθότι
277 2001 336 2063 καί
353 2007 419 2075 τοῖς
439 1993 546 2074 ἄλλοις
564 2002 734 2081 βασιλεῦσι
752 1996 786 2065 τό
809 2001 903 2081 τιμάν
924 1999 979 2065 καί
999 2001 1135 2084 δωρεαῖς
1153 1998 1248 2080 ἆμεί-

141 2104 260 2182 βεσθαι
281 2100 337 2184 τὴν
359 2103 423 2166 τῶν
442 2096 590 2186 όπηκόων
609 2105 714 2166 πίστιν
735 2103 937 2185 περιεγίνετο.
981 2103 1012 2166 at’
1028 2105 1119 2166 τοῦτο
1140 2102 1176 2165 δὲ
1193 2104 1247 2166 ἐν·

142 2200 302 2282 νοήσαιεν,
324 2201 382 2266 oria
413 2196 451 2265 όν
481 2204 680 2285 διανοηθεῖεν
707 2205 818 2276 καλῶς.
868 2200 902 2267 τό
923 2204 984 2283 μὲν
1013 2199 1074 2286 γάρ
1097 2204 1153 2266 καί
1173 2199 1247 2278 νοός

140 2300 252 2386 προόην
273 2304 525 2385 βασιλεύσαντας
541 2305 662 2368 nivosis
677 2311 742 2378 τοῖς
758 2302 905 2388 όπηκόοις
920 2300 974 2367 κατ’
986 2306 1138 2386 παρέχειν
1151 2304 1247 2385 arisp-

99 2404 248 2492 ηηγεσόᾳς
276 2405 346 2468 ον’δ’
380 2402 479 2482 ον’τός
501 2405 735 2486 α’παναίνομαι,
766 2408 822 2468 καί
848 2402 1015 2484 πολλάκις,
1049 2404 1083 2468 όν
1105 2395 1151 2479 οἷς
1173 2402 1249 2488 περὶ

144 2506 249 2570 αότῶν
269 2508 430 2590 γέγραφα,
455 2505 514 2588 τὴν
537 2504 663 2591 μνήμην
676 2508 730 2589 τῆς
754 2507 859 2571 αότῶν
878 2509 1066 2589 περιέλαβον
1090 2501 1244 2587 πράξεως·

143 2601 176 2667 τό
201 2607 228 2668 δ’
252 2607 306 2670 ε’πό
325 2608 369 2693 τῶ
383 2604 583 2693 ’Βοτανειάτη
612 2603 646 2670 ἐν
666 2613 734 2681 ταῖς
758 2612 866 2686 τιμαῖς
888 2607 952 2691 ,καί
969 2613 1033 2678 τοῖς
1055 2607 1119 2669 τῶν
1138 2606 1246 2688 δωρη-

216 2783 258 2836 15.
277 2781 446 2840 δουλεύοντα
464 2781 495 2838 G.

125 2971 129 2974 ·
149 2948 253 3004 stultum
272 2956 302 3002 ut
320 2955 457 3016 expertem
473 2947 628 3002 meliorum:
647 2949 805 3018 prudentem
819 2947 947 3003 efferebat
961 2957 992 3003 ut
1010 2947 1118 3002 consilii
1137 2955 1245 3016 specta-

150 3021 504 3086 tissimuminstrumentum
525 3029 552 3073 ct
570 3028 749 3075 astronomum
774 3022 844 3073 inter
867 3020 1044 3089 philosophos
1061 3028 1091 3072 ut
1110 3020 1246 3072 exceden.

151 3101 199 3145 tem
221 3107 288 3160 quac
306 3107 391 3160 prope
410 3101 556 3160 apparent,
583 3100 610 3145 et
628 3094 817 3158 dialecticum,
840 3093 901 3161 quia
928 3092 1072 3145 dividendo
1091 3091 1246 3160 aggreditur

151 3179 192 3216 rcs
211 3172 236 3216 et
254 3165 479 3217 accommodatum
497 3167 590 3218 tribuit
606 3167 733 3234 potestati
753 3165 1004 3232 comprehensarum
1023 3178 1122 3235 rerum,
1140 3170 1168 3214 et
1185 3176 1245 3212 mo.

151 3237 294 3288 deratorem
314 3251 458 3304 equorum,
485 3240 547 3306 quia,
566 3246 690 3306 quattuor
715 3252 844 3306 equorum
871 3236 1079 3289 moderationem
1100 3242 1126 3286 et
1143 3233 1246 3302 guber.
1288 3263 1293 3271 -

151 3309 279 3360 nationem
302 3309 433 3373 ostendit,
460 3315 645 3376 e't,cursorcm
669 3318 781 3378 propter
807 3309 995 3374 celeritatem,
1023 3316 1103 3376 atque
1128 3306 1245 3359 desidem

153 3385 255 3444 propter
274 3379 401 3430 desidiam
419 3382 603 3434 misericordia
626 3381 804 3434 miserabatur
831 3396 919 3450 neque
944 3380 1070 3433 beneficii
1088 3376 1246 3430 ostendebat

155 3455 291 3513 expertem.
330 3450 415 3500 dicam
435 3453 497 3518 quid
514 3455 614 3504 maius:
647 3455 725 3505 etiam
743 3454 878 3520 usquead
898 3468 1021 3505 manuum
1040 3449 1245 3518 operabencli-

154 3518 272 3568 cientiam
292 3519 419 3584 extendit,
439 3522 502 3586 quia
521 3524 599 3578 etiam
619 3523 661 3574 illi
681 3525 785 3575 civitati
814 3531 841 3573 et
859 3524 1010 3576 bominibus
1028 3528 1141 3575 tractant
1157 3519 1243 3571 utilia.

155 3597 228 3656 atqua
246 3591 354 3640 omnino
374 3591 465 3642 divina
484 3593 611 3658 quaedam
630 3593 658 3644 in
677 3593 729 3644 hoo
747 3607 814 3659 τερα
834 3594 946 3646 sonabat
965 3595 1046 3646 elatio
1069 3601 1097 3644 et
1113 3592 1244 3642 rationem

154 3659 279 3711 hominum
298 3675 427 3727 superans
446 3661 597 3714 consilium.

244 3745 311 3799 Puto
330 3756 427 3813 autem,
448 3749 506 3800 iore
524 3757 553 3801 ut
571 3750 694 3802 nonnulli
709 3751 827 3804 lectores
844 3751 1049 3804 ratiocinatione
1069 3753 1180 3820 quadam
1198 3768 1245 3804 re-

154 3818 287 3882 luctentur,
307 3820 467 3871 laudationis
487 3822 564 3872 modo
589 3818 658 3873 haec
683 3839 772 3891 neque
789 3825 950 3876 narrationis
978 3825 1130 3890 conscripta
1149 3838 1244 3876 essen

154 3905 198 3954 mc,
214 3890 422 3942 benevolentiae
442 3892 548 3943 scilicet
575 3895 844 3961 ergarimperatorem
869 3896 1055 3959 inservientia,
1075 3897 1145 3963 quod
1165 3897 1242 3946 etiam

155 3963 241 4014 ceteris
265 3961 372 4030 regibus
400 3977 494 4014 ornare
522 3973 549 4015 ct
574 3966 650 4016 donis
676 3975 777 4017 mutare
804 3967 983 4018 subiectorum
1013 3967 1090 4019 fidem
1119 3968 1241 4019 usitatum
1257 4003 1269 4012 .

155 4034 238 4084 locuit:
263 4035 309 4085 sed
337 4034 359 4084 si
385 4033 436 4086 hoc
456 4036 627 4105 cogitabunt,
655 4039 768 4090 lortasse
801 4053 854 4088 uon
880 4046 954 4090 recte
982 4040 1113 4090 sentient:
1143 4040 1242 4090 etenim

156 4106 222 4156 etiam
241 4105 395 4172 superiores
415 4121 495 4175 reges
509 4108 609 4160 favisse
624 4109 752 4160 subiectis
768 4117 795 4160 et
806 4110 962 4176 praebuisse
978 4110 1111 4162 beneficia
1128 4127 1163 4162 ne
1181 4113 1240 4175 ipse

156 4177 246 4244 quidem
266 4177 363 4229 indtias
383 4193 432 4230 eos
452 4184 540 4252 atque.
551 4195 632 4247 saepe
651 4182 678 4231 in
697 4181 740 4246 iis,
763 4195 832 4250 quac
844 4182 878 4233 de
897 4181 938 4234 his
957 4183 1062 4249 scripsi,
1079 4182 1241 4233 mentionem

156 4261 233 4302 coruus
253 4250 307 4306 leci
326 4250 458 4305 actionis:
484 4249 641 4305 Bouniatae
668 4259 755 4307 autem
774 4253 802 4306 in
828 4253 973 4310 bonoribus
992 4261 1019 4306 et
1038 4254 1165 4306 donorum
1183 4251 1240 4304 lar.
