3017 4892
627 309 849 385 memmi:
1049 403 1054 406 ,
1195 306 1279 422 ooo
1314 373 1315 381 ι

177 474 278 560 ούσης
298 480 344 553 εἰς
365 478 522 563 ἐπαρχίαν
556 482 753 563 προσρυέντα
773 481 835 545 τινί
864 476 1046 561 α’ντάραντι,
1067 476 1123 541 καί
1143 473 1211 543 τότε
1228 470 1280 540 ὅτε

175 579 262 661 μηδὲ
284 581 436 660 ’πολέμιοι
471 578 527 663 τὴν
557 582 663 644 πᾶσαν
695 579 805 664 χάραν
835 587 980 662 κατεῖχον
1010 579 1064 641 καί
1094 583 1162 653 ταῖς
1193 574 1279 650 itote

177 678 322 753 άπάσαις
343 678 530 765 ἐφήδρευον,
547 683 667 761 μᾶλλον
683 682 718 745 δὲ
742 674 798 744 εἶπ’
819 683 945 744 ἐκείνων
966 682 1011 755 εἰς
1025 676 1099 755 τούς
1119 674 1201 742 κατά
1223 674 1279 759 την

176 779 331 861 βασιλίδα
351 782 545 863 κρατοῦντας
565 778 701 856 πολλοὺς
724 782 915 865 εἶσρέονιος,
957 783 1013 844 νῦν
1034 781 1069 844 δὲ
1092 770 1159 845 δι’νον
1181 802 1280 843 πατα-

149 882 238 961 5μοί
256 877 292 944 τά
312 883 444 964 πρᾶγμα
466 878 637 967 κεχώρηκε.
661 884 719 946 τοῦ
741 880 839 965 χάριν
847 908 858 962 ,·
880 875 928 945 δτι
948 877 1023 955 τούς
1043 882 1103 961 μὲν
1123 882 1280 960 κρατοῦν-

177 1003 235 1055 τας
255 976 430 1065 τυράννους
460 978 555 1063 ἔγνων
585 977 614 1044 οἱ
649 973 813 1065 ἄνθρωποι
843 980 898 1044 καί
929 980 1046 1055 οἷδίκως
1074 977 1129 1043 καί
1149 978 1279 1065 άφελοιῖς

158 1071 235 1162 δην
255 1084 421 1161 βασιλείαν
443 1079 631 1165 ι’δάνοντας,
651 1078 705 1146 τὸν
738 1084 766 1145 δ’
800 1080 887 1157 ε’κτὸς
919 1080 1017 1169 ἀρετῇ
1046 1080 1276 1161 διαλάμποντα,

178 1182 234 1243 καί
253 1179 389 1270 α’ληδείρι
419 1180 473 1273 καί
500 1179 655 1267 πραότητι
676 1180 731 1246 καί
759 1173 940 1270 δικαιοσύνη
970 1180 1402 1263 xurunooptodpaesur‚i.219r.

104 1272 111 1286 “
177 1280 233 1345 καί
255 1278 363 1345 ἱκανδν
392 1282 556 1365 βασιλείας
576 1285 688 1365 κράτος
716 1282 750 1349 ἒν
771 1292 894 1367 καιροῖς
922 1281 1102 1366 α’νοομάλοις
1123 1284 1278 1368 α’σφαλοάς

130 1393 167 1447 10
177 1382 439 1465 διακυβερνῆσαι,
458 1384 569 1468 κράτος
593 1388 633 1471 τῇ
653 1385 716 1450 τοῖν
738 1386 935 1469 κρατούντων
948 1389 1093 1472 κακονοίρι
1113 1380 1193 1467 πρὸς
1213 1374 1277 1447 ὅλο-

176 1486 258 1546 oue
282 1482 323 1544 ου’
348 1480 464 1567 μικρὸν
495 1486 549 1547 καί
576 1483 742 1565 βάραθρον
776 1484 935 1557 α’ποιλείας
963 1476 1025 1566 ἤδη
1054 1481 1280 1547 συννεῦονιιοιί

176 1578 420 1663 ον’νονδοάμεναν.Ι
454 1589 516 1648 τοῦν
536 1586 642 1648 τοίνυν
665 1584 844 1665 ἀνθρώπων
873 1577 971 1658 οὕτως
992 1579 1132 1665 ἑχόντων
1153 1579 1279 1666 γνάμης

178 1683 234 1747 καί
253 1688 486 1765 προαιρέσεως,
507 1687 784 1770 συνεπιψηφίζετο
805 1683 860 1748 καί
888 1680 965 1759 θεάς
986 1676 1125 1765 ἄνωθεν,
1148 1684 1204 1748 καί
1223 1685 1286 1747 δε·-

179 1784 231 1860 ξιά
252 1782 356 1846 πάντα
380 1783 480 1872 τούτῳ
502 1784 558 1849 καί
576 1783 706 1869 πρὸτῆς
728 1786 897 1870 ἐπιδημίας
911 1785 1086 1867 θαυμαστά
1108 1788 1278 1862 διετίθετο,

135 1894 168 1947 15
179 1880 222 1956 οδς
251 1883 306 1947 καί
337 1877 434 1966 αδτην
463 1881 519 1968 τήν
548 1887 669 1968 μητέρα
698 1887 752 1948 καί
774 1885 850 1962 τους
876 1893 1035 1969 συγγενεῖς
1058 1878 1201 1960 ἅπαντας
1221 1886 1279 1949 τοῦ

178 1986 365 2065 κρατοῦντος
387 1980 492 2072 ἐκείνῳ
513 1982 570 2067 τὴν
592 1990 761 2067 βασιλείαν
781 1983 957 2070 ἐπιτρέπειν
973 1982 1277 2069 συγκατατιδεσδοιι,

178 2085 235 2146 καί
256 2085 495 2166 διαπέμπεσθαι
525 2084 605 2169 πρὸς
637 2082 759 2167 αιίτάν,
788 2090 843 2151 καί
863 2084 902 2151 τά
928 2083 1120 2173 ἑπιβατήρια
1141 2086 1277 2168 ψάλλειν

179 2182 266 2269 αὐτῷ
286 2187 340 2249 καί
363 2188 522 2251 διαδονιῖν
543 2182 622 2267 μετά
644 2190 701 2271 τῆς
723 2191 834 2269 λοιπῆς
855 2190 917 2252 τοῖν
930 2186 1292 2271 πολιτῶνὸμηγιίροοος.’

177 2284 212 2348 τὸ
238 2286 273 2348 δὲ
295 2282 333 2366 δη
360 2294 499 2369 κρεῖττον
524 2287 577 2353 καί
598 2286 691 2371 λόγου
714 2286 833 2360 παντὸς
855 2283 1050 2371 ὑψηλότερον
1079 2282 1102 2371 ἢ
1128 2279 1276 2371 παραδο-
1300 2309 1306 2318 ·

85 2392 90 2403 ’
134 2388 312 2468 λθξὸτερον,
335 2380 383 2451 ὅτι
406 2412 463 2473 περ
489 2387 518 2453 οἱ
543 2393 690 2474 Τοῦρκοι,
712 2392 766 2471 τῆς
789 2380 943 2471 ἀνατολῆς
962 2388 1064 2474 πάσης
1082 2388 1276 2475 κυριεύσαν-

152 2510 225 2583 ιτις
247 2479 330 2571 ἤδη,
351 2497 416 2565 τοῖς
450 2490 665 2573 αὐτομολοῦσι
694 2488 775 2573 πρὸς
802 2488 859 2553 τὸν
888 2495 1100 2575 Βοτανειάτην
1129 2490 1274 2564 πολίταις

177 2580 243 2666 ἅμα
265 2591 320 2651 καί
341 2591 499 2674 α’γροίκοις
523 2589 670 2673 ἐμποδών
690 2591 730 2654 ον’
751 2589 958 2655 notiorem·
1005 2587 1088 2653 α’λλά
1111 2594 1193 2666 τινὲς
1214 2590 1274 2670 μδν

246 2754 273 2809 4.
294 2759 416 2829 ποταμῷ
434 2758 463 2811 G.
552 2790 555 2797 ·

178 2934 236 2984 res,
256 2930 396 2992 antequam
423 2921 493 2974 iactu
518 2930 573 2987 est,
598 2934 655 2974 uon·
682 2921 857 2975 credebatur:
887 2922 1002 2975 nondum
1020 2922 1097 2993 ‘enim
1123 2930 1273 2991 quenquam

178 2993 314 3060 quisquam
333 2994 437 3045 viderat
457 3010 489 3045 ex
507 2994 574 3047 urhe
597 2994 809 3061 iulproviuciam
837 2993 989 3045 affluentem
1014 2993 1095 3045 alicui
1114 2994 1273 3046 seditionem

177 3067 311 3116 moventi:
337 3073 416 3133 atquc
445 3074 514 3130 tum,
534 3082 593 3117 cum
619 3080 654 3117 ue
675 3066 765 3118 hostes
784 3067 889 3134 quidem
915 3079 1018 3115 omnem
1035 3073 1132 3116 terram
1149 3071 1274 3117 tenerent

178 3143 204 3185 et
220 3136 273 3187 riis
303 3138 423 3188 omnibus
449 3140 613 3202 insiderent,
641 3139 726 3205 magis
755 3138 788 3188 ab
815 3137 870 3189 illis
902 3138 934 3189 ad
954 3136 1119 3187 dominantes
1134 3136 1162 3186 iu
1180 3136 1274 3187 urbem
1300 3138 1308 3145 '

176 3206 270 3259 multos
294 3208 451 3262 effluentes:
470 3226 540 3261 nunc
566 3218 653 3262 autem
672 3210 785 3261 adverso
811 3209 918 3261 flumine
946 3223 989 3258 res
1007 3208 1129 3259 recessit.
1167 3204 1273 3275 quare?

177 3280 236 3345 quia
255 3280 415 3345 imperantes
431 3289 558 3347 tyrannos
574 3298 633 3334 esse
647 3289 831 3349 cognoverant
849 3281 970 3333 homiues
985 3287 1012 3331 et
1028 3279 1126 3330 iniuste
1146 3287 1173 3330 et
1192 3293 1273 3346 parce

175 3365 284 3416 regnum
303 3352 461 3417 gubernare,
483 3346 541 3404 edm
559 3362 655 3417 autem,
679 3354 725 3421 qui
745 3355 910 3405 extrinsecus
931 3359 996 3414 erat,
1015 3352 1115 3402 virtute
1131 3351 1225 3402 lucere
1245 3357 1272 3400 et

109 3442 115 3453 ·
176 3422 288 3470 veritate
308 3429 335 3472 et
356 3422 497 3475 clementia
523 3432 550 3475 et
566 3426 666 3476 iustitia
684 3433 803 3477 ornatum
831 3440 892 3477 esse
920 3431 947 3475 et
965 3430 1053 3490 aptum
1072 3422 1104 3473 ad
1122 3423 1200 3491 regni
1219 3434 1271 3487 po.

176 3490 282 3555 tentiam
302 3499 459 3557 tempestate
483 3496 585 3545 incerta
610 3503 666 3545 tuto
685 3496 896 3562 gubemandam‚
922 3495 1067 3561 potentiam
1085 3494 1272 3559 imperantium

176 3559 358 3625 imprudentia*
370 3562 403 3612 ad
420 3563 569 3628 perieulum
586 3579 640 3613 nou
665 3580 776 3630 parvum
795 3574 821 3615 et
839 3568 996 3632 voraginem
1019 3567 1138 3617 iacturae
1155 3565 1208 3615 iam
1226 3564 1271 3613 in-

90 3651 93 3655 ·
177 3628 268 3681 flexam
289 3640 315 3683 et
332 3646 459 3698 pressam.
498 3648 556 3683 cum
575 3635 656 3699 igitur
676 3634 797 3685 homines
825 3635 893 3685 benc
918 3635 1047 3686 baberent
1064 3637 1224 3687 sententiam
1243 3641 1270 3683 et

176 3700 349 3765 voluntatem,
367 3718 502 3754 assensum
514 3703 591 3754 dabat
608 3704 685 3754 etiam
701 3705 767 3756 deus
779 3718 895 3770 superne
909 3713 936 3756 et
952 3705 1147 3756 dextraomnia
1168 3704 1231 3755 huic
1243 3710 1272 3754 et

177 3780 235 3823 ante
253 3773 396 3825 adventum
415 3774 579 3827 admirabilia
594 3775 782 3840 constituebat,
808 3776 846 3826 ita
859 3783 889 3826 ut
902 3775 997 3841 etipsa
1015 3784 1098 3826 mator
1117 3783 1145 3826 et
1163 3774 1271 3842 cognati

177 3858 266 3897 omnes
276 3846 431 3911 imperantis
440 3845 483 3897 illi
496 3860 607 3914 regnum
618 3846 760 3899 advertere
774 3848 961 3910 convenirent,
980 3848 1122 3899 etuuntios
1134 3847 1270 3897 mitterent
1354 3905 1360 3917 ,

177 3914 206 3965 ad
225 3931 283 3967 eum
297 3924 324 3967 et
340 3917 469 3969 adventus
483 3919 598 3970 earmina
612 3917 706 3970 fidibus
719 3927 846 3985 canerent
860 3920 885 3968 ei
897 3926 924 3969 et
936 3926 1076 3985 creparent
1092 3934 1150 3969 cum
1162 3916 1268 3986 reliquo

176 3987 272 4037 civium
290 3996 433 4039 contentu.
452 3990 536 4040 maius
555 3998 642 4041 autem
662 3998 718 4042 erat
737 3999 764 4041 et
782 4004 905 4042 sermone
932 3991 1002 4040 omni
1021 3988 1101 4041 altius
1119 3988 1166 4042 vsi
1184 3990 1268 4057 magis

176 4058 393 4126 inexspectatum,
408 4060 478 4127 quod
487 4060 586 4113 Turcae
604 4062 715 4114 orientis
729 4064 814 4113 omnis
826 4062 925 4113 domini
938 4062 989 4114 iam
1002 4060 1065 4113 iacti
1084 4060 1268 4127 transfugien-

175 4130 242 4183 tibus
262 4133 294 4183 ad
314 4132 475 4184 Botaniateu
493 4132 596 4185 civibus
616 4132 693 4185 simul
714 4141 740 4184 et
757 4131 885 4201 agricolis
903 4133 1095 4200 impedimento,
1109 4148 1164 4185 non
1183 4138 1266 4195 erant,

123 4216 126 4222 ·
175 4204 218 4256 ted
234 4203 359 4257 nonnulli
378 4204 468 4259 divina
488 4204 516 4257 vi
536 4204 627 4258 hostes
645 4204 784 4272 latebant,
809 4204 902 4272 plures
925 4212 1012 4260 autem
1033 4204 1186 4259 incidebant
1203 4201 1267 4271 qui.
