3017 4892
257 266 329 341 toa
547 227 1058 335 urcnanuts'armnomn

255 459 309 500 και
303 432 400 499 λίαν
421 428 622 518 οἷπρόσβατον
645 428 700 494 διό
724 427 782 513 τὴν
805 430 868 494 τοῖν
888 430 1062 511 γενομένων
1083 430 1187 514 α’πηνη
1174 430 1405 527 eaodem·
1448 448 1490 527 ης

255 534 387 620 πότητα.

346 628 489 700 ”Hierone
511 636 571 717 μὲν
593 625 647 698 οὖν
669 657 684 695 ο
676 628 912 715 βασιλευς
880 658 895 698 ε
935 624 1018 707 ἓιόας
1038 627 1118 713 πρός
1139 657 1197 716 την
1220 629 1388 717 ἑσπέραν

253 741 353 823 μέχρι
374 737 559 811 Κολωνείας
580 735 695 818 αὐτῆς·
741 732 821 798 ἐπὰν
834 734 877 814 ,δὲ
898 736 1018 816 γένοιτο
1041 731 1129 807 ε’ντός
1150 738 1210 797 τοῦ
1231 739 1386 799 Μελισ-

256 837 426 925 σοπετρίυυ
449 835 601 922 (κόστρον
622 838 658 900 δὲ
681 836 772 899 τοῦτο
804 836 860 899 εἰιί
877 856 959 942 τινος
981 830 1081 951 λόφου
1103 837 1277 924 κείμενον),
1305 830 1412 921 ἦρι-5

257 945 352 1019 ξαντο
371 940 473 1028 τοότρι
494 944 699 1022 προοομιλειν
730 962 770 1001 τα
761 934 888 1000 δεινό.
933 933 1032 1019 όγόρ
1066 932 1247 1023 σύμβουλος
1274 937 1384 1027 αὐτῷ

255 1068 310 1109 και
330 1044 442 1125 πρῶτα
464 1045 502 1161 τη
518 1045 698 1127 στρατηγίᾳ
718 1039 854 1113 Παῦλος
884 1032 1093 1121 πρόεδρος,“
1075 1059 1110 1101 ον
1133 1033 1196 1099 α’πό
1218 1040 1282 1101 τοῦ
1302 1062 1380 1102 ιτα-

255 1144 436 1212 τειιανικίου
463 1146 517 1226 τῆς
542 1142 687 1225 Ἐδέσσης
716 1134 1007 1221 μεταπεμψάμενος
1038 1134 1280 1217 όβασιλέός’
1263 1164 1300 1203 εν
1324 1142 1379 1229 τῷ

255 1244 336 1329 πρὸς
359 1248 492 1328 Πέρσας
513 1238 655 1307 ἐλαύνειν
683 1264 777 1325 ευρεν
796 1240 830 1303 ἐν
856 1232 1119 1328 Θεοδοσιουπόλει
1150 1238 1377 1321 σχεδιόζοντα

257 1346 316 1431 τήν
336 1348 455 1429 ταύτης
475 1341 581 1429 α’ρχην
604 1339 656 1405 διό
686 1338 721 1406 τό
745 1341 799 1419 τόν
822 1343 921 1405 dodae
949 1342 1179 1424 προαλοοθῆναι
1200 1340 1282 1419 μετὰ
1297 1344 1377 1403 Ἰτοῦ
1388 1364 1422 1417 10

255 1451 426 1531 βασιλέως,
447 1444 503 1508 καί
522 1441 635 1509 πιόντα·
648 1440 750 1508 ἐδόκει
773 1442 861 1528 adro?
889 1442 1125 1527 συναιρόμενον,
1144 1438 1268 1525 νόκτιορ
1289 1443 1374 1507 δια.

186 1592 189 1597 ·
256 1546 335 1631 δρός
354 1543 411 1630 την
432 1545 585 1626 βασιλίδα
605 1545 770 1627 κατέλαβε,
799 1539 917 1623 μαδιόν
938 1539 977 1607 τό
997 1543 1190 1627 γεγενημένα
1210 1550 1281 1606 κατ’
1301 1542 1400 1607 ατί-ι

255 1646 311 1730 την
332 1648 388 1712 καί
405 1646 462 1731 τὴν
483 1647 537 1730 της
551 1640 742 1728 Λόγοόστης
765 1642 960 1727 προαίρεσιν.
984 1637 1067 1726 αότη
1092 1639 1152 1727 γόρ
1178 1642 1372 1726 ἀπογνοῦσα

200 1731 207 1736 ⁵
256 1745 314 1833 την
335 1749 392 1811 rori
407 1748 565 1829 βασιλέως
579 1743 735 1810 ἀπόλυσιν
751 1747 980 1825 μετεπέμψατο
992 1746 1052 1823 μὲν
1068 1746 1123 1809 καί
1137 1740 1191 1808 τόν
1202 1744 1258 1807 τοῦ
1273 1741 1372 1825 προό-

256 1874 312 1917 τυυ
329 1847 444 1933 α’νδρός
459 1844 514 1910 καί
529 1848 687 1928 βασιλέως
707 1844 868 1927 ὁμαίμονα
881 1836 1035 1929 Ἰωάννην·
1047 1840 1101 1909 τόν
1113 1844 1268 1927 Καίσαρα
1280 1846 1369 1927 μετό
1380 1865 1412 1917 15

257 1947 316 2013 δόο
349 1947 452 2013 αδτοό
473 1943 572 2026 υἱοῖν,
594 1936 639 2009 ὧν
663 1940 680 2005 ό
709 1936 754 2021 εἷς
781 1942 1013 2027 δἈνδρόνικος
1036 1948 1148 2029 νέηλυς
1178 1938 1217 2028 ἦν
1243 1950 1279 2012 εἰι
1310 1950 1370 2029 τῆς

256 2050 410 2135 στρατιᾶς
437 2046 627 2129 καταλαβών
654 2047 687 2109 έν
720 2050 822 2133 φυγῇ,
860 2046 1058 2128 διεπέμψατο
1088 2048 1122 2109 δὲ
1147 2050 1203 2111 καί
1221 2046 1369 2129 δόγματα

256 2148 337 2233 πρός
370 2146 473 2221 πόσας
502 2146 560 2221 τός
579 2143 754 2231 ἐπαρχίας,
779 2144 823 2231 μη
854 2140 936 2221 όλοος
962 2145 1140 2230 α’παντησαι
1165 2148 1208 2235 sp}
1229 2150 1367 2234 Διογένη

256 2246 490 2330 διαταττόμενα
502 2246 557 2312 καί
567 2243 624 2330 την
634 2246 802 2333 βασιλικὴν
812 2244 914 2336 τοότριΙ
924 2244 1137 2333 προσκύνησιν
1148 2256 1367 2333 προσενεγκεῖν

156 2347 160 2354 ’
256 2353 312 2415 καί
333 2346 438 2432 τιμήν.
470 2346 551 2413 dard
574 2352 632 2413 τοῦ
644 2347 811 2432 Καίσαρος
833 2348 985 2425 εἰσιόντος
1005 2346 1087 2428 μετόι
1110 2349 1172 2413 τῶν
1189 2347 1246 2411 δόο
1268 2344 1406 2435 vidonem

256 2451 313 2514 καί
332 2452 370 2539 τῇ
390 2451 534 2533 βασιλίδι
550 2448 782 2535 προσμίξαντος
808 2451 842 2515 έν
869 2451 912 2537 τῷ
932 2449 1084 2539 παλατίηι,
1107 2454 1364 2537 μεταστρέφεται
1489 2452 1490 2525 i

178 2573 180 2583 ·
256 2554 323 2619 κατ’
353 2552 448 2635 αὐτῆς
477 2551 496 2634 ἦ
529 2549 630 2635 βουλή
651 2558 707 2636 τῆς
737 2554 792 2617 τοῦ
816 2549 933 2637 α’νδρός
963 2551 1184 2637 ιίποκηρόξεσος
1205 2552 1261 2627 καί
1283 2548 1363 2615 διοό-
1489 2562 1490 2569 ’

179 2642 187 2646 ’
257 2657 343 2731 ξεοος.
387 2652 437 2718 διό
459 2658 513 2720 καί
531 2652 585 2718 τόν
616 2657 677 2735 μὲν
707 2656 835 2739 πρῶτον
867 2650 938 2717 υἱόν
971 2654 1090 2737 αὐτῆς,
1114 2648 1150 2717 όν
1173 2657 1207 2718 έιι
1227 2656 1282 2738 τῆς
1304 2656 1361 2717 τοῦ

255 2748 368 2825 Δοόιια
386 2756 564 2842 συναφείας
588 2756 758 2837 ἀπέτεκεν,
791 2752 1011 2842 αὐτοκράτορα
1041 2755 1096 2819 καί
1118 2755 1274 2839 δεσπότην
1296 2778 1359 2841 φη-

327 2910 352 2961 1.
372 2907 536 2995 ἀπροόρατον
556 2908 587 2964 G.

258 3045 470 3113 (argumentum)
490 3041 656 3123 propositum
676 3045 726 3103 cst,
745 3038 793 3091 scd
813 3038 891 3090 ctiam
905 3038 985 3091 valde
1001 3038 1169 3104 inaccessum
1188 3046 1297 3107 propter
1313 3038 1355 3091 fn-

257 3122 361 3167 ctorum
382 3115 518 3166 crudelem
537 3113 715 3180 asperitatem

354 3185 495 3236 Profectus
514 3186 597 3252 igitur
616 3189 657 3235 est
674 3198 723 3233 rex
740 3198 817 3234 mane
836 3183 868 3234 ad
887 3198 1028 3250 vesperum
1048 3199 1133 3251 nsque
1153 3184 1186 3235 ad
1203 3182 1352 3237 Coloneum.

233 3229 319 3314 deum
338 3263 426 3306 eutem
451 3259 522 3306 intra
545 3254 771 3337 dfelissopctrium
799 3254 954 3323 (castellum
980 3263 1020 3307 est
1039 3257 1106 3320 hoc,
1126 3256 1153 3306 in
1174 3254 1245 3307 colle
1264 3256 1352 3324 sitnm)

247 3334 345 3391 essct,
372 3335 519 3392 coeperant
544 3328 569 3377 ei
593 3325 717 3377 accidere
740 3325 819 3377 mala
863 3326 971 3379 consilii
1000 3329 1069 3378 enim
1095 3328 1152 3379 cius
1179 3327 1310 3394 particeps
1327 3334 1353 3376 et

256 3398 326 3449 belii
343 3399 479 3465 princeps,
499 3396 597 3448 Paulus
618 3411 726 3464 praeses
746 3402 840 3467 (quem
867 3415 899 3449 cx
918 3398 1087 3465 praefectura
1105 3398 1223 3457 Edessae
1242 3398 1352 3451 arcessi.

256 3477 312 3521 tum
328 3484 386 3531 rex,
404 3485 463 3520 curn
480 3469 514 3520 ad
531 3468 625 3521 Persas
644 3469 867 3535 proficisceretur,
887 3469 1095 3537 Theodosiopoli
1114 3471 1219 3523 invenit
1238 3486 1271 3521 ex
1288 3477 1352 3521 tem-

257 3554 324 3609 pore
344 3550 561 3607 procuratorem,
581 3542 643 3609 quia
661 3542 714 3592 dux
733 3558 791 3592 cum
810 3557 875 3611 rege
893 3551 985 3610 captus
1006 3550 1078 3605 crat,
1098 3549 1125 3593 ct
1143 3543 1170 3593 ir
1189 3541 1307 3593 omnibns
1323 3555 1352 3591 sc

258 3613 386 3665 adiuvare
405 3612 594 3683 arbitrabatur)
613 3620 694 3665 nocte
712 3613 820 3683 fugiens
835 3616 936 3682 regiam
950 3614 1030 3682 cepit,
1051 3630 1109 3665 cum
1123 3613 1271 3666 audivisset
1289 3612 1351 3664 facta

259 3686 291 3736 dc
312 3701 344 3736 en
364 3693 391 3739 ct
407 3694 536 3755 augustae
555 3685 704 3738 voluntate.
743 3686 811 3737 haec
831 3688 899 3737 enirn
919 3686 1063 3753 desperans
1082 3687 1154 3752 regis
1173 3684 1350 3737 liberationem

217 3783 222 3789 Δ
257 3759 400 3810 arcessivit
426 3759 505 3809 etiam
524 3759 601 3825 primi
630 3758 729 3809 viriet
753 3759 826 3826 regis
852 3758 959 3809 fratrem
985 3757 1110 3809 ioannem
1140 3758 1280 3811 Gaesarem
1298 3770 1350 3806 cum

257 3828 360 3880 dnobus
380 3830 437 3881 eins
456 3829 530 3894 filiis,
550 3844 661 3898 quorum
679 3828 747 3881 after
764 3828 931 3882 Andronicus
953 3830 1037 3881 redux
1056 3837 1113 3880 erat
1132 3844 1165 3881 ex
1178 3828 1349 3896 expeditione,

256 3904 383 3950 reversus
402 3916 450 3966 per
469 3901 567 3967 fugam.
606 3902 677 3953 misit
695 3908 783 3952 autem
803 3901 881 3951 etiam
902 3900 1009 3952 decreta
1034 3901 1066 3951 ad
1086 3917 1176 3953 omnes
1195 3900 1349 3967 provincias,

257 3969 364 4019 omnino
383 3985 437 4021 non
458 3970 591 4023 obviam'
584 3988 625 4023 ire
643 3973 765 4039 Augusto
785 3972 903 4022 iubentia
925 3978 952 4023 et
969 3974 1070 4039 regiam
1090 3973 1153 4024 huic
1172 3972 1349 4025 salutationem

256 4038 376 4091 tribucre
396 4049 423 4091 et
440 4042 576 4095 honorem.
615 4045 661 4096 sed
680 4052 819 4110 postquam
838 4042 969 4095 Caesar
962 4058 1099 4110 ingressus
1119 4051 1160 4097 est
1179 4059 1237 4095 cum
1257 4041 1348 4095 dnobus

257 4110 321 4162 filiis
341 4118 368 4161 et
385 4114 496 4179 reginae
522 4129 551 4164 se
576 4115 713 4167 coniunxit
741 4114 768 4164 in
788 4112 909 4178 palatio,
929 4123 1042 4167 mutatur
1063 4125 1156 4167 contra
1176 4131 1235 4166 cum
1259 4112 1348 4166 volun.

257 4187 298 4236 tas
324 4184 409 4236 virum
434 4182 577 4238 deiiciendi
596 4194 623 4237 et
641 4184 836 4254 persequendi.
861 4185 1030 4255 quamohrem
1056 4189 1135 4240 etiam
1163 4188 1273 4255 primum
1299 4182 1348 4237 eiua
