3017 4892
598 293 888 422 noronte-z
954 360 958 369 ·’
1035 329 1040 333 ’
1160 347 1263 455 ητί

156 521 322 612 βρικτηριά
352 523 419 592 τοίς
446 518 594 598 γέρουσι,
631 517 686 578 κατ’
707 522 782 590 παῖς
810 517 850 601 τῇ
880 516 1024 581 διαθέσει
1052 519 1109 580 καὶ
1128 519 1265 601 μιμήσει

156 621 218 702 τῆς
242 619 377 703 φάσεως.
401 615 594 699 tridentinen
616 615 651 678 dd
672 618 705 680 ἐν
728 613 809 696 ἐμοί,
830 620 886 678 καί
912 614 947 680 τά
971 614 1168 701 προφητικὸν
1185 623 1265 700 πλη·

162 715 364 801 ρωθήοεται·
410 714 547 799 ἀλήθεια
571 714 633 798 γάρ
669 715 702 778 ἐκ
721 717 778 798 τῆς
796 718 853 798 γῆς
875 718 1038 795 donesdei,
1062 719 1115 790 κατ’
1139 717 1264 780 δικαιο-

158 813 244 898 σάνρ
262 819 296 881 ἐκ
314 819 370 880 τοῦ
385 815 522 898 οὐρανοῦ
540 811 702 897 decedunt,
725 814 781 879 aui
800 814 906 890 οὐδεὶς
929 812 1017 880 ἔσται
1039 814 1191 894 καθάπαξ
1212 819 1268 882 ἐπί

159 1015 476 1112 uenenariorum?
531 1017 634 1080 ταῦτα
656 1018 763 1095 εἰπάν,
785 1018 840 1080 κατ’
853 1013 1105 1099 ουναποκράφας
1132 1011 1264 1098 ἑαυτόν,

159 1118 206 1192 ὥς
227 1115 300 1192 ἔθος
321 1125 384 1192 τοϊς
401 1120 587 1202 βασιλεῦσι,
620 1115 886 1198 παραπετάσματι
915 1115 976 1180 οὐν
996 1117 1152 1204 ειῖφημίρι,
1173 1117 1265 1198 asyd-

157 1241 250 1292 σταις
274 1219 378 1282 ἐλπίσι
401 1220 455 1282 καί
478 1215 718 1304 φιλανθρώποις
740 1222 900 1299 μετέωρον
921 1213 1094 1300 εἰργάσατο
1118 1214 1155 1280 τά
1178 1215 1265 1300 riurjo

158 1339 244 1382 κυον.
288 1315 324 1382 τέ
347 1319 375 1380 d'
398 1317 460 1382 α’πά
483 1321 576 1384 τοῦδε
596 1321 725 1400 τῆςτοόν
747 1304 944 1405 πραγμάτιον
962 1315 1114 1399 ἐχόμενος
1133 1316 1264 1402 α’ντιλή-
1307 1403 1310 1409 k

110 1421 147 1474 10
158 1432 248 1498 ψεως
278 1421 550 1506 α’νθαμιλλωμένῳ
583 1415 672 1505 ἐῴκει
707 1429 772 1493 τοῖς
797 1414 915 1483 ἑαυτοῦ
944 1417 999 1482 κατ’
1027 1419 1264 1502 προχαράττειν

157 1509 230 1582 ἄλλ’
252 1511 341 1600 άττα,
358 1522 418 1599 ,τοῦ
439 1523 598 1595 ἐπιεικοῦς
620 1524 675 1584 καί
694 1523 829 1602 μετριόο
857 1518 903 1603 μή
935 1519 1160 1603 (ἐφιστάμενος.
1204 1541 1262 1580 πε-

157 1623 269 1702 ποίηκε
293 1623 406 1684 δὲκαὶ
437 1617 590 1704 τιμήσεις,
611 1618 669 1682 καί
690 1611 770 1702 ἦσαν
793 1617 824 1682 οἱ
848 1622 1034 1700 τιμηθέντες
1066 1619 1177 1680 πολλοί
1197 1620 1263 1682 τοῖν

156 1743 193 1785 τε
217 1725 271 1803 τῆς
297 1723 418 1804 α’γοράς
443 1723 498 1784 κατ’
516 1722 569 1803 τῆς
590 1715 764 1805 συγκλῄτυυ
783 1722 911 1801 βουλῆς.
956 1712 1187 1802 docio-‘immod
1207 1717 1264 1782 κατ’
1320 1803 1323 1807 1

158 1817 236 1893 τούς
259 1813 318 1903 ἤδη
340 1819 426 1903 παρά
459 1825 515 1884 τοῦ
546 1816 606 1902 πρὸ
631 1819 733 1882 αὐτοῦ
762 1815 1023 1897 βεβασιλευκότος
1050 1821 1114 1882 τῶν
1137 1821 1262 1883 οἰκείων

115 1927 150 1980 to
161 1919 402 1995 ἐκπεπτωκότας
424 1921 543 1999 τιμῶν·
586 1917 641 1982 καί
660 1916 721 2000 γάρ
747 1921 864 1992 ἐκεῖνος
884 1915 958 1990 τούς
980 1921 1025 2004 τῷ
1037 1922 1262 2001 καθαιρεθέντι
1335 1930 1338 1944 '

159 2023 237 2101 παρ’
269 2018 369 2083 ου’τοῦ
394 2023 527 2100 βασιλεῖ
551 2021 850 2106 προσῳκειωμένους
876 2017 1013 2092 πολλοὺς
1044 2015 1138 2096 ὅσους
1157 2045 1263 2102 παγα-

160 2120 233 2194 νοὺς
254 2121 287 2196 ἐξ
310 2121 442 2206 ἐντίμων
464 2121 632 2200 α’πέδειξε,
663 2121 717 2182 καί
743 2119 788 2194 εἰς
816 2116 873 2193 τάς
903 2121 996 2202 οφοῖν
1030 2121 1138 2197 αὐτοῦ
1172 2121 1262 2199 ιίξίας

158 2216 253 2284 πάλιν
276 2213 293 2280 ὅ
315 2215 444 2293 Δοάκας
466 2221 689 2284 άιεκαλέσατο.

253 2311 320 2383 Ἔτι
341 2321 376 2382 δὲ
397 2322 453 2382 rori
486 2316 624 2402 κράτους
655 2319 745 2408 ου’τρλ
774 2324 1052 2401 ουναυξανομένοο
1082 2323 1198 2408 ἐπέστη
1220 2319 1258 2383 τά

114 2423 210 2502 λθτῆς
232 2421 371 2487 ἐπετείου
388 2415 498 2502 ἑορτῆς
519 2425 577 2521 τορῖ
596 2424 629 2484 ἐν
649 2421 789 2503 μάρτυσι
806 2418 1010 2505 περιωνύμου
1035 2417 1128 2504 άνιόυ
1148 2423 1180 2485 Γ
1177 2445 1261 2504 εωρ-

157 2524 238 2601 yr'av.
282 2518 364 2601 μετά
395 2523 430 2584 dt
461 2519 517 2602 τήν
542 2525 600 2586 τοῦ
619 2524 710 2587 θείου
735 2521 847 2602 πάσχα
875 2520 1029 2606 σωτήριον
1058 2525 1260 2608 ἐπιφοίτηοιν

158 2619 211 2684 καί
231 2619 247 2684 ὅ
268 2621 440 2702 βασιλεύς,
470 2620 512 2696 ὥς
536 2613 574 2705 ἦν
600 2623 663 2686 α’πὸ
698 2625 753 2686 τοῦ
785 2621 984 2705 Μονομάχου
1014 2627 1287 2703 τεθεοπισμένονῐ.
1303 2634 1358 2689 ’181
1375 2649 1402 2689 τ.

160 2718 235 2796 τούς
263 2719 341 2786 κατά
373 2720 432 2806 τήν
464 2721 588 2806 ἡμέραν
615 2728 758 2804 βασιλεῖς
795 2725 840 2801 εἰς
861 2721 897 2786 τὸ
930 2726 988 2788 τοῦ
1015 2723 1110 2806 ἁγίου
1142 2722 1259 2807 φοιτᾶν

231 2915 255 2966 1.
276 2917 356 2985 παῖς]
377 2915 451 2970 πάσι
468 2913 584 2972 adoro?
691 2918 716 2969 2.
736 2903 922 2985 cddqriorror
939 2916 969 2971 G.

159 3115 200 3151 me
220 3107 247 3150 et
265 3097 421 3150 vaticinium
440 3098 652 3152 confirmabitrn:
673 3100 773 3154 veritos
792 3101 863 3150 enim
882 3108 986 3152 eterra
1004 3099 1107 3151 orietur
1127 3106 1154 3149 et
1178 3100 1259 3150 iusti.

97 3221 100 3228 ,
160 3173 195 3222 tio
214 3187 228 3222 e
248 3171 325 3240 coelo
344 3185 374 3222 se
393 3170 533 3235 deflectet,
552 3186 641 3240 neque
660 3173 797 3241 quisquam
816 3173 924 3224 omnino
943 3173 995 3224 erit
1011 3171 1111 3223 nostris
1128 3171 1259 3236 tempori.
1285 3228 1295 3236 ,

160 3242 206 3294 bus
232 3243 330 3309 gemitu
362 3250 390 3294 st
417 3242 480 3298 fletu
507 3251 536 3294 et
559 3251 637 3310 raptu
655 3245 753 3296 iniusto
773 3243 910 3296 confusus.
947 3243 1017 3295 haec
1034 3258 1093 3293 cum
1111 3242 1216 3292 diceret
1233 3247 1261 3290 et

161 3312 306 3366 occultaret
332 3329 361 3364 se
387 3322 415 3365 ut
439 3328 496 3382 mos
519 3311 563 3367 ‘est
580 3315 689 3382 regibus
708 3316 827 3383 tegmine
845 3331 904 3366 curn
923 3314 1119 3376 benedictione,
1139 3311 1259 3362 maximis

162 3385 401 3450 exspectationibus
430 3395 457 3436 et
482 3385 602 3440 humanis
629 3386 713 3438 elatos
741 3387 856 3438 reddidit
873 3386 1017 3439 subiectos.
1056 3385 1152 3436 deinde
1170 3392 1259 3433 antem

161 3454 269 3520 imperio
285 3463 395 3521 recepto
409 3457 548 3512 videbatur
562 3467 666 3510 certare
679 3473 779 3522 secum,
799 3467 827 3510 et
842 3458 998 3510 adumbrare
1009 3459 1126 3509 invicem
1137 3454 1258 3506 clemen.

161 3526 221 3576 tiam
242 3531 267 3573 et
280 3525 434 3576 modestiam
447 3542 500 3578 nou
517 3531 670 3581 desistebat.
709 3530 775 3581 fecit
791 3539 877 3582 autem
893 3531 972 3581 etiam
983 3530 1117 3582 honores:
1137 3534 1165 3577 et
1184 3532 1260 3575 erunt

163 3595 283 3645 honorati
307 3594 384 3644 multi
410 3612 443 3646 ex
468 3598 510 3661 iis,
536 3601 627 3666 quiin
654 3600 712 3650 foro
739 3609 767 3652 et
790 3609 884 3653 senatu
910 3610 994 3652 erant.
1030 3599 1148 3651 restituit
1171 3603 1260 3646 autem

164 3666 240 3715 etiam
260 3679 306 3714 eos
326 3665 371 3731 qui
391 3667 441 3716 iam
460 3682 476 3716 a
494 3669 633 3734 superiore
651 3685 717 3735 rege
737 3672 822 3734 patria
837 3672 916 3720 eiecti
937 3679 1015 3721 erant
1028 3671 1171 3721 honorans.
1215 3673 1260 3714 et.

165 3736 231 3786 enim
250 3734 298 3785 ille
317 3750 393 3802 quam
412 3735 550 3802 plurimos,
570 3738 616 3805 qui
635 3741 693 3806 regi
712 3754 728 3788 a
746 3755 777 3790 se
795 3739 1065 3790 subiato-familiares
1085 3736 1206 3798 fuerunt,
1232 3736 1260 3785 io

163 3819 278 3875 paganos
305 3809 416 3858 mutavit
442 3823 475 3858 err
500 3808 647 3871 honoratis,
674 3816 752 3877 atque
779 3809 827 3860 bos
852 3811 879 3860 in
904 3810 975 3876 ipsas
1001 3824 1092 3859 eorum
1116 3806 1259 3874 dignitates

163 3894 251 3930 rursus
270 3877 358 3928 Duces
384 3879 532 3931 revocavit.

259 3966 313 4021 lam
333 3981 399 4018 vero
418 3968 516 4018 robore
536 3969 559 4018 ei
580 3975 658 4019 aucto
677 3967 792 4020 instabat
810 3969 971 4034 festusdies,
983 3969 1028 4037 qui
1047 3969 1189 4036 quotannis
1209 3986 1258 4022 ce.
1321 3992 1324 3997 ·

163 4037 294 4101 labentur,
323 4037 435 4090 illustris
459 4041 685 4104 interrmartyres
714 4041 799 4092 saneti
824 4040 944 4108 Georgii.
981 4048 1042 4111 post
1066 4041 1150 4092 diuini
1169 4050 1256 4094 nutem

164 4109 220 4162 iesti
247 4108 359 4160 inustum
385 4110 526 4162 adventum
546 4113 624 4162 etiam
643 4127 691 4162 rex
710 4120 738 4163 nt
757 4119 814 4163 erat
832 4113 895 4164 inde
912 4129 928 4162 a
946 4111 1121 4165 Monomacho
1140 4114 1257 4180 impero.

165 4187 224 4243 tum,
244 4187 273 4230 ut
292 4182 337 4248 qui
356 4187 410 4233 tum
431 4190 522 4235 essent
539 4197 619 4251 reges
638 4185 671 4236 ad
690 4185 774 4236 sancti
792 4186 864 4236 irent
880 4184 1043 4252 martyrium,
1062 4183 1108 4236 ubi
1126 4186 1184 4251 ipse
1209 4199 1259 4236 ac-

167 4249 252 4303 diiieia
270 4251 410 4319 splendida
429 4261 457 4304 st
479 4256 597 4320 pretiosa
616 4263 644 4306 et
661 4255 773 4324 regibus·
789 4264 851 4322 ποτε
869 4257 1051 4321 constituerat,
1071 4263 1101 4307 ut
1118 4256 1260 4323 igiturex.
