3017 4892
268 333 310 406 ’8
569 329 787 407 utculunrs
824 334 1083 431 anemonas

176 577 178 582 ,
287 499 434 587 ἔφαμεν,
458 495 681 581 εἰσενηνοχότα
711 496 768 580 τήν
789 498 1024 584 χρησιμότητα,
1055 495 1247 563 διδασκαλίαι
1273 499 1398 585 σαφής

165 674 182 688 ι
287 603 524 684 χρηματίζοντα
549 600 603 661 καί
625 596 753 683 ῥυθμός
776 603 837 664 τῶν
857 604 1040 679 μετέπειτα,
1060 597 1138 680 πρὸς
1158 599 1292 684 μίμησιν
1313 601 1402 665 α’τε-

285 702 371 784 χνάς
392 703 522 765 ἕλκοντα
546 701 607 762 τῶν
630 691 666 762 τό
690 686 935 781 διακεκριμένων
952 697 1008 763 καί
1017 697 1200 784 άποτροτιήν
1209 702 1271 764 τάν
1281 702 1401 781 α’σομ-

285 797 408 883 βαόλως
429 805 483 864 καί
510 802 669 874 δυσκλεῶς
694 804 924 883 πεπραγμένων
945 797 979 864 έν
1000 804 1150 881 πολέμοις
1177 799 1234 865 καί
1266 799 1401 884 μάχαις

286 905 341 965 καί
350 887 480 977 ’λοιποῖς
502 896 764 984 ἀναγκαιοτάτοις
786 901 1014 983 ἐπιχειρήμασι
1034 900 1091 964 καί
1105 898 1319 985 προβλήμασι.
1342 899 1428 966 διόὸ

286 999 324 1084 δή
350 1000 436 1078 ἔδοξε
460 1003 577 1083 κάμοί,
608 1006 711 1066 καίτοι
740 1004 874 1085 μορίαις
906 1002 1073 1083 α’σχολίαις
1098 999 1229 1066 άλόοντι
1251 1002 1327 1083 περί
1350 995 1393 1066 τό

286 1098 503 1184 στρατόπεδον
525 1101 580 1164 καί
599 1105 792 1175 δικαστικοῖς
816 1097 976 1183 διαλόγοις
997 1101 1049 1164 οἶοί
1069 1103 1323 1190 περιδονοομένρι
1335 1102 1398 1166 καί

236 1291 238 1299 ‚
287 1195 360 1266 ὅσοι
383 1192 466 1282 cipue
490 1187 561 1278 τοῖς
577 1207 610 1281 ἐξ
628 1201 735 1266 αὐτῶν
758 1201 988 1284 συγγράμμασι
1013 1201 1185 1281 κάμνοντι,
1204 1201 1394 1286 προσθήκην

286 1305 460 1386 ἐμποιῆσαι
481 1312 544 1378 τοῖς
566 1299 673 1377 πόνοις
696 1306 750 1365 καί
768 1298 867 1393 μικρά
891 1294 971 1366 άττα
994 1304 1157 1382 διαλαβεῖν
1183 1307 1306 1387 βραχεῖ
1323 1327 1392 1367 τινι

287 1397 407 1488 ῥήματι
430 1404 484 1466 καί
506 1403 643 1490 άπλοῖκρῑ
656 1453 666 1484 ,
698 1401 783 1484 καθά
806 1403 958 1486 προσήκοι
981 1412 1047 1478 τοῖς
1070 1401 1212 1485 ἱστορίας
1243 1399 1392 1519 σογχροὶ-
1403 1415 1439 1468 10

287 1524 426 1587 φονσιν,
458 1497 507 1567 ότι
527 1501 571 1585 μή
599 1497 806 1586 άγαινιστικός
829 1500 846 1566 o‘
867 1499 958 1585 λόγος
980 1505 1035 1567 καί
1055 1499 1108 1566 διά
1128 1502 1219 1566 rorico
1240 1505 1389 1580 μέθοδον

288 1600 519 1685 προσδεόμενος
543 1601 713 1685 τεχνικῆς,
745 1602 813 1666 ἄλλ’
844 1599 1001 1686 ἱστορικός
1033 1606 1086 1667 καί
1109 1600 1240 1686 διπλόης
1262 1599 1391 1682 άαόοης

286 1700 341 1766 καί
362 1703 585 1786 ἀκαιρολογίας
607 1697 789 1791 ¹aivru‘rapoc,
820 1707 894 1786 πιρί
924 1693 970 1768 ὧν
999 1705 1057 1767 oria
1088 1703 1166 1789 άκοῇ
1187 1700 1243 1766 καί
1266 1703 1389 1781 μάθοις

285 1799 399 1886 ἑτέρων
423 1807 613 1885 παρέλαβον,
627 1805 695 1868 ἄλλ’
718 1796 762 1868 τόν
785 1801 885 1879 αιίτός
907 1802 1067 1886 αάτόπτης
1079 1807 1134 1868 καί
1154 1800 1274 1884 θεατής
1288 1803 1401 1884 έχρη-”

284 1901 417 1985 μάτισα,
442 1903 558 1989 ἵναμή
582 1898 683 1991 λήθης
701 1903 880 1988 βοθοίςδιά
907 1906 963 1987 τῆς
983 1906 1041 1969 tori¹
1059 1903 1178 1986 χρόνον
1202 1902 1389 1984 παραρροής
1400 1914 1433 1968 15

286 1999 325 2068 τά
348 2002 442 2085 λόγου
465 2008 520 2068 καί
542 1999 616 2084 ἄξια
639 2011 869 2090 σογχωοθιΐιν,
890 2004 971 2070 άλλά
994 2002 1050 2089 τήν
1071 2001 1198 2090 μνήμην
1222 1999 1386 2066 άθάνατον

289 2101 416 2187 ἔχωσιν.

146 2229 189 2283 ’.,
211 2225 280 2285 1034
379 2197 473 2288 ”Apu
497 2204 536 2270 τά
548 2203 714 2288 Ῥωμαίων
730 2210 875 2290 σκῆπτρα
897 2210 1058 2282 διέποντος
1079 2207 1137 2270 τοῦ
1153 2207 1210 2288 τῆς
1231 2204 1387 2285 acceperis

149 2300 404 2392 1Ῑ·ᾸΙ)ΓῙΙλη’)ξεως
424 2310 580 2389 βασιλέως
605 2308 752 2392 Μιχαήλ,
776 2299 800 2396 ᾧ
824 2307 937 2391 πατρίς
960 2307 978 2392 ή
998 2308 1058 2373 τῶν
1072 2307 1311 2398 ’Παφλαγόνων
1332 2306 1387 2387 έγ-

286 2413 437 2491 νοιρίζετο
465 2408 630 2492 ἐπαρχία,
665 2407 906 2494 κατιπολεμήθη
927 2407 962 2475 τό
991 2412 1055 2474 τάν
1083 2408 1265 2490 ’Λγαρηνῶν
1285 2406 1427 2492 φόλονγρ

288 2507 367 2591 πρός
388 2505 526 2596 ἑσπέραν
547 2514 579 2575 ἐν
600 2513 726 2598 Σικελίηι
749 2518 910 2586 ναυτικαῖς
933 2533 964 2574 τε
989 2513 1045 2576 καί
1065 2510 1208 2586 πεζικαῖς
1218 2506 1384 2587 Ῥωμαίων

357 2695 383 2748 3.
403 2649 483 2751 ἕλκον
500 2694 531 2750 0.
656 2695 682 2747 8.
701 2694 847 2769 κάμνοντα
866 2695 897 2750 0.
1021 2693 1054 2750 14
1071 2694 1193 2766 διαίρων
1210 2690 1248 2746 (lt
1267 2689 1384 2745 correxit

357 2766 501 2821 anetas.
1357 2785 1362 2801 .

286 2921 401 2974 victoria
418 2923 470 2972 iam
488 2923 606 2975 arridere
625 2931 718 2976 coacta
737 2931 810 2977 esset
826 2925 871 2989 iis,
891 2923 1044 2977 deleverint
1069 2923 1197 2976 meliores
1221 2935 1301 2988 apes,
1328 2933 1382 2972 uoa

286 2993 431 3060 prudenter
449 2992 490 3044 usi
510 2993 624 3046 casibus.
662 2994 729 3046 haec
754 2996 838 3062 igitur
855 3011 907 3063 per
925 2996 1063 3048 historiam
1080 2995 1203 3057 detecta,
1227 3007 1286 3043 cum
1310 2990 1381 3043 mul.

286 3071 348 3128 mm,
369 3072 399 3115 ut
418 3065 540 3127 diximus,
560 3066 700 3118 attulerint
718 3066 878 3129 utilitatem,
897 3068 1030 3119 institutio
1048 3066 1197 3132 sapientiae
1222 3070 1264 3115 eat
1289 3063 1314 3113 ei
1337 3063 1381 3130 qui

286 3134 366 3187 rebus
384 3137 492 3189 summis
516 3145 639 3202 praeest,
666 3145 692 3187 et
717 3138 865 3189 moderatio
888 3138 1005 3204 posteris
1031 3137 1206 3188 imitationem
1228 3133 1382 3186 necessario

287 3207 406 3257 excitans
425 3205 495 3256 bene
514 3207 716 3258 diiudicatorum
737 3216 764 3258 et
786 3209 1082 3271 aversionemeorum,
1107 3221 1176 3275 quae
1189 3204 1382 3272 'imprudenter

287 3284 314 3328 et
331 3277 390 3327 sine
408 3275 497 3344 gloria
515 3284 592 3345 gesta
611 3284 672 3328 suut
689 3279 717 3329 iu
735 3276 816 3330 hellis
831 3286 858 3329 et
875 3267 987 3345 proeliis
1008 3286 1035 3330 et
1049 3278 1148 3331 ceteris
1160 3277 1381 3327 maximenecea-

285 3346 487 3412 sariiainoeptis
503 3346 745 3400 eldilhcultatibus.
766 3357 909 3417 propterea
922 3349 1004 3418 igitur
1023 3349 1109 3400 uisum
1128 3355 1170 3399 est
1187 3347 1253 3397 mihi
1267 3360 1381 3413 quoque,

284 3417 351 3469 lieet
369 3417 606 3470 innumerabilibus
624 3420 742 3487 negotiis
760 3419 865 3474 turbato
884 3421 925 3472 rei
940 3420 1061 3472 militaris
1072 3427 1099 3470 et
1117 3418 1263 3470 iudiciariis
1272 3424 1392 3473 contro„

285 3487 383 3540 venalis
403 3489 518 3540 excitato
531 3497 557 3540 et
574 3489 683 3541 multum
702 3498 807 3558 tempus
820 3493 919 3558 scripta
932 3491 1024 3543 talium
1034 3505 1121 3542 rerum
1136 3487 1278 3554 laboranti,
1289 3501 1381 3539 acces-

286 3560 388 3610 sionem
409 3558 499 3611 lacere
518 3559 654 3612 laboribus
674 3569 701 3613 et
720 3577 805 3628 pauca
824 3564 952 3631 quaedam
971 3560 1200 3627 comprehendere
1218 3559 1296 3610 bravi
1311 3571 1381 3625 qno.

286 3631 343 3682 dam
363 3625 612 3700 orationia‘genere
632 3642 659 3684 et
677 3633 792 3700 simplici
813 3635 867 3702 (uti
886 3635 966 3686 decet
985 3632 1155 3684 historiarum
1174 3626 1320 3697 scriptores
1329 3627 1380 3680 nisi

286 3703 371 3753 oratio
391 3703 426 3753 ait
445 3717 459 3751 e
478 3718 580 3771 genere
600 3703 808 3773 disputationum
828 3713 855 3757 et
872 3710 1015 3772 propterea
1033 3703 1150 3754 methodi
1169 3709 1299 3768 appetens
1316 3700 1381 3751 arti.
1454 3699 1467 3710 “

285 3773 479 3835 dciosae‚-aed
499 3775 627 3827 historica
653 3783 680 3827 et
698 3774 861 3828 abundantia
888 3776 959 3827 omni
986 3783 1013 3826 et
1036 3773 1200 3840 loquacitate
1228 3771 1381 3840 superior),

286 3843 318 3894 de
336 3844 380 3906 iis,
401 3858 469 3911 quae
487 3860 542 3896 non
562 3846 641 3898 laudo
661 3854 706 3898 aut
724 3846 891 3899 sermonibus
910 3846 1022 3898 aliorum
1042 3845 1204 3912 acceperim,
1223 3844 1270 3896 aed
1288 3842 1381 3912 quibua

285 3914 343 3980 ipse
361 3915 438 3966 testis
461 3921 488 3964 et
506 3924 641 3983 spectator
659 3919 843 3980 interfuerim,
862 3932 896 3967 ne
922 3917 1067 3969 oblivionis
1091 3915 1266 3984 voraginibus
1294 3913 1381 3966 flucti-

285 3983 334 4034 bus
353 3986 480 4051 temporia
499 4002 567 4053 quae
581 3990 737 4046 narratione
756 3989 835 4039 etiam
855 3987 934 4054 digna
953 3988 1015 4050 sint,
1034 3985 1239 4050 conlaudautur,
1259 3986 1305 4038 sed
1324 4000 1381 4036 ma-

284 4055 395 4106 moriam
414 4055 587 4108 immortalem
605 4061 803 4112 nanciscantur.
1359 4078 1364 4087 ·

384 4139 474 4208 lluper
493 4143 630 4210 imperium
650 4147 810 4200 Graecorum
828 4153 941 4213 gerente
959 4162 1025 4217 rege
1043 4149 1089 4214 pia
1097 4152 1182 4198 morte
1191 4145 1318 4198 defuncto
1332 4145 1380 4197 li·-

288 4208 393 4279 chaale,
413 4213 455 4266 oui
475 4215 559 4283 patria
578 4213 778 4288 Paphlagonum
797 4217 937 4286 provincia
956 4217 1158 4282 nobilitabatur,
1175 4214 1280 4300 bellum
1295 4213 1382 4268 intulit
